1919 2511
708 123 909 174 (Ξ)
1523 139 1543 169 r

67 221 218 257 intrasse.
264 219 380 261 Neque
405 218 495 250 enim
519 222 694 261 propterea
719 218 847 258 solum,
871 216 961 260 quod
989 216 1022 250 id
1044 217 1112 261 lege
1133 218 1223 261 legia
1244 219 1492 264 requireretur,
1512 230 1532 253 a

67 276 168 314 literis
199 273 453 312 humanioribus
486 274 672 307 studiorum
696 274 978 325 Academicorum
1006 274 1137 307 initium
1168 275 1263 314 fecit,
1282 275 1355 318 sed
1383 275 1528 319 diutius,

25 352 28 354 v
66 343 169 376 qnam
192 332 310 375 vulgo,
331 331 367 363 in
386 328 448 362 illis
469 331 673 372 consistenS,
696 341 771 363 eam
791 340 868 365 cuin
889 329 1005 370 iisdem
1024 317 1281 363 familiaritatem
1304 337 1535 375 conflasti-at,

67 395 105 425 ut}
130 390 166 425 in
193 389 232 421 iis
257 386 408 424 habitare
436 387 518 420 velle
544 387 731 425 vider3etur
763 397 871 429 neque
892 387 928 419 in
952 386 1092 419 Graecis
1112 387 1221 420 solum
1246 392 1279 420 et
1302 389 1430 421 Lat-inis
1450 390 1537 422 seii-

68 443 382 489 ptorihusstudiose
403 443 585 480 tractandis
608 453 667 486 per
684 443 797 485 plures
819 454 924 483 annos
947 449 1099 478 versatus
1121 449 1189 485 est,
1212 443 1271 477 sed
1289 443 1325 478 in
1349 446 1534 485 Orientales

66 512 198 547 quoque
225 506 398 543 tantopere
427 500 602 542 incubuit,
635 505 671 533 ut
700 501 756 534 vix
782 511 802 532 a
827 500 997 543 proposito
1026 499 1079 531 his
1105 509 1141 532 se
1166 505 1276 533 totum·
1296 500 1452 535 tradendi
1477 501 1539 534 de·-

64 559 202 594 sisteret.
249 558 395 589 Firmius
420 562 533 590 tamen
555 555 663 598 stetit,
695 555 783 600 quod
804 556 896 598 prius
919 560 1051 599 ceperat
1074 556 1248 589 consilium
1261 582 1272 599 ‚
1296 558 1454 602 quidquid
1473 558 1538 590 ha.-

63 620 247 651 rmn-esset
260 613 529 649 lucubrationum
547 614 590 648 ad
607 614 820 657 Theologiam
830 637 840 654 ,
864 618 1024 656 tanquam
1042 613 1194 646 omnium
1208 613 1396 657 studiorum
1414 615 1534 656 finem,

65 671 263 709 conferendi.
317 672 460 709 Factum
491 670 586 703 bene.
637 670 746 703 Nimi1
748 680 806 703 um
836 670 885 703 sic
917 669 1019 702 literis
1047 671 1214 703 institutus
1243 676 1343 715 atque
1368 671 1536 713 imbutus,

63 727 158 768 facile
186 725 353 771 percepit,
386 728 421 760 in
446 726 626 771 disciplinis
650 726 796 770 Theolog
780 724 856 758 <sicis
876 736 940 758 eas
953 726 1139 769 principem
1162 733 1274 760 tenere
1300 729 1430 770 locum,
1463 729 1540 772 qui-

61 783 125 817 hus
148 783 192 816 ad
217 785 306 827 ipsos
335 783 505 817 doctrinae
527 784 735 817 Christianae
759 783 865 818 fontes
892 782 1060 826 aperiatur
1080 784 1199 817 aditus.
1246 788 1421 818 Summam
1440 785 1538 829 igitur

63 849 202 882 operam
216 845 315 882 atque
330 839 529 872 industriam
543 840 579 872 in
592 839 771 882 legitimam
786 847 960 872 sacrorum
977 839 1139 873 librorum
1154 842 1457 884 interpretationem
1473 843 1540 875 im-

62 894 187 938 pendit.
221 896 373 938 Intellexi·
386 901 499 929 autem
508 920 518 937 ‚
539 907 617 928 eum
633 895 670 928 in
686 894 843 927 omnibus
855 897 1005 938 germani
1021 895 1213 939 interpretis>
1228 896 1539 941 partibusmdiligen-

63 950 191 986 tissime
220 952 390 995 explendis
415 952 552 986 critices
572 953 682 986 studio
702 962 915 995 summopere
940 952 1113 995 delectari,
1136 953 1321 997 traditaque
1342 953 1420 986 mihi
1441 953 1540 986 iden-

62 1007 226 1049 tidemssin
243 1008 309 1046 hac
332 1014 403 1042 arte
425 1009 600 1042 tractanda
622 1010 778 1042 scientiae
795 1015 827 1049 et
854 1008 1040 1053 sagacitatis
1063 1011 1246 1053 specimina
1271 1016 1444 1055 tantopere
1461 1011 1537 1055 pla-

63 1069 205 1098 cnei-unt
220 1089 232 1106 ‚
262 1069 299 1098 ut
328 1066 425 1099 multi
454 1066 580 1100 laboris
613 1076 759 1110 ususque
794 1066 858 1105 late
886 1067 1030 1109 patentis
1066 1077 1151 1110 opus
1186 1067 1217 1100 ei
1246 1068 1480 1101 commendare
1506 1074 1540 1101 et

64 1121 270 1161 committere
298 1132 369 1155 non
399 1112 652 1157 dubitaverim.v
688 1124 794 1166 Cujus
822 1122 1023 1167 exsequendi
1056 1123 1265 1167 suppeditata
1298 1125 1362 1168 ipsi
1389 1124 1539 1157 subsidia

66 1187 169 1226 quam
194 1180 341 1222 gnaviter
363 1186 396 1213 et
412 1181 578 1225 ingeniose
601 1187 699 1225 atque
721 1181 860 1215 omnino
883 1185 1038 1213 accurate
1055 1178 1266 1223 adhibuerit,
1289 1192 1330 1214 ex
1352 1179 1539 1224 Specimine

63 1233 100 1271 in
120 1234 230 1267 lucem
249 1236 412 1279 producto
429 1238 526 1281 periti
550 1238 673 1271 haruin
694 1248 810 1271 rerum
828 1236 1056 1270 aestimatores
1081 1236 1237 1278 judicent.
1282 1239 1333 1270 Ita
1353 1247 1434 1271 sane
1454 1236 1539 1270 haec

64 1292 249 1334 praestitit,
281 1298 313 1325 et
337 1304 475 1328 omnem
497 1295 684 1329 studiorum
710 1295 875 1329 rationem
900 1293 955 1335 sic
968 1292 1108 1326 instituit
1131 1298 1162 1326 et
1187 1298 1384 1336 persecutus
1407 1298 1479 1335 est,
1501 1297 1537 1326 ut

63 1355 165 1383 nemo
189 1358 259 1382 non
284 1349 421 1393 dignum
449 1352 507 1385 tali
534 1353 655 1394 Patre,
681 1362 747 1395 quo
772 1357 872 1385 natus
902 1355 971 1392 est,
1006 1349 1111 1382 filium
1139 1356 1305 1393 agnoscat.
1360 1353 1422 1384 Est
1443 1349 1544 1385 vobis

62 1402 220 1439 Q'mnibus
243 1411 342 1439 notus
368 1408 418 1442 vir
440 1408 622 1451 plurimum
653 1407 884 1448 venerandus,
915 1405 1081 1440 miliens
1104 1418 1292 1443 ΔιοΑΝΝιῑε
1322 1418 1534 1447 nnRMouT,

64 1465 239 1492 sacrorum
262 1462 298 1494 in
325 1463 475 1496 Ecclesia
501 1465 643 1507 Hagana
670 1464 837 1504 AntisteS,
869 1463 1116 1506 eorundemque
1144 1462 1298 1494 Minister
1326 1463 1472 1504 aulich
1505 1467 1537 1495 et

69 1513 204 1547 Ordinis
225 1518 348 1550 Leonis
370 1519 490 1562 Belgici
505 1521 641 1562 Eques,
661 1520 715 1554 ⁴vir
734 1519 826 1552 haud
844 1518 1021 1563 vulgariter
1039 1519 1165 1552 doctus-
1179 1524 1210 1551 et
1236 1519 1405 1551 oratoriae.
1419 1528 1536 1551 sacrae

65 1568 221 1603 facultate
244 1583 322 1605 cum
345 1575 460 1617 paucis
490 1575 753 1618 comparandus,
776 1576 858 1618 qui„
876 1586 944 1619 quo
969 1576 1041 1619 ipse
1067 1575 1202 1618 flagrat,
1227 1575 1398 1608 literarum
1422 1585 1535 1607 amore

63 1624 297 1661 ardentissimo
326 1629 431 1663 filium
463 1630 604 1673 imbuit,
635 1636 667 1663 et
691 1632 818 1675 regiam
844 1631 934 1666 viam
967 1632 1010 1665 ad
1042 1632 1187 1665 honores
1213 1632 1281 1666 veri
1303 1630 1449 1664 nominis
1470 1631 1534 1674 ipsi

66 1687 348 1720 commonstravit.
393 1688 500 1720 Nemo
524 1699 594 1721 non
619 1688 675 1720 tali
700 1689 793 1721 Patri
815 1689 914 1726 talem
938 1689 1043 1721 filium
1065 1688 1256 1732 gratuletur.
1299 1704 1301 1706 ·

105 1738 207 1779 Adest
231 1752 362 1785 quoque
374 1743 484 1786 alter,
506 1743 625 1780 iisdem
649 1745 685 1777 in
709 1744 887 1788 Theologia
910 1744 1092 1779 honoribus
1119 1745 1237 1777 eodem
1258 1755 1278 1778 a
1305 1754 1362 1777 me
1387 1745 1453 1777 ritu
1475 1753 1533 1778 soff

55 1794 153 1834 <leani
175 1796 395 1833 decorandus.
438 1803 500 1834 Est
518 1800 548 1835 is

268 1885 518 1921 JACOBUS
559 1889 810 1922 JOAN'NES
854 1891 1330 1931 BURGERHOUDT,

62 1963 140 2008 qui,
162 1964 295 2000 definito
319 1968 472 2002 nondum
492 1980 634 2004 numero
657 1962 916 2006 Candidatorum
928 1998 939 2015 ,
961 1975 998 2007 in
1023 1985 1106 2018 quos
1127 1977 1330 2008 Doctoratus
1354 1972 1535 2005 saeculari—

63 2021 129 2054 bus
153 2023 355 2063 Academiae
380 2027 648 2062 concelebrandis
676 2031 772 2062 More
796 2031 966 2071 Majorum
994 2030 1215 2063 conferendus
1236 2034 1341 2070 esset,
1369 2034 1401 2061 et
1428 2039 1533 2071 quum

64 2077 228 2115 incertum
255 2081 443 2126 videretur,
456 2119 458 2121 ,
471 2094 516 2118 an
540 2095 582 2118 ex
616 2086 751 2129 singulis
782 2085 1012 2120 Facultatibus
1042 2085 1192 2128 adfuturi
1223 2091 1356 2127 essent,
1383 2083 1441 2128 qui
1469 2084 1534 2116 hoc
1571 2088 1573 2090 ’

1472 2139 1535 2173 deff
