1919 2511
331 112 561 142 RESPONSIO
589 120 633 141 AD
664 110 974 150 QUAESTIONEM
1005 111 1334 146 THEOLOGICAM.
1560 123 1603 153 45⁷-

73 213 95 230 „
115 203 171 230 que
193 201 272 223 extra
294 203 355 223 eam
374 216 383 229 ‚
415 201 536 232 propter
561 202 683 222 amorem
711 192 765 223 Dei
796 199 825 222 et
856 192 1032 222 Sanctorum
1056 194 1147 230 ejus;
1179 195 1296 223 adorare
1323 205 1392 224 vero
1418 205 1463 225 eas
1488 205 1598 233 nequa·

77 264 97 281 ‚‚
117 253 200 280 quam
221 246 371 282 cogimus,
395 246 444 282 qui
470 246 651 281 noluerunt;
673 244 802 281 frangere
825 252 895 273 vero
921 252 967 272 eas
987 245 1034 273 vel
1058 245 1226 281 destruere,
1259 246 1368 274 etiamsi
1399 248 1464 283 quis
1491 250 1595 277 volue-

76 313 96 330 ,‚
116 294 173 330 rit,
194 304 254 324 non
277 296 507 332 permittimus.'’
546 296 618 325 En!
640 294 914 325 Francofurdienses
939 296 1023 330 plane
1047 296 1171 324 eamdem
1192 305 1261 324 cum
1283 297 1514 327 Nicaenensibus
1540 300 1594 327 do·

71 344 193 381 cti-inam*
216 346 403 382 profitentur.
443 347 499 375 Sed
523 348 704 377 mehercule!
733 345 847 375 Minois
872 345 1067 381 labyrinthum
1093 355 1124 374 se
1147 346 1309 383 ingressum
1335 348 1427 384 sciat,
1453 349 1504 384 qui
1519 349 1591 378 hanc

71 396 268 431 quaestionem
294 397 433 433 tetigerit.
471 398 591 427 Etenim
612 399 643 427 in
663 398 749 427 alium
776 397 916 426 librorum
942 396 1148 426 Carolinorum
1171 399 1268 426 locum
1286 398 1407 428 offendit
1431 399 1469 428 ita
1488 408 1593 429 sonan-

69 452 147 476 tem:
189 466 209 483 „
227 447 369 484 Imagines
391 456 479 485 vero,
501 449 578 479 omni
606 450 653 478 sui
675 451 757 479 cultu
781 454 808 476 et
831 447 997 476 adoratione
1022 449 1136 477 seclusa
1150 469 1160 484 ,
1190 456 1286 478 utrum
1311 450 1346 479 in>
1366 449 1498 479 Basilicis
1522 459 1592 486 pro-

73 517 92 532 „
111 503 177 534 pter
196 500 359 531 memoriam
381 508 474 529 rerum
495 507 637 537 gestarum
659 507 687 529 et
710 505 907 529 ornamentum
928 498 1007 535 sint,
1035 508 1070 527 an
1089 499 1171 528 etiam
1191 509 1255 529 non
1277 501 1356 536 sint,
1385 502 1497 530 nullum
1524 500 1591 529 fidei

70 566 89 584 „
109 540 266 578 catholicae
289 550 399 579 adferre
423 551 531 587 poterit
547 551 774 589 praejudicium,
798 550 907 587 quippe
933 550 968 578 de
987 551 1156 587 peragendis
1179 559 1294 581 nostrae
1319 553 1419 582 salutis
1446 554 1590 589 mysteriIS

69 595 219 635 „nullum
244 602 361 637 penitus
380 603 503 631 officium
527 603 631 632 habere
657 599 850 632 noscantur.”
889 600 946 629 Hic
972 601 1031 629 loci
1055 610 1157 631 rursus
1185 604 1314 632 adoratio
1336 605 1530 642 reprobatur,
1553 606 1589 634 de

64 651 248 680 veneratione
271 660 308 680 ne
334 653 454 682 verbum
483 654 618 691 quidem;
640 652 815 690 permittitur
838 659 948 681 tantum
972 661 1066 689 usus,
1090 655 1169 690 quod
1185 657 1284 693 ajunt,
1310 657 1484 687 historicus.

103 702 246 730 Accurate
263 702 376 739 riteque
396 704 569 740 perpensis,
593 713 664 740 quae
682 703 853 738 attulimus,
875 703 1010 732 omnibus
1023 723 1033 739 ,
1057 705 1126 733 mihi
1149 707 1264 741 quidem
1284 707 1353 736 haec
1374 708 1589 737 verosimillima

62 751 177 785 videtur
195 753 356 789 sententia,
377 755 585 784 Carolinorum
603 755 742 783 librorum
768 760 915 782 auctorem
934 760 1049 791 patrum
1067 755 1263 786 Nicaeuorurn
1285 759 1440 788 consilium
1459 768 1490 788 ac
1507 768 1587 788 men-

64 809 122 831 tem
145 812 205 833 non
233 813 310 833 recte
336 806 469 842 cepisse,
498 816 530 836 ac
552 806 696 836 vocabulo
719 808 893 842 προσκυνεῖν,
922 808 1002 842 quod
1030 808 1065 843 ad
1085 807 1166 843 ipsos
1188 808 1306 837 nonnisi
1331 809 1439 838 Latino
1464 809 1590 838 adorare

62 862 252 891 pervenerat,
279 865 317 885 eo.
342 865 372 885 se
393 858 511 893 perduci
531 867 634 895 passos
661 866 745 892 esse,
777 863 810 885 ut
834 857 959 893 ingenue
980 858 1030 886 sed
1055 859 1126 887 satis
1152 859 1302 888 crederent
1321 859 1450 888 Graecos
1469 858 1585 888 nimiam

62 904 121 936 vim
148 906 215 935 huic
239 907 305 936 voci
334 908 524 938 attribuisse:
547 910 614 938 hinc
639 908 749 938 factum
764 914 796 936 ut
813 909 935 937 clament
950 909 1066 938 sanctos
1082 918 1142 938 non
1161 918 1224 938 esse
1247 910 1420 939 adorandos.
1460 910 1588 938 Franco-

58 956 205 987 furdiense
232 959 386 989 concilium
414 969 483 989 vero
497 981 507 995 ‚
537 969 595 996 quo
621 969 719 997 errore
742 968 773 988 ac
797 959 973 995 negligentia
995 960 1113 994 nescio,
1136 960 1248 988 videtur
1270 962 1342 989 male
1367 960 1587 997 interpretatum

60 1016 124 1036 esse
151 1009 338 1038 Constantini
366 1010 496 1047 episcopi
522 1011 616 1048 Cypri
644 1010 754 1044 verba,
784 1011 884 1046 quod,
915 1010 1062 1040 levissima
1086 1010 1163 1039 facta
1187 1012 1419 1047 permutatione,
1447 1011 1584 1040 facillime

58 1059 122 1091 fieri
147 1068 259 1098 posset.
299 1062 417 1099 Aliquis
442 1070 557 1098 tamen,
586 1069 614 1091 ar
637 1070 728 1097 vero,
758 1060 875 1096 inquit,
899 1061 969 1097 quid
993 1061 1105 1090 tandem
1123 1062 1137 1090 *ἓ
1170 1063 1251 1098 quod
1274 1063 1341 1091 libri
1364 1063 1493 1092 Carolini
1518 1072 1583 1092 san.

57 1117 123 1143 ctos
150 1119 242 1142 tamen
267 1122 403 1143 venerare
427 1114 559 1150 plurimis
585 1112 658 1142 locis
683 1112 863 1150 praecipiunt
880 1112 895 1141 ’ἑ
938 1113 1004 1142 Hoc
1028 1112 1142 1148 quidem
1167 1114 1206 1142 ita
1226 1114 1423 1150 accipiendum
1450 1122 1513 1143 esse
1538 1123 1585 1142 ar-

60 1162 177 1200 bitror,
199 1171 231 1194 ut
252 1174 313 1194 non
335 1165 375 1194 ita
403 1166 438 1194 de
464 1165 583 1201 proprie
606 1165 648 1193 sic
675 1165 753 1193 dicta
776 1163 965 1193 veneratione
984 1163 1139 1200 imaginum
1165 1171 1331 1193 sanctorum
1348 1164 1511 1201 cogitetur,
1534 1165 1585 1193 sed

60 1214 96 1242 de
117 1214 246 1251 ipsorum
271 1223 435 1245 sanctorum
451 1215 648 1245 invocatione.
688 1215 736 1244 Ab
754 1216 805 1244 hac
826 1215 901 1245 enim
921 1215 1097 1252 AMuinum,
1119 1216 1298 1252 probabilem
1319 1215 1488 1252 scriptionis
1504 1216 1582 1245 illius

60 1271 226 1301 auctorem,
253 1275 433 1303 nequaquam
454 1265 577 1295 alienum
602 1265 695 1294 fuisse
725 1267 830 1303 procul
863 1266 952 1295 dubio
978 1273 1105 1296 constat.
1144 1266 1178 1296 In
1210 1266 1281 1295 vitis
1310 1266 1585 1302 laudationibusque

58 1323 225 1346 sanctorum
245 1318 416 1353 hominum,
438 1326 498 1346 non
524 1318 618 1346 solum
642 1317 766 1346 virtutes
787 1325 887 1346 eorum
912 1327 947 1346 ac
970 1320 1070 1347 merita
1087 1318 1279 1347 consectanda
1306 1319 1506 1353 commendat,
1529 1319 1584 1347 sed

60 1376 110 1397 eos
126 1369 217 1398 ,etiam
247 1369 277 1398 in
304 1371 416 1398 eoelum
442 1369 572 1404 attollit,
602 1369 683 1405 quod
706 1369 842 1406 miracula
871 1368 997 1405 faciant,
1026 1369 1112 1398 vivos
1135 1368 1315 1405 defendant,
1339 1368 1474 1404 precibus
1499 1377 1583 1404 prae-

46 1419 160 1449 ‘sertim
176 1421 325 1449 adversam
338 1420 373 1448 ab
389 1420 424 1448 iis
445 1419 591 1448 fortunam
612 1426 744 1456 arceant,
766 1420 900 1456 miseris,
923 1421 974 1457 qui
993 1429 1042 1449 eos
1066 1420 1096 1449 in
1118 1420 1237 1449 ecclesia
1261 1420 1422 1455 invocent,
1442 1419 1583 1448 auxilien-

57 1468 104 1499 t'ur
124 1471 164 1506 (ι
177 1470 208 1507 ),
244 1471 292 1499 Sic
314 1470 507 1499 inconcione
523 1471 618 1499 habita
642 1471 688 1500 die
708 1471 806 1500 obitus
825 1471 1018 1501 Wssiebrordi
1044 1470 1229 1503 Ultraiectini
1252 1471 1308 1507 jam
1335 1469 1476 1499 nerninem
1500 1470 1582 1498 audi-

56 1527 152 1550 torum
175 1530 239 1550 esse
265 1522 331 1558 ait,
369 1522 418 1557 qui
442 1523 498 1559 jam
523 1529 556 1550 ut
580 1521 662 1552 Deus
691 1530 791 1559 preces
820 1532 886 1552 suas
910 1532 969 1552 non
998 1523 1129 1551 exaudiat
1147 1542 1159 1558 ,
1194 1523 1276 1550 valde
1300 1529 1442 1551 vereatur.
1491 1521 1580 1550 Nunc

57 1572 132 1602 enim
154 1581 218 1601 eum
244 1582 343 1602 omnes
368 1573 471 1601 habere
498 1573 531 1602 iu·
554 1574 644 1603 coelis
669 1574 911 1610 intercessorem,
939 1583 955 1603 a
982 1575 1066 1611 cujus
1088 1573 1223 1602 fidelitate
1248 1581 1277 1601 et
1302 1573 1505 1602 benevolentia
1527 1581 1581 1608 op·

56 1623 124 1652 tima
148 1632 278 1659 quaeque
296 1624 379 1652 liceat
406 1633 532 1660 sperare.
581 1625 657 1653 Mox
680 1626 756 1655 hunc
781 1627 845 1663 ipse
871 1627 1006 1661 invocat,
1027 1634 1134 1660 orans,
1158 1631 1190 1653 ut
1207 1624 1278 1660 ipsis
1306 1625 1464 1660 opituletur
1485 1624 1578 1659 preci·

54 1674 124 1704 bus.
164 1674 240 1702 Eum
265 1673 342 1702 haud
366 1674 473 1710 dubie,
504 1683 693 1712 quaecunque
715 1678 823 1714 vellet,
846 1687 863 1707 a
889 1678 953 1706 Deo
976 1685 1040 1706 esse
1063 1677 1282 1713 impetraturum
1301 1695 1312 1712 ‚
1344 1674 1393 1710 qui
1419 1674 1576 1711 praesenti-

58 1725 114 1754 bus
140 1725 211 1760 ipsis
236 1731 281 1753 tot
307 1733 338 1752 ac
364 1730 443 1759 tanta
469 1725 605 1755 miracula
629 1726 731 1755 fecerit
751 1728 790 1767 (ᾳ
801 1729 828 1765 ),

79 1776 185 1810 ,Νηῃε
205 1777 302 1811 itaque
329 1775 425 1807 omnia
449 1776 630 1812 aliquatenus
659 1785 736 1807 certe
759 1779 917 1808 cohaerere
935 1779 1087 1809 videntur.
1124 1779 1229 1815 Neque
1253 1778 1392 1808 marorum
1421 1777 1574 1808 Carolino-

54 1833 117 1859 rum
142 1827 267 1863 scriptor
283 1833 386 1867 ‚neque
411 1827 670 1860 Francofurdiense
686 1829 847 1858 concilium.
865 1831 1013 1859 Nicaenos
1032 1831 1101 1859 satis
1119 1831 1192 1860 bene
1216 1830 1369 1859 intellexit.
1411 1831 1486 1859 Cum
1505 1841 1573 1860 vero

55 1884 177 1914 uterque
196 1878 231 1907 ab
252 1878 328 1909 omni
346 1878 500 1914 imaginum
523 1886 686 1915 sanctorum
703 1879 875 1909 adoratione.
891 1888 941 1909 aut
960 1883 1043 1910 cultu
1061 1881 1272 1910 remotissimus
1293 1888 1389 1917 esset,
1411 1883 1479 1911 haec
1496 1892 1574 1911 acer·

53 1928 361 1967 nime,prohibuerunt³
373 1935 413 1961 ac,
428 1935 596 1965 vetarunt„
612 1930 649 1967 A]
666 1929 829 1967 frangendis
850 1932 1144 1969 tameitjmaginibus
1168 1942 1258 1969 aeque
1282 1934 1368 1970 longe
1393 1934 1477 1963 alieni
1503 1944 1567 1963 curn

55 1987 172 2019 essent,
200 1989 259 2009 non
280 1982 373 2009 solum
391 1980 596 2010 iconomachos
615 1973 651 2010 et*
666 1981 858 2012 iconoclastas
881 1984 1070 2019 damnarunt,
1092 1984 1142 2012 sed
1160 1984 1334 2013 historicum
1354 1994 1469 2021 quoque
1486 1995 1569 2014 usum

59 2030 91 2061 in
117 2031 234 2060 aedibus
260 2030 475 2068 permiserunt,
497 2032 711 2063 invocationem
735 2041 898 2063 sanatorum
927 2035 1010 2063 etiam
1038 2035 1198 2071 probarunt
1217 2043 1305 2073 atque
1327 2038 1570 2068 commendarunt.

94 2117 158 2154 (ι)
177 2118 249 2153 Opp.
265 2125 283 2145 t.
301 2119 336 2145 11.
354 2127 383 2153 p.
402 2126 452 2154 157
464 2128 522 2154 squ.
708 2122 771 2157 (2)
796 2124 875 2157 Opp..-
890 2125 909 2149 1.
924 2124 942 2149 1.
962 2132 990 2157 p.
1008 2131 1078 2158 194,
1093 2129 1151 2157 195.
1514 2088 1574 2118 ve·

843 2171 866 2201 Ε
887 2180 905 2209 ³
