1919 2511
268 122 287 150 6
736 118 784 151 M.
859 118 890 150 S.
965 127 1037 150 Du
1103 113 1312 150 P-Ull

268 205 410 250 iegtima
427 205 595 239 advenerit
610 206 826 246 vocatios-
847 205 985 238 Praxim
1010 205 1207 248 exercendi,
1231 215 1307 239 cum
1333 204 1404 238 aliis
1427 205 1563 239 Medicis
1589 212 1621 241 et
1649 209 1739 243 Artis

270 265 438 308 Magistris
458 262 592 297 consilia
610 262 774 305 habendi,
793 269 891 307 atque
907 262 1080 295 exercendi
1096 263 1219 306 reliqua
1232 287 1241 305 ‚
1266 272 1350 306 quae
1371 262 1557 296 Medicinae
1576 266 1738 298 Doctores

272 331 424 353 exercere
457 319 646 353 solent.'—
678 319 805 353 Tribuo
830 318 967 363 insuper
994 319 1071 352 Tibi
1095 331 1210 359 omnes
1239 320 1404 363 honores,
1435 321 1548 354 omnia
1576 321 1741 365 privilegia

272 383 482 421 caeterasque
509 376 752 420 praerogativas
773 388 797 418 ‚⁷
814 386 1001 420 quaevero
1028 377 1214 410 Medicinae
1239 378 1377 410 Doctori
1393 402 1403 419 ‚
1436 377 1575 421 legitime
1607 383 1739 420 creato,

272 435 322 468 vei
339 433 411 475 hic,
435 434 486 468 vel
503 433 596 475 alibi,
614 433 737 477 legibus
758 439 815 466 aut
835 434 1087 476 consuetudine,
1113 434 1248 468 concedi
1267 434 1431 479 tribuique
1448 435 1565 468 solent.

313 493 448 524 Horum
470 492 622 524 omnium
646 492 681 524 in
704 492 804 524 fidem
827 504 972 525 DIPLOMA
992 492 1069 525 Tibi
1091 491 1223 524 dabitur
1245 495 1264 525 ἐι
1289 492 1334 524 Cl.
1357 490 1460 533 Viro,
1484 491 1580 533 Acta.»
1599 494 1747 525 Senatus<

269 547 462 581 'Academici
482 554 618 581 curante
630 561 640 589 3
665 567 708 573 -ω
731 547 848 581 debitis
867 547 1164 593 subscriptionibus
1186 549 1352 592 signatum
1368 553 1401 581 et
1417 547 1617 582 Academiae
1640 549 1751 593 sigillo>

271 608 336 647 ma}
340 607 390 639 ori
411 607 590 640 munitum.
1760 598 1766 605 ⁴

291 664 408 701 {Salve
430 663 540 706 itaque
567 661 659 696 nunc
684 666 812 696 Doctor
834 664 1080 697 Eiuditissime!
1099 673 1171 708 quo
1194 663 1287 697 titulo
1313 665 1382 708 Ego
1412 664 1541 707 primus
1560 667 1610 698 Te
1635 664 1750 698 saluto*

272 724 370 763 atque
391 721 529 763 appello.

316 776 390 808 Tali
415 775 540 809 hoiioie
564 776 745 810 Academia
767 777 894 820 dignos
904 780 1023 809 censet
1044 779 1205 810 Doctores
1229 787 1346 811 omnes
1361 804 1371 821 ‚
1403 780 1461 823 qui
1490 778 1598 822 (ligne
1623 779 1752 814 Artem:

270 835 421 866 nostiam
445 833 569 867 didieei
571 840 630 867 unt
651 840 703 876 et,
728 835 868 878 praeviis
893 833 1131 874 Examinibus‚
1158 832 1266 877 digne
1286 844 1384 868 suam
1404 835 1558 878 peritiam
1584 845 1742 878 campma-¹

273 891 448 925 baverunt.
473 909 517 914 —
540 891 640 932 Quod
658 897 769 924 autem
791 902 881 924 nune
905 894 976 932 Ta,
998 891 1128 934 publice
1152 897 1184 924 et
1205 902 1316 935 more,
1338 897 1357 925 a
1378 892 1564 936 Maioribus
1586 889 1753 928 instituto<

273 958 425 980 summos
450 948 485 980 in
506 947 674 980 Medicina
698 947 841 980 honores
866 948 1077 990 consequaris
1100 953 1131 980 et
1144 958 1267 991 pompa
1290 950 1409 992 majori
1427 949 1673 995 maioribusque
1689 953 1745 985 in-·

276 1004 422 1048 signibus
447 1004 593 1045 orneriS,
617 1005 651 1036 in
668 1014 707 1036 eo
732 1009 781 1036 est
807 1003 1055 1048 quaerendum,
1078 1005 1167 1048 quod
1192 1011 1261 1038 tua
1275 1009 1326 1039 Te
1346 1007 1471 1050 virtus,
1495 1013 1553 1040 tua
1579 1007 1744 1052 diligentia

276 1067 308 1093 vt
327 1067 405 1094 tuus
422 1061 521 1094 ardor
536 1061 571 1095 in
584 1061 699 1093 ⁴studia
717 1066 893 1105 perpetuus
911 1070 991 1104 prae
1011 1062 1147 1094 caeteris
1162 1062 1205 1095 ad
1221 1062 1311 1096 hunc
1331 1068 1444 1101 actum
1462 1066 1745 1106 evocaverint5—

275 1118 429 1162 quodque
452 1117 548 1161 Tibi,
579 1117 643 1151 hoc
668 1118 719 1151 die
747 1118 932 1159 saeculari,
963 1118 1025 1152 hos
1049 1128 1200 1153 summos
1225 1120 1369 1153 honores
1390 1120 1531 1164 petenti,
1564 1133 1603 1153 eo
1623 1120 1765 1159 luben-⁴]

274 1177 339 1209 tius
358 1177 538 1211 concedere
554 1177 716 1211 voluerint
729 1178 772 1209 R.
789 1181 821 1208 et
835 1178 998 1218 senatuS,
1022 1185 1088 1219 quo
1111 1173 1172 1208 illis
1185 1174 1264 1218 'jam
1291 1173 1420 1209 dudum
1447 1176 1619 1220 praeclara
1639 1182 1697 1211 tua
1709 1178 1745 1212 in

275 1232 384 1266 studia
403 1244 475 1266 mei
477 1234 520 1266 ita
538 1244 574 1266 ei
575 1238 632 1266 ant
648 1233 785 1276 cognita.
1540 1257 1541 1260 η
1756 1232 1760 1234 ’

319 1283 528 1324 Adscendisti
554 1291 645 1324 hunc
663 1291 773 1323 locum
800 1292 900 1333 Toga
921 1291 988 1332 jam
1011 1293 1166 1330 ornatus,
1191 1298 1292 1332 quam
1311 1297 1352 1320 ex
1369 1286 1562 1322 iiberalitate
1580 1296 1613 1323 et
1629 1290 1670 1323 de
1688 1295 1744 1324 tua

274 1344 391 1388 peiitia
411 1348 532 1390 optime
550 1349 723 1390 opinantes
742 1346 818 1379 Tibi
841 1347 928 1380 dono
958 1346 1024 1379 obt
1019 1346 1148 1378 derunt
1177 1346 1223 1378 Ill.
1247 1345 1346 1388 hujus
1376 1347 1587 1380 Academiae
1600 1352 1744 1383 Ci-uato-

275 1412 340 1434 res.
365 1421 408 1425 ——
429 1402 481 1435 Ab
499 1402 591 1436 omni
611 1403 715 1436 ferme
732 1409 879 1446 tempore
902 1403 937 1435 in
965 1401 1120 1435 societate
1143 1402 1318 1435 hominum
1345 1402 1514 1436 Vestitus
1537 1403 1742 1447 discrimini,

276 1469 342 1501 quo
359 1460 505 1492 muneris
526 1460 665 1503 dignitas
691 1464 722 1491 et
748 1459 889 1503 gravitas
917 1458 1187 1502 designarentur,
1210 1457 1302 1492 Iocus
1326 1460 1404 1502 fuit3
1428 1470 1535 1504 neque
1558 1457 1656 1494 hodie
1672 1461 1742 1505 pla-

278 1526 319 1547 ne
344 1515 464 1548 eviluit.
1713 1543 1719 1546 -

321 1571 450 1614 Quodsi
481 1581 693 1604 111PPOCRATES
718 1571 785 1612 (L.
813 1570 856 1602 cle
877 1569 1022 1602 decenti
1041 1569 1167 1603 habita
1189 1577 1254 1603 aut
1279 1570 1430 1616 decoro)
1459 1572 1608 1606 Medico's
1631 1572 1763 1615 Vest'e‘·

281 1628 494 1663 conveniente
528 1627 659 1661 indutos
689 1638 761 1660 esse
794 1626 913 1660 debere
948 1627 1152 1670 praeceperit
1168 1651 1177 1668 ,
1211 1633 1297 1660 recte
1327 1629 1471 1671 quidem*
1489 1630 1623 1663 statuit:
1653 1630 1748 1671 vider

278 1686 354 1718 licet
378 1690 414 1718 ut
442 1684 531 1728 apud
560 1684 639 1726 hos,
664 1696 681 1716 2>
709 1683 830 1728 quibus
855 1695 923 1717 non
947 1683 1032 1714 inest
1060 1680 1241 1725 exquisitus
1273 1694 1379 1727 neque
1407 1686 1558 1718 curiosus
1587 1692 1745 1730 ornatus3

279 1754 297 1773 υ
326 1746 475 1784 spectare
493 1742 589 1774 liceat
607 1742 706 1775 talem
719 1766 729 1783 ‚
753 1741 883 1785 qualem
895 1766 905 1783 ,
928 1752 996 1774 non
1013 1746 1083 1773 tam
1099 1740 1142 1773 ad
1155 1741 1358 1784 superfluam
1380 1741 1601 1777 curiositatem
1613 1769 1623 1786 ‚
1648 1755 1749 1789 quam

278 1810 296 1829 α)
324 1796 367 1829 ad
396 1797 557 1840 optimam
593 1799 869 1832 existimationem
887 1822 898 1840 ,
928 1797 1140 1842 prudentiam
1170 1802 1202 1830 et
1233 1799 1336 1831 animi
1364 1799 1625 1834 moderationem
1644 1826 1654 1844 ,
1684 1800 1747 1835 sibi

278 1866 296 1885 i>
325 1860 573 1899 compararunt.
586 1858 606 1873 ’³
1557 1883 1563 1885 .

322 1914 398 1944 Hoc
423 1911 486 1945 sub
512 1912 662 1954 symbolo
690 1911 815 1945 Vestis
831 1911 915 1946 haec
935 1917 992 1945 tua
1018 1909 1062 1944 sit
1085 1911 1299 1945 Emhlemcz:
1321 1931 1364 1937 --
1385 1912 1595 1956 Augias-iam
1618 1914 1646 1947 si
1671 1915 1749 1949 velis

281 1968 430 2009 ejusdem
460 1968 523 2001 hoc
554 1970 615 2011 sit,
649 1975 704 2012 ut,
736 1980 841 2013 quum
867 1970 1016 2003 doctrina
1047 1975 1145 2013 atque
1170 1975 1262 2003 aetas
1289 1969 1393 2014 magis
1423 1971 1489 2003 sint
1513 1971 1746 2014 confirmatae,

281 2025 365 2057 haec
381 2025 453 2068 ipsa
475 2031 532 2058 tua
556 2026 671 2070 Toga,
695 2037 780 2071 quae
805 2038 896 2061 nunc
918 2039 1072 2061 nocroms
1098 2032 1172 2069 est,
1195 2026 1330 2060 tandem
1355 2027 1531 2072 aliquando
1553 2028 1587 2061 in
1609 2024 1749 2065 more&

282 2093 402 2114 somam
421 2087 578 2117 mutetur.

1681 2138 1753 2172 Li-
