1919 2511
322 97 552 130 RESPONSIO
583 107 624 129 AD
652 98 965 137 QUAESTIONEM
996 98 1323 131 THEOLOGICAM·
1553 109 1585 138 17

64 184 144 215 scire
168 191 213 213 me
235 182 348 218 fateor,
378 183 434 219 qua
457 181 565 210 ratione
585 180 747 217 Alcuinus‚
771 181 821 218 qui
843 182 952 211 nullam
980 189 1076 211 ansam
1102 181 1238 217 haberet,
1272 190 1322 210 cur
1343 181 1402 217 regi
1422 181 1582 211 adularetur

72 235 174 265 Litteris
195 235 230 263 ad
262 243 326 263 eum
355 233 471 269 missis,
498 232 602 262 eximio
634 232 786 261 verbo-rum
815 238 939 268 ornatu,
968 232 1105 268 pietatem
1129 232 1205 261 illius
1230 232 1347 267 laudet,
1373 232 1402 260 in
1422 232 1584 261 Saxonibus

70 286 190 316 Christo
219 285 404 323 subjiciendis
434 284 599 322 praestitam
632 292 664 313 ac
698 282 918 323 manifestatam.
974 283 1060 312 Plane
1091 283 1259 319 oppos-itum
1292 283 1351 311 sibi
1381 283 1520 320 judicium
1550 285 1585 312 de

70 336 116 366 his
143 336 242 366 Caroli
265 336 441 366 facinoribus
471 335 637 371 Aicuinus,
667 334 793 370 aequalis
823 335 905 371 ejus,
935 335 1003 364 tulit
1030 343 1062 364 ac
1093 342 1195 364 nostro
1221 344 1291 364 aevo
1317 334 1474 364 Gibbonus
1505 335 1582 371 (1).

68 389 122 419 llle
140 389 252 425 quidem
270 388 326 417 sibi
344 397 439 425 regem
460 388 557 418 videre
571 388 704 423 videtur,
727 395 781 423 pro
793 386 863 424 Jesu
883 385 995 416 Christi
1011 386 1154 415 tribunale
1179 392 1319 422 stantem,
1339 386 1475 422 stipatum
1496 386 1586 415 Saxo·

69 439 155 470 nibus
172 439 372 476 etffgentibus,
392 447 579 476 quascunque
596 438 665 468 alias
683 437 794 467 divinae
818 437 966 467 doctrinae
985 439 1050 466 luce
1068 438 1263 466 collustrarat.
1303 437 1384 475 Quae
1405 446 1505 467 omnes
1522 438 1585 467 bea-

69 491 201 521 titudinis
229 491 352 520 mer-cedi
378 491 522 528 augendae
544 489 729 520 inservirent.
778 488 934 517 Gibbonus
965 496 1066 518 contra
1095 496 1218 524 quatuor
1245 488 1322 517 mille
1351 495 1380 516 et
1405 488 1581 526 quingentos

69 541 199 572 Saxones
227 542 352 579 cogitat,
385 542 435 578 qui
463 542 564 571 eodem
589 541 619 570 in
653 542 720 570 loco
750 540 845 576 capite
869 540 1010 577 truncati,
1040 540 1150 576 aliquid
1176 539 1293 569 afferant
1317 540 1453 569 adversus
1482 540 1583 571 Caroli

67 594 207 630 justitiam
232 600 260 622 et
283 593 496 625 humanitatem.
537 593 598 631 Qui
619 592 734 629 quidem
754 591 870 628 utrique
894 590 950 621 viri
974 591 1106 627 videant,
1127 590 1198 627 quid
1214 590 1382 629 judicarint.
1422 592 1489 621 Nos
1515 601 1586 622 vero

70 652 201 674 caussam
223 644 324 673 Caroli
341 644 478 673 tribunali
495 644 538 672 illi
558 643 785 680 cognoscendam
801 643 980 672 deferamus!

107 697 156 726 Ex
168 697 318 734 omnibus,
331 706 403 733 quae
413 706 428 727 a
446 706 513 734 rege
529 697 705 726 Francorum
720 697 794 726 facta
809 704 889 733 suut,
903 696 938 724 ad
951 694 1203 724 Christianismum
1218 694 1247 723 in
1259 693 1382 724 Saxonia
1400 696 1583 730 servandum„

69 748 190 780 maxime
207 748 237 778 in
252 757 369 778 censum
385 748 468 779 venit
484 750 580 786 legum
598 748 751 784 coll-ectio,
773 757 859 785 quam
871 770 880 784 ‚
901 756 959 784 quo
979 747 1092 783 quidem
1109 754 1187 775 anno
1199 766 1209 781 ,
1227 754 1290 775 -non
1309 753 1443 782 constat,
1463 747 1584 775 devictis

24 835 29 839 ᾗ
67 800 173 830 incolis
197 799 275 829 dedit
292 800 373 837 (2).
414 800 510 838 Hujus
539 800 718 829 severitatem
744 808 772 829 et
792 799 987 829 crudelitatem
1016 798 1097 827 multi
1126 797 1375 826 vehementissime
1400 797 1585 834 vituperave-

68 857 139 881 runt
157 851 173 888 <
190 853 242 888 3).
281 850 324 879 At
350 859 442 888 vero,
462 850 488 880 si
514 851 624 888 dicam,
657 852 738 888 quod
761 853 877 890 sentio,
906 851 1106 890 praejudicatis
1130 850 1319 887 opinionibus
1344 859 1375 878 se
1403 850 1580 879 commoveri

69 901 149 939 passi
173 908 253 931 sunt.
301 901 361 939 Qui
385 901 523 932 rationem
549 903 713 940 temporis,
740 904 824 941 loci,
853 903 1030 934 conditionis
1053 911 1084 931 ac
1113 908 1230 931 naturae
1255 910 1348 929 rerum
1373 901 1582 936 obliviscatur,

68 953 147 982 hunc
172 960 232 982 non
258 960 431 990 magnopere
457 954 566 990 miror,
587 955 734 992 corripere
757 956 914 991 Car-olum,
934 955 1144 989 condemnare,
1171 952 1312 981 exsecrari
1334 961 1419 987 eum,
1453 951 1503 987 qui
1525 951 1585 980 vim

68 1004 158 1033 sacris
173 1004 290 1033 aedibus
310 1006 356 1034 vel
371 1005 545 1035 levissimam
565 1006 673 1035 illatam
695 1007 845 1044 supplicio
863 1006 965 1044 capitis
987 1004 1083 1043 puniri
1101 1004 1211 1042 jubeat.
1253 1004 1310 1033 Sed
1329 1009 1360 1032 ut
1380 1011 1501 1039 aequum
1522 1002 1586 1030 istis

68 1055 105 1084 de
123 1055 236 1093 legibus
253 1054 362 1084 feratur
374 1056 512 1093 judicium
524 1076 535 1093 ,
555 1057 670 1087 videtur
688 1058 808 1088 omnino
833 1057 988 1088 tenendum
1016 1065 1100 1092 esse,
1122 1057 1231 1085 Carolo
1243 1075 1255 1091 ,
1278 1063 1366 1091 quum
1387 1054 1417 1083 in
1437 1062 1471 1082 eo
1488 1060 1586 1088 esset,

63 1113 122 1142 ut,
141 1107 220 1143 quod
239 1113 375 1144 ceperat,
392 1107 545 1137 consilium
556 1129 566 1144 ,
589 1109 718 1138 Saxones
734 1110 769 1139 ad
784 1109 870 1139 fidem
888 1109 1010 1140 Christo
1032 1107 1151 1137 dandam
1167 1105 1362 1143 perducendi,
1384 1105 1413 1133 id
1426 1105 1464 1133 ad
1478 1104 1588 1133 exitum

65 1156 158 1187 ferret
180 1164 266 1195 atque
290 1158 465 1195 perficeret,
487 1159 566 1189 omni
590 1161 678 1196 opera
698 1161 862 1190 enitendum
884 1160 998 1197 fuisse,
1020 1167 1052 1189 ut
1079 1159 1207 1188 residuas
1231 1157 1472 1194 superstitionum
1498 1155 1588 1184 avita-

66 1219 133 1241 rum
156 1210 331 1248 particulas,
351 1212 398 1241 vel
424 1208 608 1242 tenuissimas
634 1214 739 1250 etiam,
760 1214 875 1251 penitus
898 1217 1042 1242 exsecaret
1062 1217 1150 1247 atque
1173 1210 1328 1244 evelleret,
1350 1208 1450 1243 itaque
1477 1211 1589 1235 caveret

69 1270 108 1292 ne
125 1261 189 1291 illae
213 1259 388 1299 pedetentim
412 1264 507 1292 denuo
531 1264 724 1294 increscerent
744 1273 889 1302 vetusque
910 1265 1016 1293 malum
1038 1267 1216 1294 revocarent.
1257 1258 1306 1289 Sic
1329 1264 1435 1287 attente
1455 1256 1588 1286 conside-

62 1314 131 1344 rata
156 1322 249 1344 rerum
278 1313 464 1350 conditione,
492 1314 574 1343 aliter
598 1323 658 1344 non
684 1315 747 1344 fieri
771 1324 857 1352 posse
881 1315 1013 1351 videtur,
1045 1313 1115 1350 quin
1136 1311 1236 1342 Caroli
1252 1310 1373 1347 Magni,
1399 1309 1451 1338 hac
1476 1307 1506 1337 in
1532 1316 1585 1342 re,

70 1364 170 1402 agendi
185 1364 322 1394 tationem
332 1384 345 1400 ,
366 1365 392 1393 si
408 1364 503 1394 minus
521 1366 688 1402 laudemus,
709 1374 786 1396 certe
798 1376 863 1397 non
881 1367 961 1396 valde
979 1366 1194 1395 abhorreamus.

67 1419 72 1424 ”
108 1415 239 1445 Aedibus
264 1414 353 1444 sacris
380 1414 513 1443 eximium
545 1417 698 1446 conciliare
721 1418 861 1447 honorem
890 1424 919 1447 et
940 1416 1125 1446 reverentiam
1147 1415 1271 1444 studuit.
1313 1413 1427 1449 Nempe
1452 1410 1585 1444 sciebat,

61 1467 173 1504 ,quanti
197 1467 233 1499 ad
258 1465 471 1503 suspiciendam
492 1466 584 1503 ipsam
616 1468 782 1505 religionem
815 1468 901 1497 faciat
929 1468 1102 1504 templorum
1125 1465 1284 1495 veneratio.
1333 1463 1425 1500 Igitur
1451 1461 1586 1490 adversus

70 1519 137 1547 illas
153 1527 210 1548 non
228 1519 322 1548 solum
350 1518 473 1547 eamdem
498 1519 627 1548 adhiberi
647 1520 835 1549 reverentiam
859 1519 955 1549 voluit
967 1540 977 1555 ,
1001 1526 1084 1555 quarn
1102 1524 1184 1546 antea
1201 1517 1330 1545 Deorum
1356 1513 1495 1542 falsorum
1513 1509 1586 1538 locis

71 1568 162 1598 sacris
186 1568 366 1605 tribuerant,
389 1569 440 1598 sed
462 1569 527 1598 illas
551 1570 634 1599 etiam
657 1572 758 1609 maJ'ori
787 1571 971 1600 veneratione
998 1569 1057 1598 coli
1074 1568 1173 1606 jussit.
1214 1567 1369 1602 Propterea
1392 1562 1494 1599 capitis
1512 1561 1589 1590 dam-

72 1619 214 1653 nabatur,
243 1619 294 1658 qui
319 1628 371 1656 per
389 1620 448 1649 vim
473 1621 595 1650 intraret
614 1622 761 1651 ecclesiam
776 1643 787 1659 ,
815 1631 868 1659 per
889 1622 950 1651 vim
971 1627 1020 1650 aut
1042 1619 1141 1649 furtim
1168 1618 1233 1648 inde
1259 1615 1411 1653 quicquam
1437 1612 1586 1646 auferret,

73 1670 194 1708 denique
212 1670 264 1707 qui
278 1670 345 1708 igne
362 1680 421 1701 eam
443 1678 591 1703 cremaret.
631 1673 765 1711 Quorum
791 1673 936 1703 variorum
965 1671 1117 1701 criminum
1139 1677 1204 1698 reos
1228 1667 1326 1696 eadem
1350 1667 1440 1700 eaque
1465 1661 1589 1691 maxim&

75 1722 170 1757 poena
187 1721 330 1759 afficiens,
352 1723 444 1759 probe
461 1723 673 1761 perspiciebat,
694 1727 807 1762 culpam
827 1733 926 1754 eorum
944 1732 1004 1753 non
1022 1729 1078 1752 tam
1098 1721 1211 1757 quidem
1229 1719 1259 1747 in
1276 1717 1341 1754 ipso
1357 1716 1458 1745 damno
1469 1735 1479 1750 ,
1501 1720 1585 1749 quam

70 1770 175 1808 potuis
192 1771 223 1802 in
236 1772 288 1808 wi,
305 1781 357 1810 per
373 1773 505 1804 damnum
517 1774 622 1814 ¹illata,
637 1775 720 1807 sitam
740 1785 826 1816 esse,
846 1777 919 1807 hanc
936 1784 999 1806 esse
1017 1775 1221 1804 documentum
1239 1767 1394 1807 impietatis
1412 1763 1586 1803 rigidissime

1546 1822 1589 1842 ἵν’-ἔω

99 1886 125 1921 ²(
137 1886 174 1922 1)
193 1887 366 1914 Decline‘and
388 1887 430 1913 sall
449 1888 540 1916 of·the
557 1889 638 1917 Rom.
655 1891 734 1924 Emp.
751 1899 773 1919 t.
786 1893 838 1919 VI.
857 1901 883 1928 p.
901 1897 961 1924 217.
996 1891 1102 1918 Alcu'ni
1121 1896 1162 1922 ep.
1182 1894 1214 1919 η.
1238 1893 1279 1919 ap.
1297 1885 1384 1914 Boiq.
1412 1888 1440 1913 p.
1457 1879 1518 1907 6-12.

102 1932 175 1968 (α)
195 1934 292 1959 Baluzii
311 1935 409 1967 Capitt.
427 1941 437 1960 t
461 1935 482 1962 1.
501 1943 528 1967 p.
542 1942 602 1969 250.
639 1937 724 1964 Mansi
736 1940 760 1966 «l.
777 1941 795 1966 1.
814 1946 832 1966 t.
847 1939 922 1966 Xlll.
940 1947 967 1972 p.
984 1945 1043 1971 991.

111 1978 175 2012 (3)
195 1979 300 2007 Gibbon
320 1981 339 2008 l.
355 1981 374 2010 l.
398 1988 423 2013 p.
444 1982 505 2008 218.
549 1983 706 2015 Schro'ckh,
730 1986 750 2011 l.
768 1986 786 2013 1.
812 1993 839 2018 p.
851 1984 915 2013 216.
956 1985 1065 2014 Heuke,
1089 1990 1117 2015 p.
1136 1987 1196 2015 51²·
1222 1980 1265 2006 hic
1286 1984 1368 2004 tamen
1390 1975 1476 2008 paullo
1499 1972 1583 1998 mitius

71 2023 178 2057 judicat.

860 2062 889 2092 C
