1919 2511
622 141 1105 184 ⁷CAR‘MEN.

266 242 364 276 Unde
387 252 424 275 ea
437 266 448 284 ‚
471 251 556 287 quae
578 240 698 274 solidas
719 240 824 274 tenuit
846 238 1031 272 constantia
1055 240 1183 268 mentes
1199 258 1210 276 ,

350 311 468 353 Unde,
491 313 662 355 peregrino
683 310 796 343 fabula
818 310 888 343 visa
903 307 1044 350 ‚fides‘e

262 384 323 414 Est
344 380 467 425 aliquid
487 382 597 424 parvis
616 380 793 413 defendere
814 376 990 411 moenibus
1013 375 1146 415 hostes,

352 450 446 494 Quos
469 442 604 494 Europa
626 459 739 494 graves
763 449 876 482 territa
898 446 1002 479 sensit
1023 444 1136 477 heros.

262 522 323 553 Est
344 518 468 563 aliquid
490 519 586 555 cives*
599 519 683 552 duro
706 527 904 552 concurrere
926 516 1037 556 ferro,

351 591 519 633 Armaque
541 601 609 623 non
631 594 726 621 sueta
748 587 871 620 Martia
893 585 979 618 ferre
1002 593 1116 615 manu.

264 659 327 692 Sed
349 659 476 704 prolem
499 664 531 691 et
553 664 685 691 teneras
706 663 829 690 matres
856 655 1007 687 animam
1029 651 1222 684 exhalantes

352 731 482 773 Perque
504 729 574 763 vias
597 727 689 760 urbis
711 735 846 760 eernere
869 733 993 767 perque
1017 721 1153 760 domos;

263 797 326 830 Sed
348 799 492 842 Stygiam
515 797 683 830 exhaustis
704 801 833 838 pestem
854 790 976 824 sentire
1000 789 1151 822 medulliS
1165 813 1175 830 ‚

346 868 453 910 Atque
477 866 590 899 oculos
612 875 706 908 aegre
729 864 840 896 tollere
861 870 958 904 posse
984 868 1104 897 cavos;

256 938 301 969 Et
321 942 435 969 tamen
455 933 657 977 intrepidum
680 937 780 974 caput
803 929 969 972 objectare
991 926 1137 970 periclo,

350 1004 418 1038 Vix
440 1008 512 1036 erat
532 1003 701 1035 humanae
725 996 923 1033 conditionis
945 1005 1042 1039 opus.

257 1075 334 1107 Non
355 1072 421 1106 hoc
442 1071 604 1106 suadebat
623 1069 730 1104 laudis
751 1068 923 1106 malesana
946 1064 1077 1108 cupido.

343 1145 390 1175 Ut
411 1143 497 1176 natis
520 1141 589 1174 nati
609 1139 696 1172 facta
718 1138 855 1172 referret
877 1128 971 1170 aVuS.

255 1212 322 1245 Aut
344 1212 436 1255 signa
455 1211 492 1244 in
513 1207 643 1253 templis
665 1208 838 1241 ostendere
859 1209 970 1251 posset
991 1202 1087 1237 lbera
1101 1227 1111 1245 ‚

339 1283 385 1314 Et
405 1286 540 1314 tenuem
561 1283 695 1322 augeret
714 1277 861 1311 barbara
882 1274 1007 1320 praeda
1028 1273 1181 1306 domum.¹

254 1348 394 1391 Vivere,
417 1351 546 1392 juratae
566 1347 736 1392 vitamque
757 1346 949 1391 impendere
972 1343 1051 1386 legi,

341 1420 456 1453 Gloria
478 1419 700 1463 magnanimis
722 1423 775 1449 sat
797 1415 858 1448 fuit
881 1415 993 1457 ampla
1015 1412 1108 1446 viris.

257 1487 311 1522 Sic
332 1487 474 1521 rubeant
495 1488 631 1521 dextrae
652 1484 763 1519 hostili
784 1489 817 1517 et
838 1483 932 1516 frons
955 1479 1076 1525 pallida
1101 1477 1190 1511 tabo.

343 1559 387 1590 Et
409 1557 510 1590 fronti
532 1563 564 1589 et
586 1556 709 1589 dextris
733 1552 884 1587 convenit
906 1552 967 1583 iste
989 1549 1091 1582 color.

251 1626 328 1658 Hoc
349 1627 444 1658 Deus
467 1625 621 1658 aetherea
643 1628 798 1667 spectans
821 1626 989 1654 certamen
1012 1616 1054 1650 ab
1078 1626 1173 1657 arce,

342 1695 509 1728 Virtutem
530 1694 675 1738 pretium
695 1692 790 1736 jussit
811 1689 935 1737 habere
957 1696 1070 1719 suum.

253 1764 360 1807 Atque
381 1763 445 1797 ait:
478 1776 496 1797 »
513 1764 688 1805 Obsessis,
711 1765 804 1796 Euro
826 1757 1017 1792 stimulante
1040 1754 1260 1799 profundum,

341 1831 573 1866 Auxiliatrices
594 1832 676 1865 ferte
698 1832 848 1865 levamen
871 1837 986 1871 aquae.

254 1900 356 1945 Erigit
376 1902 536 1935 indomito
556 1902 677 1936 fluctus
698 1899 734 1934 in
756 1899 880 1935 vortice
901 1895 1040 1928 Rhenus
1057 1918 1066 1936 ‚

338 1972 494 2014 Neptuno
515 1971 672 2005 incedens
693 1970 759 2003 lata
781 1978 841 2012 per
863 1975 944 1999 arva
966 1972 1088 1997 comes.

258 2038 414 2071 Numinis
437 2046 468 2073 et
489 2041 608 2084 plenus
621 2065 631 2083 ‚
653 2045 790 2073 cunctas
812 2032 1035 2080 supereminet
1060 2030 1164 2065 midas
1180 2054 1191 2072 ‚

342 2108 434 2145 Civili
456 2119 637 2154 agnoscens
659 2108 757 2153 digna
778 2113 914 2150 tropaea
936 2113 1010 2135 suo.

904 2173 935 2205 A
957 2174 976 2203 5

1537 2162 1612 2197 Sul-²3
