1919 2511
393 111 627 145 RESPONSIO
656 121 699 144 AD
727 113 1038 153 QUAESTIONEM
1070 113 1353 148 LITERARIAM.
1600 127 1635 156 19

158 197 272 227 Aetatis
291 195 358 226 dum
376 204 429 226 ver
447 198 561 236 agitur.
601 197 746 235 Egregius
770 196 822 226 hac
841 197 876 226 de
898 206 930 228 re
945 198 1030 228 10cus
1048 205 1091 228 est
1108 198 1174 228 Cic.
1195 198 1224 228 in
1245 198 1312 229 Cat.
1335 199 1411 238 Maj.
1428 210 1494 238 cap.
1517 209 1564 240 19.
1583 202 1635 238 qui

120 249 209 287 hujus
231 249 369 278 versiculi
393 255 529 286 tanquam
551 256 595 279 est
617 249 855 279 commentarius:
899 269 919 285 „
935 248 1024 279 Breve
1050 257 1157 289 tempus
1183 252 1288 281 aetatis
1316 266 1354 275 —
1381 253 1514 283 bonorum
1537 262 1636 283 memo-

120 321 140 339 „
161 303 209 330 ria
224 308 251 330 et
269 299 384 340 copia.’'

826 411 939 422 ---

529 485 829 517 FABULA
908 485 1227 518 OCTAVA.

798 581 965 602 TURDL

411 658 462 687 Ex
482 660 609 687 maximo
629 669 692 688 cum
706 659 790 695 forte
810 658 966 688 turdorum
984 659 1084 698 globo,

447 710 500 739 Ad
510 717 665 748 praecoces
685 710 846 740 vindemias
866 712 916 748 qui
938 710 1060 740 Galliae

407 762 535 799 Togatae
555 762 692 790 Etruscis
711 761 886 790 devolarcmt
907 763 1048 791 montibus
1061 782 1073 798 ‚

449 816 574 852 Exigua
595 823 663 842 sane
681 822 753 853 pars
774 816 960 845 revertissent
980 814 1092 843 domum
1104 834 1115 849 ‚

408 865 467 895 Sed
485 867 516 894 ln*
536 867 641 904 sagina
661 867 774 902 crassi,
797 866 890 902 obesi,
907 872 1114 904 praegraves:

446 917 507 945 Hos
525 919 683 955 conspicati
704 919 756 956 qui
775 917 853 946 domi
873 921 1098 954 remanserant,

408 968 518 998 Livore
537 969 631 1004 tacti,
652 977 680 996 se
700 977 836 1006 suamque
851 971 1005 1007 pessimam

446 1020 569 1057 Coepere
588 1025 691 1048 sortem
711 1022 873 1058 conqueri,·
893 1019 971 1058 quod
988 1029 1053 1048 cum
1073 1018 1110 1047 iis
1129 1017 1221 1048 simui

409 1070 462 1099 Ad
478 1076 539 1100 tam
560 1070 659 1099 beatas
679 1079 735 1099 mm
749 1070 877 1108 profecti
897 1069 1104 1108 essent-dapes.

447 1123 561 1160 ,Quibus
582 1132 656 1152 unus
676 1131 710 1151 ex
729 1124 766 1151 iis
785 1124 836 1160 qm·
855 1122 967 1151 reversi
986 1126 1094 1157 erant,
1114 1121 1181 1151 ait:

407 1172 434 1201 Ο
453 1175 626 1209 inscientes,
647 1179 736 1212 atque
758 1181 859 1202 rerum
880 1171 1060 1210 improvidi!

445 1226 497 1254 An
515 1235 571 1254 mm
592 1225 716 1261 videtis,
738 1233 775 1254 ex
794 1229 836 1252 tot
856 1229 925 1252 ante
944 1222 1072 1252 millibus

406 1277 472 1315 ,Qui
492 1279 675 1308 exiveramas
695 1283 741 1315 spe
760 1267 881 1314 sagiaae
893 1295 904 1311 ‚
927 1280 955 1303 et
974 1274 1116 1313 crapulae
1127 1294 1139 1310 ‚

406 1352 409 1353 ν
448 1330 500 1358 Ad
518 1340 605 1369 quam
627 1329 741 1359 redacti
758 1329 938 1367 paucitatem
959 1336 1034 1356 nunc
1055 1327 1178 1355 sumus?

409 1380 503 1410 Foedo
524 1383 607 1410 exitu
626 1381 800 1410 desideratis
819 1382 942 1415 ceteris,

446 1432 568 1471 Captis,
590 1434 719 1468 necatis,
740 1432 790 1463 sub
810 1442 918 1462 corona
938 1429 1089 1462 venditis?

410 1483 503 1521 Quod
520 1485 546 1512 si
565 1485 718 1520 miserias,
741 1485 765 1512 si
780 1484 895 1523 pericla
908 1504 918 1519 ,
939 1485 963 1512 si
984 1488 1095 1517 metus,

447 1535 481 1564 Si
500 1541 607 1564 cancta
628 1544 702 1573 quae
723 1544 792 1571 nos,
812 1536 863 1573 qui
883 1541 1087 1573 supersumus,
1109 1531 1190 1561 mala

408 1586 593 1616 Pertulimus
605 1606 615 1622 ‚
637 1587 793 1615 aestimetis
805 1607 815 1623 ‚
837 1592 869 1615 etr
884 1594 968 1616 casus
984 1592 1111 1622 graves,-

448 1638 517 1666 Nae
536 1638 607 1667 haec
625 1638 720 1667 stulta
739 1638 815 1667 vobis
826 1637 894 1675 jam
913 1635 1003 1666 libido
1016 1635 1138 1674 fugerit

413 1688 555 1718 Externa
574 1690 765 1728 conquisitum
786 1690 872 1719 eundi
887 1688 1012 1728 pabula.

453 1789 566 1819 Paucos
585 1790 682 1821 beavit
702 1792 794 1828 aula,
810 1791 911 1831 plures
928 1787 1080 1830 perdidit:

413 1840 473 1870 Sed
489 1847 518 1870 et
536 1842 584 1870 hos
602 1851 713 1881 quoque
730 1845 825 1881 ipsos,
847 1852 914 1881 quos
933 1842 1050 1876 beavit,
1069 1836 1213 1878 perdidit.

166 1891 272 1923 Turdi.
311 1892 369 1923 Est
392 1893 464 1922 haec
479 1892 577 1922 fabula
597 1901 653 1922 una
670 1893 745 1922 inter
765 1903 870 1931 paucas
886 1901 958 1930 quas
973 1892 1065 1929 ipsius
1081 1888 1181 1919 Faerni
1197 1885 1359 1918 inventioni
1373 1886 1529 1922 debemus,
1548 1892 1646 1921 quam-

127 1953 185 1982 que
201 1954 236 1974 eo
256 1944 352 1975 minus
368 1944 485 1982 ingenio
505 1944 583 1973 iuius
606 1944 768 1981 adjudicare
787 1945 973 1980 dubitamus,
996 1942 1076 1979 quod
1094 1939 1214 1970 omnino
1232 1939 1390 1976 exprimere
1412 1938 1443 1968 in
1462 1946 1494 1967 ea
1517 1935 1646 1965 voluisse

128 1994 260 2025 videatur
275 1995 467 2032 sententiam,
489 2004 572 2032 quam
595 1995 660 2033 ipse
686 1996 716 2025 in
737 1996 796 2026 vita
817 2004 930 2033 semper
953 2000 1071 2025 secutus
1097 1997 1153 2022 est.
1192 1990 1367 2027 Accepimus
1383 1989 1459 2019 enim
1481 1987 1619 2018 Faernum
1632 2004 1646 2022 ‚

129 2053 196 2075 cum
225 2037 405 2084 gratissinius
433 2053 509 2076 esset
534 2047 609 2084 Jano
642 2046 756 2084 Angelo
788 2046 944 2083 Mediceo‚
981 2042 1151 2078 Cardinali,
1187 2042 1238 2078 qui
1267 2047 1368 2079 postea
1401 2039 1476 2076 Papa
1506 2036 1564 2066 fuit
1595 2044 1648 2065 no·

131 2096 208 2127 mine
233 2096 279 2127 Pii
294 2099 363 2137 1v,
382 2098 467 2136 isque
491 2097 656 2129 honoribus
675 2098 757 2128 illum
777 2105 806 2129 et
831 2098 965 2136 praemiis
988 2104 1093 2128 ornare
1112 2094 1219 2131 vellet,
1252 2093 1320 2123 haec
1344 2089 1439 2122 omnia
1461 2088 1595 2119 abnuisse
1617 2095 1649 2142 ab

264 2141 267 2147 ι
887 2150 915 2180 C
935 2158 953 2178 2
1591 2145 1652 2175 prr-
