1919 2511
430 169 658 203 RESPONSIO
679 171 734 202 AD
754 166 1065 207 QUAESTIONEM
1083 167 1309 200 PHYSICAM.
1601 179 1636 208 19

112 256 229 294 saepius
255 264 328 293 aqua
355 255 503 288 ablutum,
523 254 596 284 acidi
614 253 725 291 saporis
745 260 789 282 est
808 256 957 286 mutatque
976 251 1135 286 plantarum
1154 253 1305 281 coeruleos
1323 252 1435 282 colores
1455 254 1484 283 in
1509 254 1624 284 rubros.

114 308 196 337 Vidit
224 307 298 336 enim
323 306 503 342 Einhofius‚
521 314 586 335 cum
606 305 673 334 huic
700 305 728 334 in
748 310 865 341 potassa
888 303 1029 333 solutioni
1054 305 1174 341 copiose
1197 305 1347 334 adderetur
1375 308 1422 335 vel
1448 307 1556 337 acidum
1577 309 1630 345 hy-

112 359 349 394 rdrochloricum,
370 359 418 387 vel
444 357 633 392 sulfuricum,
654 356 761 393 deponi
777 355 941 391 materiem,
963 363 1055 392 quae,
1075 356 1143 385 licet
1167 356 1281 392 saepius
1304 357 1380 392 aqua
1401 357 1514 393 ablota‚
1536 365 1630 388 tamen

110 410 206 440 omnia
235 409 382 438 acidorum
409 414 582 437 monstraret
606 406 721 437 indicia.
764 407 855 444 Quod
878 413 973 436 autem
997 416 1057 436 non
1082 407 1145 436 fieri
1168 407 1204 437 ab
1224 408 1306 437 acido
1335 409 1383 437 vel
1408 408 1631 444 hydrochlorico

109 461 158 490 vel
181 460 322 490 sulfurico
346 460 491 496 admixto,
520 460 562 489 sic
588 458 735 496 probavit.
775 459 859 488 Hanc
887 458 977 495 ipsam
998 457 1141 487 materiem
1161 467 1260 487 rursus
1278 465 1396 495 potassa
1414 459 1521 495 solvit,
1546 459 1630 495 eique

106 517 218 540 tantum
244 511 351 540 addidit
372 511 448 540 acidi
464 511 588 547 acetici,
616 517 752 546 quantum
773 511 809 539 ad
828 516 960 547 potassae
977 510 1181 539 saturationem
1203 510 1272 539 satis
1296 517 1373 546 erat3
1397 517 1425 539 et
1449 510 1478 539 in
1496 519 1526 539 ea
1549 513 1627 540 solu-

110 561 190 591 tione
212 562 302 592 salina
332 571 427 599 neque
453 562 564 591 acidum
589 561 842 599 hydrochloricum
873 569 967 597 neque
990 560 1163 590 suifuricum
1186 560 1316 598 invenit,
1351 561 1404 590 sed
1427 561 1565 591 aceticum
1599 569 1627 590 et

107 612 336 649 phosphoricum
358 617 370 651 (
386 622 398 643 1
412 618 440 651 ).
1218 635 1221 638 -

148 664 224 694 Cum
249 672 344 694 autem
363 667 452 704 major
474 666 555 695 humi
575 665 669 695 acidae
694 674 759 702 pars
777 666 813 695 ab
840 665 979 696 alcalibus
1005 665 1155 700 solvatur,
1175 671 1235 692 non
1258 672 1330 693 vero
1354 664 1388 693 ab
1413 673 1505 701 aqua,
1528 665 1627 693 exinde

104 716 278 745 concludere
301 725 476 754 possumus,
504 718 624 746 humum
650 717 760 746 acidam
785 717 905 746 maxima
930 724 983 753 pro
1009 722 1089 752 parte
1111 721 1244 743 constare
1268 721 1394 743 extracto
1417 724 1490 750 aqua
1513 715 1626 744 insolu-

107 764 179 801 bili3
201 772 287 802 atque
315 767 414 796 exinde
439 768 495 805 jam
521 770 583 805 ejus
599 768 734 796 sterilitas
758 767 880 805 intelligi
903 772 1020 805 potest,
1045 774 1119 802 quae
1141 772 1234 794 tamen
1258 766 1378 793 maxime
1401 765 1512 794 videtur
1532 766 1626 801 expli·

105 816 195 846 canda
220 826 254 846 ex
281 818 389 853 acidis,
419 827 491 854 quae
515 827 575 848 non
600 819 697 854 aqua,
723 819 774 847 sed
801 819 937 848 alcalibus
967 817 1001 847 ab
1029 818 1062 846 ea
1093 818 1275 853 avelluntur,
1305 823 1333 845 et
1365 826 1437 852 quae
1465 817 1625 853 impediunt

112 875 173 904 quo
211 868 304 897 minus
339 870 401 897 acre
443 869 548 898 humus
589 875 715 898 mutetur
730 889 742 905 ,
779 869 823 898 uti
860 869 997 905 deinceps
1033 867 1234 905 probabimus.
1293 868 1420 897 Ustione
1462 876 1501 897 ex.
1540 869 1627 897 humo

105 917 186 947 acida
208 920 384 955 comparavit
407 919 564 949 Einhofius
589 922 685 949 oleum
714 920 1007 956 empyreumaficum,
1037 919 1148 948 acidum
1176 917 1380 954 carbonicum,
1411 918 1622 955 hydrogenium

104 968 310 1005 carbonicum,
340 977 368 998 et
389 971 537 999 humorem
561 979 684 1006 aquam,
713 970 824 999 acidum
849 970 988 999 aceticum
1016 977 1055 1009 et*
1071 969 1240 998 ammoniam
1259 970 1354 997 soluta
1373 975 1533 1000 tenentem.
1571 970 1622 998 Ci-

105 1026 186 1047 neres
214 1028 229 1047 e
246 1020 430 1049 *carbonibus
456 1028 525 1057 post
551 1020 694 1050 ustionem
722 1021 831 1050 relictis
857 1020 927 1049 facti
953 1020 1141 1050 continebant
1169 1020 1294 1054 calcem,
1324 1019 1471 1056 argillam,
1493 1021 1620 1057 oxydum

105 1067 176 1098 ferri
200 1075 228 1098 et
252 1071 449 1108 manganesii,
477 1079 507 1100 et
531 1071 642 1100 acidum
662 1070 890 1108 phosphoricum
912 1071 992 1110 (α).
1035 1071 1116 1109 Quae
1141 1070 1219 1099 acida
1243 1078 1304 1099 non
1327 1078 1390 1098 esse
1408 1071 1547 1108 producta
1568 1073 1619 1101 sed

104 1118 207 1148 educta
240 1120 398 1150 acutissimi
429 1122 566 1152 Gehlenii
597 1122 782 1151 confirmatur
807 1122 977 1150 auctoritate
1007 1122 1093 1159 (3).
1141 1120 1276 1156 Denique
1302 1127 1425 1149 testatur
1451 1121 1524 1151 idem
1548 1122 1622 1153 Ein-

104 1169 201 1199 hofius
225 1171 342 1200 humum
358 1172 474 1202 *acidam
500 1173 631 1202 exhalare
658 1174 764 1202 odores
790 1172 862 1201 acidi
887 1172 1009 1208 acetici,
1042 1172 1069 1200 si
1102 1171 1130 1200 ei
1162 1171 1280 1200 addatur
1304 1171 1417 1200 acidum
1448 1173 1620 1204 sulfuricum

103 1219 295 1251 fortissimum
316 1224 398 1260 (4).

105 1288 108 1291 <
143 1273 236 1310 Supra
254 1280 347 1302 aulem
365 1274 421 1311 jam
441 1274 605 1303 monuimus
617 1283 650 1303 ex
667 1273 797 1310 analogia⁴
816 1279 845 1302 et
865 1272 958 1310 ipsius
982 1273 1062 1303 humi
1072 1273 1165 1303 acidae
1186 1273 1308 1309 natura,
1330 1273 1405 1302 illam
1425 1281 1489 1303 esse
1508 1276 1622 1312 saepius

103 1323 279 1365 infertilem3
309 1330 338 1352 et
369 1324 441 1353 hanc
469 1333 536 1353 sane
561 1325 730 1354 sententiam
760 1324 910 1354 confirmat
937 1325 1132 1361 experientia,
1164 1326 1222 1361 qua
1249 1325 1422 1360 edocemur,
1451 1327 1542 1354 solum
1570 1328 1618 1356 vel

101 1384 187 1412 agros
211 1377 294 1404 talem
322 1375 440 1403 humum
463 1376 643 1405 continentes
667 1384 730 1403 esse
754 1375 916 1411 infertiles,
945 1384 1054 1412 eosque
1073 1385 1132 1405 non
1159 1375 1216 1404 nisi
1247 1375 1358 1404 vilioris
1379 1376 1491 1412 generis
1516 1377 1616 1406 herbas

102 1427 197 1462 alere,
219 1425 308 1454 veluti
322 1425 461 1461 Carices,
477 1425 608 1463 Juncos{‚
631 1433 658 1454 et
676 1425 873 1461 Eriophorum
885 1446 895 1462 ,
919 1434 992 1461 quae
1013 1426 1117 1454 herbae
1133 1426 1205 1455 hanc
1221 1425 1339 1454 humum
1362 1426 1467 1455 acidam
1486 1426 1527 1456 sic
1547 1436 1623 1456 sem-

103 1484 156 1512 per
182 1476 372 1506 concomitari
400 1478 514 1513 solent,
535 1484 569 1506 ut
595 1477 624 1506 in
649 1479 735 1512 5010,
759 1476 789 1505 in
807 1485 865 1512 quo
885 1476 950 1505 illae
968 1485 1121 1513 crescunt,
1143 1485 1257 1514 semper
1275 1477 1379 1506 humus
1398 1478 1477 1507 acida
1493 1478 1619 1508 invenia-

100 1533 150 1555 tur
171 1526 254 1565 (5).

1558 1579 1616 1609 Sed

137 1657 154 1692 (
164 1658 201 1694 ι)
219 1659 281 1686 Vid.
293 1660 396 1686 Einhof
415 1661 439 1686 in
463 1661 571 1694 Journal
585 1668 638 1686 von
654 1660 755 1686 Gehlen
769 1660 787 1687 l.
804 1661 823 1688 l.
838 1667 865 1687 et
880 1660 905 1686 in
919 1660 1037 1688 Hembst.
1053 1661 1072 1688 1.
1086 1661 1105 1688 1.
1121 1667 1182 1693 pag.
1197 1660 1256 1691 382.

137 1706 201 1740 (2)
221 1706 281 1734 vid.
300 1707 406 1733 Einhof
420 1709 438 1734 l.
456 1708 476 1734 l.

138 1751 200 1786 (3)
219 1753 278 1779 Vid.
290 1754 409 1779 Gehlenii
420 1753 553 1779 annotatio
569 1752 599 1778 ad
614 1752 728 1778 Einhofii
744 1760 885 1781 comment.
902 1755 1004 1787 saepius
1019 1754 1143 1780 laudatam
1161 1753 1188 1779 iu
1206 1754 1313 1789 Journal
1328 1763 1379 1781 von
1398 1756 1498 1783 Gehlen
1515 1758 1547 1786 B.
1564 1757 1608 1783 vi.

101 1798 129 1831 ι’).
147 1798 215 1831 384,
233 1800 278 1824 ubi
294 1800 357 1825 dicit
377 1801 535 1825 Gehleniusz
554 1819 571 1832 ,‚
589 1799 686 1825 Sollten
702 1801 743 1826 die
758 1801 930 1833 Essigsiiure,
949 1800 991 1827 das
1010 1801 1175 1827 Ammoniurn
1191 1807 1261 1832 etc.,
1278 1801 1321 1826 die
1337 1801 1400 1828 Hert
1419 1802 1522 1828 Einhof
1531 1803 1590 1828 fand
1601 1821 1610 1834 ‚

103 1847 122 1877 ,‚
140 1846 194 1871 wol
212 1846 237 1870 in
257 1845 303 1870 der
316 1846 382 1871 That
398 1846 502 1872 Educte
522 1845 576 1871 und
592 1846 665 1871 nicht
687 1847 813 1872 vielmehr
833 1847 964 1873 Producte
983 1847 1029 1873 der
1053 1848 1118 1872 Statt
1141 1847 1265 1879 gehabten
1290 1848 1457 1875 chemischen
1479 1851 1610 1876 Reaction

101 1911 119 1924 ,‚
138 1898 212 1923 seyn.
247 1892 284 1917 Es
307 1892 408 1917 scheint
429 1893 493 1923 mir,
511 1891 554 1917 das
576 1899 632 1917 man
654 1892 729 1916 einen
753 1893 803 1917 viel
825 1899 858 1917 zu
877 1900 960 1924 engen
976 1892 1077 1925 Begriff
1085 1893 1177 1925 gehabt
1193 1893 1260 1918 habe
1272 1912 1281 1925 ,
1300 1902 1360 1921 wen
1377 1903 1432 1921 man
1445 1896 1610 1928 dergleichen

103 1945 152 1963 nur
171 1939 216 1963 bei
236 1937 282 1963 der
305 1937 436 1963 Reactiou
452 1938 496 1963 des
515 1938 608 1963 Feuers
630 1938 665 1962 als
687 1943 795 1970 erzeugt
812 1938 917 1965 ansah.''
934 1952 969 1958 —
986 1940 1033 1966 Cf.
1054 1940 1129 1965 etiam
1151 1939 1207 1971 ejus
1220 1938 1329 1974 Journal
1349 1941 1382 1968 Β.
1400 1941 1450 1968 111.
1468 1949 1495 1974 p.
1505 1949 1564 1974 400.

136 1982 200 2016 (4)
219 1983 280 2010 Vid.
298 1983 401 2009 Einhof
416 1985 435 2010 1.
454 1985 471 2010 l.
490 1991 550 2016 pag.
562 1985 620 2015 380.

135 2027 151 2060 (
163 2027 205 2062 5)
225 2029 285 2055 Vid.
302 2029 397 2056 Thaer.
413 2030 464 2056 1.l.
486 2031 566 2056 B.II.
584 2038 643 2063 pag.
657 2037 706 2063 114
721 2036 747 2056 et
769 2036 827 2063 115.
862 2030 970 2057 Einhof.
989 2030 1008 2056 l.
1023 2031 1042 2056 l.
1059 2038 1086 2063 p.
1103 2031 1160 2061 380.
1178 2036 1204 2055 et
1225 2038 1267 2064 ap.
1285 2031 1415 2059 Hermbst.
1436 2033 1486 2058 1.1.
1512 2041 1538 2066 p.
1549 2039 1608 2065 353.

102 2079 130 2099 et
153 2072 276 2100 Heinrich
292 2075 450 2102 Schubarth.
466 2077 484 2102 l.
500 2076 519 2102 l.
546 2083 574 2108 p-
588 2083 631 2108 44.
667 2075 740 2101 Haec
766 2077 859 2107 etiam,
878 2083 907 2102 ut
925 2083 951 2101 et
968 2075 1082 2101 Einhofii
1100 2075 1131 2101 de
1149 2077 1226 2102 acidis
1247 2078 1327 2103 humo
1347 2079 1474 2104 contentis
1494 2077 1606 2111 dispula-

105 2121 164 2152 tio,
184 2122 286 2153 egregie
304 2121 488 2148 confirmantur
506 2123 671 2155 experientia
689 2128 714 2148 et
729 2130 776 2149 usu
794 2121 936 2149 incolarum
952 2122 1122 2149 Promontorii
1134 2122 1218 2148 bonae
1232 2124 1302 2156 spei,
1321 2125 1363 2157 qui
1376 2132 1450 2157 agros
1463 2125 1544 2152 dulces
1559 2124 1612 2152 dis·

898 2170 920 2196 C
939 2176 954 2195 2
1556 2173 1606 2197 tin-
