1919 2511
337 121 375 151 4⁴8
598 121 817 154 CLAUDII
857 120 1080 153 HENRICI
1120 129 1202 151 νΑΝ
1240 120 1584 154 HERWERD'EN

342 209 416 230 nora
431 210 529 231 secum
557 211 670 240 portare
691 206 764 243 (1).
804 205 980 235 Dicebantur
997 211 1089 234 autem
1113 204 1261 242 Capeliani
1283 205 1317 234 de
1334 212 1524 242 tegumento,
1545 206 1633 242 capa,
1656 205 1746 234 sancti
1767 206 1849 236 Mar-

345 252 420 287 tini,
448 262 521 289 quas
547 256 662 284 eximias
684 257 761 286 inter
782 257 897 294 imperii
912 256 1007 294 gallici
1026 255 1179 291 retimiiis,
1196 256 1229 284 ‘in
1251 256 1328 284 bello
1349 265 1446 285 secum
1470 256 1545 285 ferre
1568 256 1655 285 moris
1680 264 1755 286 esset
1771 258 1851 295 (a).

383 304 463 333 Haec
484 305 614 336 instituta
637 308 730 336 omnia
755 308 921 337 inserviisse
942 306 1198 344 superstitionibus
1223 307 1330 335 alendis
1354 314 1440 343 atque
1463 307 1622 344 augendis,
1653 309 1722 344 quid
1748 309 1849 338 attinet

346 355 564 386 demonstrare?
585 359 638 387 alia
656 368 749 388 earum
771 369 873 397 genera
885 358 1055 388 abhorrebat
1069 364 1096 386 et
1114 357 1331 393 exsecrabatur,
1352 367 1548 395 campanarum
1568 358 1740 394 baptismum
1762 359 1850 396 (3),

343 407 542 444 phylacteria,
562 409 696 446 auguria,
717 410 946 445 incantationes,
969 410 1126 447 sortilegia.
1166 409 1214 438 Ad
1243 418 1313 445 quae
1339 411 1465 439 tollenda
1490 417 1519 439 et
1543 410 1683 439 abolenda
1703 410 1850 447 episcopis

343 458 509 494 praecepit,
530 464 562 486 ut
588 469 644 489 una
666 469 730 489 cum
752 461 832 490 civili
850 461 1016 489 dioeceseos
1043 469 1110 488 suae
1130 459 1297 496 praefecto,
1320 461 1445 496 comite,
1468 461 1518 497 qui
1537 462 1716 497 vocabatur,
1737 460 1849 490 dioece-

344 509 389 538 sin
415 509 617 546 circumirent,
650 510 681 540 in
705 511 769 540 illas
799 520 845 540 res
868 511 1047 547 inquirerent
1067 521 1098 541 ae
1118 512 1152 541 de
1175 512 1268 540 medio
1294 521 1340 541 eas
1366 514 1501 542 tollerent
1521 513 1605 549 (4).
1646 513 1748 542 Vetuit
1767 513 1850 543 etiam

342 560 440 595 ignota
464 563 628 597 angelorum
654 562 770 591 nomina
799 562 868 599 fingi
888 569 915 590 et
938 562 1078 591 nominari
1099 563 1178 600 (5).
1217 563 1324 599 Neque
1345 563 1416 592 falsa
1441 570 1598 600 martyrum
1620 563 1735 593 nomina
1758 564 1852 593 hono-

344 611 400 639 rari
420 611 513 640 voluit
534 612 614 649 (6).
650 613 793 650 Judicium
815 613 871 641 Dei
891 612 1049 642 vindicavit
1071 615 1148 651 (7).
1189 613 1223 643 ln
1236 620 1410 643 ‘testamento
1423 622 1481 643 suo
1500 620 1597 642 tamen
1613 622 1672 644 non
1691 614 1850 651 sanguine,

344 662 395 690 sed
414 663 507 691 crucis
524 663 633 700 Judicio
659 664 724 693 lites
753 665 846 694 dirimi
871 664 970 703 J'ussit.

384 713 474 741 Hisce
497 714 609 750 legibus
632 715 757 744 Carolus
780 716 841 745 sine
869 715 958 744 dubio
985 715 1128 752 egregium
1151 715 1266 752 petebat
1290 723 1423 752 scopum.
1462 715 1519 745 Sed
1543 724 1609 745 cum
1636 715 1690 745 alia
1714 715 1856 752 supersti-

344 764 457 792 tionum
477 773 578 801 genera
593 764 725 794 fundaret
742 773 791 794 aut
814 765 995 794 confirmaret
1007 785 1017 799 ‚
1038 766 1093 794 alia
1107 767 1222 794 tolleret
1238 773 1324 801 atque
1341 767 1454 795 abolere
1473 774 1643 802 conaretur,
1664 766 1765 795 nocuit
1783 767 1857 795 mul-

347 820 380 842 to
403 814 491 851 magis
516 816 670 852 ecciesiae,
695 825 778 853 (suam
804 816 919 852 quidem
939 815 1061 852 profuit.
1102 816 1177 845 Cum
1196 816 1269 845 enim
1284 817 1436 846 ‘hominum
1452 818 1605 854 agrestium
1621 816 1707 845 animi
1727 816 1811 852 proni
1828 822 1857 844 et

349 867 433 901 quasi
454 866 523 895 facti
543 874 571 896 et
592 868 650 897 nati
669 869 704 897 ad
723 867 943 905 superstitiones
963 868 1133 903 videantur,
1154 869 1325 904 plerumque
1343 867 1409 897 hinc
1433 867 1556 904 accidit,
1577 874 1609 896 ut
1633 867 1752 896 simulac
1767 874 1858 896 unum

349 918 411 954 ejus
439 925 530 953 genus
556 926 735 955 cognoscant
762 927 790 948 et
815 920 1043 955 amplectantur,
1073 920 1192 948 alterum
1218 927 1334 954 quoque
1358 925 1503 954 aucupent
1527 925 1613 954 atque
1639 924 1856 946 consectentur.

352 967 444 1004 Quam
464 968 653 1004 sententiam,
676 970 754 1004 quod
775 969 810 998 ad
834 969 932 998 Cato'li
957 969 1087 998 instituta
1104 968 1224 1004 attinet,
1239 969 1472 1006 locupletissime
1489 967 1690 1004 comprobavit
1708 966 1856 1003 sequentis

348 1018 412 1047 aevi
434 1018 564 1048 hIstoria.
606 1019 774 1048 Sanctorum
801 1028 949 1048 numerum
968 1028 1069 1056 augere
1089 1020 1398 1057 eorumqueimagines
1415 1020 1510 1049 colere
1528 1019 1619 1048 vetuit
1640 1020 1784 1055 Carolus;
1807 1027 1858 1048 ve·

352 1069 444 1099 nei-ari
470 1078 520 1099 eos
550 1077 578 1099 et
597 1070 731 1099 invocare
755 1069 908 1107 permisit,
935 1070 1070 1106 reliqmas
1087 1079 1184 1099 eorum
1209 1070 1292 1100 etiam
1310 1070 1490 1099 sanctissime
1509 1071 1623 1106 coluit3
1644 1069 1732 1107 igitur
1750 1069 1858 1099 factum

352 1127 396 1149 est
410 1140 421 1156 ,
445 1127 475 1149 ut
496 1129 593 1149 eorum
610 1129 746 1150 numerus
766 1121 906 1150 continuo
929 1129 1091 1158 cresceret,
1111 1131 1165 1151 nec
1186 1131 1247 1151 non
1269 1121 1343 1151 intra
1359 1122 1466 1151 saeculi
1488 1122 1611 1158 spatium
1632 1121 1859 1158 superstitiosis-

350 1171 422 1201 sima
439 1171 592 1208 imaginum
609 1180 709 1200 eorum
727 1171 872 1200 veneratio
891 1177 919 1200 et
943 1173 1038 1201 cultus
1056 1181 1107 1209 per
1125 1181 1237 1202 omnem
1255 1172 1368 1208 imperii
1389 1172 1526 1201 ditionem
1543 1180 1574 1201 se
1593 1172 1756 1201 extenderet
1775 1171 1818 1208 (8
1829 1171 1859 1208 ).

352 1222 445 1251 Etiam
469 1230 666 1258 campanarum
693 1221 854 1259 baptismus
872 1221 953 1251 brevi
977 1229 1106 1259 tempore
1119 1223 1207 1252 rediit
1228 1223 1308 1260 (9).
1344 1222 1438 1261 >Quod
1454 1222 1489 1251 ad
1505 1222 1560 1251 Dei
1573 1222 1713 1260 judicium
1733 1219 1858 1261 attinet,

351 1272 480 1310 S-pitlero
504 1273 636 1302 assentiri
660 1282 719 1302 non
740 1272 863 1308 dubito,
892 1272 941 1308 qui
960 1272 1055 1309 illud,
1084 1273 1139 1302 etsi
1165 1282 1264 1310 parum
1285 1273 1459 1304 Christianis
1487 1273 1660 1309 conveniat,
1687 1279 1781 1302 tamen
1808 1282 1860 1309 ap·

352 1324 494 1353 tissimum
517 1323 610 1352 fnisse
633 1330 785 1359 autumet,
806 1324 841 1352 ad
857 1323 971 1360 saepius
993 1325 1178 1353 revocandam
1200 1324 1230 1354 in
1256 1324 1420 1353 rudIoribus
1444 1324 1588 1353 mentibus
1606 1323 1798 1361 gravissimam
1816 1332 1861 1352 sa·

354 1375 594 1410 lubertimamque
617 1374 786 1412 veritatem,
815 1375 910 1404 Deum
931 1374 1026 1404 ubivis
1047 1382 1227 1412 praesent-em
1253 1375 1371 1412 adesse,
1400 1375 1494 1405 omnia
1516 1375 1615 1412 scire,
1637 1374 1730 1404 omnia
1758 1373 1862 1412 guber-

350 1435 419 1458 nare
437 1425 481 1462 (9
493 1425 518 1463 3.

388 1530 452 1563 (1)
469 1528 602 1562 Capina.
618 1529 676 1560 803.
692 1534 732 1560 ap.
749 1528 807 1555 Bal.
827 1536 855 1561 p.
870 1535 934 1562 409.

385 1575 454 1610 (α)
473 1575 533 1602 vid.
552 1574 587 1600 du
606 1575 700 1599 Fresne
721 1575 746 1599 in
771 1574 861 1600 Gloss.
883 1575 979 1607 Script.
1003 1573 1074 1601 med.
1097 1581 1124 1601 et
1144 1574 1194 1602 inf.
1217 1574 1260 1601 lat.
1276 1574 1303 1600 in
1325 1581 1356 1602 v.
1383 1580 1448 1609 capa
1467 1574 1495 1603 S.
1521 1573 1640 1600 Martini
1662 1580 1690 1606 p.
1707 1578 1766 1607 775.
1789 1573 1815 1599 in
1833 1579 1862 1599 v.

352 1623 488 1656 Capeliani
507 1629 533 1654 p.
550 1620 616 1653 783,
634 1621 696 1653 784,
712 1626 731 1646 t.
746 1620 769 1646 Ι.

387 1668 405 1701 (
417 1675 430 1699 3
440 1666 456 1699 >
474 1666 561 1698 Capit.
574 1674 596 1692 a.
612 1665 672 1698 769.
688 1673 716 1692 n.
725 1672 752 1698 5.
768 1672 808 1698 ap.
831 1666 920 1699 Bouq.
940 1673 969 1698 p.
980 1665 1043 1700 657.
1176 1664 1195 1700 ζ
1205 1664 1246 1700 4)
1268 1665 1356 1699 Capit.
1371 1673 1395 1694 a.
1407 1666 1468 1700 769.
1485 1674 1509 1695 u.
1523 1665 1558 1698 6,
1572 1672 1598 1700 7.
1617 1666 1636 1692 1.
1652 1665 1673 1691 i.

390 1712 458 1747 (5)
477 1712 565 1744 Capit.
580 1718 603 1737 a.
620 1712 671 1738 inc.
689 1718 717 1737 ιι.
730 1716 756 1742 3.
774 1712 793 1737 1.
811 1712 830 1738 1.
853 1719 880 1744 p.
896 1711 957 1743 690.

390 1758 433 1791 (6
443 1762 458 1791 )
474 1756 535 1784 Vid.
547 1764 627 1783 cene.
643 1757 738 1788 Aquis.
756 1763 798 1788 gr.
816 1763 851 1782 ex
870 1757 990 1790 Carthag.
1012 1756 1129 1783 concilio
1147 1757 1248 1790 repetit.
1263 1763 1305 1791 ap.
1318 1757 1413 1784 -Baluz,
1431 1765 1459 1790 p.
1473 1758 1535 1784 328.

388 1807 453 1839 (7)
474 1803 561 1836 capit.
579 1809 602 1828 a.
611 1803 669 1834 809.
684 1810 709 1829 c.
723 1809 767 1830 no.
869 1803 884 1834 (
894 1802 932 1834 8)
947 1802 1008 1832 Vid.
1024 1802 1132 1837 Spittler
1145 1810 1173 1837 p.
1184 1803 1387 1837 245.Sch16ck12
1403 1802 1490 1831 uXX.
1505 1811 1534 1837 p.
1551 1809 1608 1831 ιιι.
1624 1802 1754 1830 ῑ.ΧΧΙΙΙ.
1766 1810 1794 1838 p.
1807 1809 1864 1836 143.

388 1850 456 1885 (9)
472 1849 503 1876 P.
519 1855 576 1882 257.
600 1848 641 1876 cf.
658 1847 787 1883 Dippoldt
807 1855 836 1882 p.
852 1847 902 1881 56,
917 1855 962 1882 57.
