1919 2511
360 149 380 173 4
623 137 848 170 CLAUDII
886 137 1111 171 HENRICI
1151 150 1231 172 VAN
1271 141 1623 174 HERWERDEN

645 400 990 442 CAPUT
1098 404 1586 453 PRIMUM,

555 513 604 535 DE
635 514 792 535 CAROLI
821 514 977 543 MAGNI,
1011 515 1055 535 AD
1088 516 1361 539 RELIGIONEM
1391 518 1682 540 CHRISTIANAM

628 564 960 595 PROPAGANDAM‚
990 566 1125 587 REBUS
1155 568 1305 589 GESTIS
1333 570 1382 590 Ac
1410 567 1606 590 MERITIS.

706 689 1089 722 SECTIO
1181 692 1518 733 PRIMA,

475 788 583 817 QUAE
614 788 809 811 CAROLUS
839 790 1034 818 MAGNUS,
1064 791 1115 812 AD
1143 792 1468 815 PROPAGANDAM
1494 792 1762 814 RELIGIONEM

566 840 893 869 CHRISTIANAM,
922 841 962 861 IN
989 841 1169 863 SAXONIA
1199 843 1350 873 FECIT,
1379 842 1670 866 EXPONUNTUR

903 892 955 913 ET
989 892 1328 922 DIJUDICANTUR.

719 1022 750 1057 §·
774 1029 803 1051 1.
850 1021 896 1049 De
915 1020 1062 1051 Saxonicd
1076 1029 1160 1061 gente
1173 1030 1270 1061 pauca
1284 1031 1519 1064 praemonentur.

358 1073 565 1146 Bellorum,
596 1117 667 1146 quae
691 1108 816 1139 Carolus
836 1110 962 1148 Magnus
980 1112 1091 1150 gessit,
1122 1114 1268 1147 omnium,
1297 1115 1332 1143 ad
1355 1113 1523 1150 religionem
1543 1111 1613 1150 Jesu
1635 1112 1746 1142 Christi
1768 1121 1873 1150 propa-

362 1165 502 1201 gandam,
531 1166 641 1194 nullum
667 1164 801 1201 profecto
825 1165 855 1194 in
880 1165 942 1194 aevi
967 1167 1029 1202 ejus
1053 1165 1204 1194 annalibus
1227 1165 1266 1194 ita
1288 1164 1444 1201 inclaruit,
1473 1172 1568 1200 neque
1592 1163 1666 1192 fama
1692 1173 1744 1201 per
1773 1165 1873 1193 orbem

356 1215 508 1245 illustriori
531 1215 704 1244 celebratum
723 1221 787 1251 est,
817 1224 849 1244 ac
865 1216 1085 1252 expeditiones,
1112 1225 1183 1252 quas
1206 1225 1270 1244 cum
1293 1215 1434 1245 Saxonica
1453 1222 1536 1252 gente
1552 1214 1680 1252 suscepit
1700 1216 1734 1244 ad
1751 1215 1873 1244 exitum-

360 1275 416 1303 que
442 1266 587 1303 perduxit.
627 1266 704 1295 Nam
730 1256 803 1296 sive]
821 1268 963 1303 populum
978 1287 988 1303 ‚
1012 1275 1136 1302 quocum
1162 1275 1220 1296 rem
1245 1267 1366 1303 habuit3
1397 1267 1493 1303 ipsum
1515 1273 1650 1303 spectes,
1671 1274 1792 1295 numero
1815 1274 1872 1294 ma-

360 1318 485 1351 ximum‚
507 1318 614 1347 virtute
639 1317 795 1355 eximium,
816 1318 908 1347 avitae
937 1318 1086 1354 religionis
1113 1324 1140 1346 et
1164 1317 1303 1346 libertatis
1330 1317 1562 1353 tenacissimum3
1586 1317 1647 1346 sive
1669 1317 1871 1354 longissimum

357 1368 520 1399 consideres
549 1368 674 1405 spatium
703 1368 865 1405 temporis,
899 1377 978 1404 quo,
1008 1369 1043 1398 ab
1070 1374 1194 1404 utroque
1221 1369 1306 1397 hoste
1323 1389 1333 1403 ‚
1362 1368 1424 1404 pari
1456 1377 1521 1397 cum
1552 1367 1724 1397 fortitudine
1749 1375 1777 1397 et
1803 1376 1875 1397 con-

362 1420 466 1450 stantia
489 1419 626 1448 bellatum
658 1426 723 1456 est3
754 1420 815 1449 sive
840 1419 964 1455 denique
989 1419 1074 1448 finem
1105 1419 1174 1448 belli
1202 1421 1393 1455 sequelasque
1427 1421 1489 1457 ejus
1524 1420 1656 1457 cogites,
1685 1420 1768 1448 aliter
1791 1419 1873 1455 equi·

358 1473 420 1500 dem
446 1480 505 1500 non
532 1470 593 1499 fieri
615 1479 703 1506 posse
736 1470 880 1507 arbitror,
908 1471 978 1506 quin
1009 1470 1230 1507 praeclarissimi
1261 1471 1323 1508 eJus
1348 1470 1415 1499 facti
1441 1470 1592 1506 tractatio,
1621 1471 1650 1500 in
1673 1472 1736 1499 mea
1757 1470 1871 1506 quidem

361 1521 555 1558 disputatione
579 1520 739 1557 principem
759 1527 852 1550 teneat
879 1522 989 1552 locum.
1030 1522 1097 1560 Qua
1120 1522 1229 1551 ratione
1251 1528 1413 1559 temporum
1435 1523 1506 1551 ordo
1534 1530 1652 1558 quoque
1678 1521 1787 1558 optime
1813 1528 1871 1549 ser·

358 1580 452 1601 VCUll'.

396 1623 524 1651 Saxones
545 1622 574 1651 in
590 1628 648 1651 tres
664 1623 754 1652 veluti
771 1622 864 1651 tribus
881 1623 1112 1660 VVestfalorum,
1137 1624 1367 1660 Osterlingornm
1393 1631 1420 1652 et
1438 1622 1629 1660 Angariorum
1649 1621 1759 1652 divisos
1780 1621 1868 1650 fuisse

359 1673 522 1710 accepimus
544 1673 621 1709 (1).
663 1674 756 1711 Quam
775 1673 941 1702 incolebant
961 1675 1106 1710 regionem
1119 1694 1129 1709 ,
1150 1683 1181 1703 ea
1206 1675 1239 1703 ab
1266 1674 1386 1703 Oceano
1404 1673 1577 1703 Germanico
1595 1675 1630 1702 ad
1655 1672 1867 1709 Thuringiam,

356 1724 391 1753 ab
417 1724 487 1754 Albi
518 1723 608 1752 fluvio
633 1724 669 1752 ad
701 1724 837 1752 Rhenum
873 1732 965 1760 usque
991 1724 1104 1761 patebat
1125 1725 1199 1762 (2).
1251 1724 1374 1754 Saxonia
1399 1724 1519 1753 inferior
1544 1731 1572 1753 et
1602 1723 1751 1754 Westfalia
1783 1723 1866 1753 hodie

358 1774 462 1804 dicitur
483 1775 562 1812 (3).

394 1825 552 1862 Triplicem
578 1825 726 1856 hominum
749 1825 878 1856 ordinem
905 1835 998 1856 rerum
1020 1826 1225 1857 Saxonicarum
1252 1826 1410 1863 scriptores
1439 1834 1614 1864 memorantg.
1638 1826 1802 1864 nobilium,
1825 1825 1867 1856 in-

1817 1885 1866 1914 ge-

389 1960 456 1994 (1)
481 1960 542 1987 Vid.
560 1960 627 1988 Ann.
644 1961 740 1988 Poetae
751 1961 873 1987 Saxonici
884 1979 893 1992 ,
919 1962 943 1987 in
965 1962 1135 1995 scripioribus
1153 1968 1240 1988 rerum
1257 1962 1402 1994 gall-icarum
1413 1980 1421 1993 ‚
1444 1969 1509 1995 quos
1530 1962 1606 1988 edidit
1622 1962 1758 1994 Bouquet,
1783 1960 1816 1987 T.
1831 1958 1865 1985 V.

355 2015 383 2041 p.
400 2013 457 2040 137·
474 2007 504 2032 ad
525 2014 614 2032 annum
632 2014 692 2040 772.
711 2008 729 2034 l.
742 2007 775 2033 1:
795 2015 844 2041 472
863 2015 920 2040 sqq.

389 2051 453 2085 (2)
471 2052 530 2079 Vid.
550 2053 591 2078 M.
608 2054 632 2088 J.
652 2053 787 2085 Schmidt,
815 2054 972 2079 Gesehichte
987 2054 1032 2080 der
1047 2056 1199 2082 Teutscheu
1211 2075 1219 2088 ,
1239 2062 1259 2082 t,
1276 2056 1314 2081 ΙΙ.
1332 2055 1351 2081 l.
1367 2062 1394 2087 3.
1412 2062 1438 2081 c.
1454 2061 1478 2082 1.
1498 2061 1525 2087 p,
1537 2061 1565 2087 9.

389 2097 454 2132 (3)
474 2099 609 2132 Schrbck,
628 2099 782 2126 christliche
800 2099 1085 2134 KIrchengesehichte,
1105 2109 1123 2130 t.
1137 2103 1208 2129 XIX.
1226 2110 1253 2135 p.
1269 2103 1328 2135 852.

1917 1667 1919 1686 ι

1915 1701 1919 1762 ἐ

1913 1775 1917 1855 ἶ

1910 1925 1912 1950 2

1907 1982 1910 2055 i

1904 2121 1906 2149 Ι

1901 2199 1904 2256 :

1899 2277 1902 2304 Ι
