1919 2511
276 157 313 184 60
552 154 837 194 JOANNIS
897 153 1212 186 HERMANI
1275 157 1496 192 KROON

563 237 642 265 Dum
662 239 773 267 tunicas
787 239 892 277 ponit,
913 243 1024 276 quanta
1045 239 1170 278 afficitur
1189 240 1330 269 miseria?

561 287 623 326 Ego
643 297 736 326 nunc,
757 289 833 328 quod
851 298 904 320 non
919 288 1057 326 faturum
1081 291 1116 319 ’st
1128 289 1256 328 formido
1275 297 1383 320 tamen.

977 394 1093 405 —

385 455 676 498 vFABULA
735 469 1302 507 QUADRAGESIMA⁴
1336 471 1643 505 SEPTIMA.

947 567 1004 587 M-ts
1023 569 1041 588 R
1057 569 1074 589 Ε
1092 569 1123 588 S·-

560 638 677 668 Coactus
696 641 761 670 olim
780 650 866 679 quum
885 650 998 673 senatus
1018 646 1145 676 murium

559 688 743 718 Deliberaret
755 712 766 727 ,
786 700 872 721 saeva
890 703 943 728 quo
959 702 1072 733 possent
1095 696 1172 726 modo

560 739 749 777 cavensem
762 740 853 777 furta
866 761 877 777 ,
904 748 933 770 et
952 743 1072 771 insidiae
1089 755 1212 783 graves,

557 790 693 819 Decrevit
714 800 806 827 unus,
825 791 893 820 collo
917 797 949 819 ut
969 790 1135 820 adversarii

561 840 768 878 Suspenderent
787 851 827 870 ex.
842 846 908 869 aere
927 841 1154 871 tintinnabulum
1167 863 1178 878 ,

564 890 652 927 Cujus
670 900 732 920 sono
749 890 832 919 illum
852 890 945 920 adesse
959 894 1206 929 persentiscerent.

558 940 688 970 Probare
703 949 758 980 pro
778 950 804 970 se
823 943 939 979 quisque
957 943 1124 979 consilium5
1146 950 1173 972 et
1192 945 1297 974 statim-

557 991 673 1029 Coepere
688 990 806 1029 pedibus
825 993 870 1020 ire
888 992 920 1020 in
938 993 1012 1022 bane
1031 996 1211 1025 sententiam.

557 1040 628 1070 Tum
648 1042 684 1070 ab
703 1042 765 1070 sede
785 1051 901 1079 surgens
921 1052 993 1072 unus
1014 1053 1047 1072 ex
1065 1046 1255 1082 primoribus,

560 1092 615 1121 Cui
633 1101 709 1120 cana
729 1092 838 1121 vetulas
858 1092 951 1122 barba
970 1093 1084 1122 velabat
1101 1103 1211 1131 genas,

561 1142 659 1170 Manu
678 1143 822 1171 silentium
841 1144 1003 1180 imperans,
1024 1145 1095 1171 mihi
1113 1153 1220 1181 quoque

556 1192 721 1227 Probatur,
742 1198 774 1220 ut
792 1193 839 1220 cui
858 1194 983 1221 maxime
994 1213 1005 1229 ,
1027 1193 1095 1222 haec
1113 1195 1253 1224 sententia
1261 1203 1274 1223 .·

557 1242 615 1270 Sed
630 1251 677 1272 oro
696 1250 741 1270 vos
754 1262 764 1277 ,
785 1243 867 1279 quis,
889 1244 1007 1280 inquit,
1028 1253 1064 1273 cx
1084 1244 1182 1282 nobis,
1203 1251 1300 1283 patres
1312 1264 1323 1281 ,

559 1292 623 1322 Eeli
642 1293 719 1321 ausit
738 1292 863 1332 alligare
881 1294 1108 1324 tintinnabulum
1119 1297 1136 1324 ἓ

559 1391 666 1422 Carent
682 1394 842 1432 periculosa
861 1395 983 1425 aemilia¹
999 1397 1090 1426 exitua

307 1493 420 1521 Mures.
461 1492 569 1523 Fabula
594 1495 664 1523 haec
684 1495 745 1525 sine
766 1496 856 1525 dubio
884 1495 1021 1532 originem
1046 1495 1124 1525 dedit
1147 1496 1303 1533 proverbio
1328 1496 1468 1533 Belgico:

546 1545 611 1574 Wie-
630 1546 685 1574 zal
701 1546 737 1582 eff
748 1546 832 1583 durft
850 1546 884 1574 de
903 1547 954 1575 kat
972 1547 1006 1575 de
1024 1547 1069 1576 bel
1086 1547 1278 1584 aanbangen?

267 1593 355 1622 Unde
379 1603 439 1623 eam
459 1594 585 1625 Faiirnus
607 1596 779 1626 desumserit
796 1596 891 1625 dIcere
916 1606 976 1627 non
1004 1597 1115 1634 ausim;
1143 1598 1218 1634 apud
1245 1603 1354 1626 veteres
1383 1603 1460 1626 certe
1488 1605 1546 1626 eam
1571 1605 1631 1627 non
1660 1598 1779 1634 ὠκεῖς

267 1651 367 1672 verum
397 1652 635 1675 commemoratur
666 1656 681 1675 a
707 1647 892 1677 Desbiuonio
925 1647 1000 1678 inter
1032 1647 1145 1678 fabulas
1171 1647 1314 1678 Absternii
1351 1647 1415 1678 No.
1438 1656 1513 1686 1953
1558 1647 1616 1676 vid.
1649 1649 1684 1677 ad
1717 1651 1777 1686 ejus

268 1693 329 1722 fab.
348 1703 377 1728 7.
408 1695 479 1726 Lib,
499 1696 553 1725 v1.

308 1744 427 1773 Coactus
452 1752 576 1774 senatus.
618 1746 719 1784 Cogere
745 1754 789 1777 est
809 1748 925 1785 propria
952 1750 1003 1779 hac
1030 1750 1061 1779 sn
1085 1758 1116 1778 re
1137 1759 1206 1780 vox.
1247 1749 1314 1779 Cic.
1339 1749 1374 1778 ad
1395 1749 1464 1779 Div.
1492 1747 1563 1779 Lib.
1583 1748 1620 1780 V.
1644 1750 1729 1786 epist.
1749 1758 1777 1780 2.

269 1814 287 1830 2,
306 1804 392 1832 quam
411 1796 465 1824 cito
484 1803 613 1824 senatum
632 1797 682 1827 illo
700 1793 765 1835 die,
778 1799 866 1835 facta
885 1801 1049 1836 sortitione,
1069 1802 1208 1838 coegerim
1223 1800 1244 1813 '¹’

307 1845 415 1874 Cavere
429 1861 466 1868 —
484 1846 616 1877 insidias.
658 1847 779 1878 Sueton.
796 1849 826 1878 in
844 1850 930 1879 Caes.
950 1858 1011 1886 cap.
1027 1851 1077 1880 86.
1109 1871 1127 1886 ,‚
1144 1851 1208 1879 Alii
1225 1860 1239 1879 e
1261 1851 1369 1880 diverso
1386 1853 1558 1889 opinantur,
1580 1851 1700 1880 insidias
1725 1861 1775 1880 un-

271 1917 289 1932 „
308 1895 392 1934 dique
408 1898 583 1926 imminentes
599 1897 694 1926 subire
717 1900 801 1929 semel
812 1900 965 1936 confessum
989 1902 1080 1930 satius
1104 1910 1178 1937 esse,
1199 1910 1297 1939 quam
1311 1911 1414 1932 cavere
1435 1900 1570 1940 semper”

309 1947 561 1977 Persentiscerent.
601 1948 730 1978 Verbum
754 1957 898 1980 mutuatus
923 1957 967 1979 est
988 1951 1098 1980 Noster
1121 1960 1138 1980 a
1159 1951 1282 1982 Terent.
1301 1961 1355 1981 suo
1375 1953 1484 1983 Heaut.
1512 1952 1581 1982 Act.
1599 1952 1654 1980 lV.
1676 1952 1725 1981 Sc.
1747 1961 1776 1989 5.

269 2007 313 2026 vs.
332 2006 381 2027 21.
407 2005 434 2026 et
463 1999 530 2027 Act.
549 1998 589 2028 V.
618 1999 666 2028 Se.
690 2008 717 2028 1.
742 2009 787 2030 vs.
804 2009 853 2038 43.

306 2048 363 2075 Pro
385 2057 412 2075 se
432 2050 557 2085 quisque.
597 2048 780 2079 Latinissime
805 2052 923 2083 dictum.
951 2052 1073 2083 Terent.
1095 2052 1199 2082 Heaut.
1225 2053 1294 2084 Act.
1315 2055 1341 2084 1.
1371 2054 1420 2083 Sc.
1443 2062 1472 2084 ι.
1499 2061 1543 2082 VS.
1563 2062 1609 2090 74·
1643 2074 1661 2088 n
1680 2060 1734 2091 P'O
1749 2063 1776 2082 5⁶

271 2117 290 2133 „
312 2107 426 2135 qusth
445 2097 535 2127 sedulo
548 2097 678 2135 fucabat
690 2100 709 2112 ”
731 2101 813 2139 Virg.
834 2103 910 2133 Aen.
939 2103 997 2135 Lib
1015 2105 1081 2135 ΧΗ.
1105 2113 1149 2135 vs.
1167 2113 1235 2142 552.

1714 2153 1772 2182 Pro
