1919 2511
283 177 319 206 14
615 164 797 196 ANTONII
821 165 998 196 HENRICI
1016 173 1084 196 van
1103 172 1169 195 nen
1189 163 1306 196 BOON
1325 164 1474 197 MESCH

281 250 497 282 droelilorieum
523 249 613 278 affudi
639 258 709 286 quas
745 257 796 285 per
829 251 935 278 colatas
967 254 996 277 et
1020 247 1150 284 limpidas
1179 250 1277 279 eadem
1298 249 1428 286 ratione,
1457 257 1541 286 quam
1565 253 1738 288 memoravi,
1771 257 1800 283 et

282 303 384 332 eodem
410 308 513 332 eventu
533 301 651 330 tentavi.
694 302 806 330 Horum
833 308 925 329 autem
952 301 1211 337 experimentorum
1239 301 1394 338 rationem,
1418 309 1474 337 qua
1500 301 1630 330 instituta
1658 310 1742 338 sunt,
1771 310 1800 334 et

281 360 440 389 eventum,
468 361 551 389 quem
580 359 799 386 monstrarunt,
829 359 960 381 accurate
991 352 1114 382 indicare
1148 356 1250 389 operae
1286 352 1413 389 pretium
1445 352 1598 389 judicavi,
1633 361 1697 382 cum
1734 354 1799 383 illae

279 405 363 434 humi
381 412 476 441 partes
499 404 663 433 viderentur
688 403 776 432 ferme
803 403 946 437 omissae..
967 410 1054 439 atque
1076 403 1110 432 ab
1138 403 1201 432 aliis
1229 404 1302 432 ratio
1319 424 1330 439 ,
1357 411 1414 439 qua
1438 403 1494 432 hoc
1519 405 1565 432 vel
1591 403 1662 432 illud
1685 404 1800 434 invene·

278 457 363 492 rint,
380 457 474 485 minus
500 461 628 483 accurate
650 461 725 483 esset
755 454 888 483 indicata.
929 454 969 483 Et
994 463 1092 483 revera
1116 454 1232 483 minime
1257 455 1435 491 spernendae
1458 451 1536 483 erant
1559 454 1612 483 hae
1633 455 1712 484 humi
1735 464 1802 492 par-

280 514 347 543 tes,
372 508 478 543 quippe
504 515 574 542 quas
600 506 687 534 simul
705 514 769 534 cum
787 511 912 533 extracto
932 505 1011 533 humi
1027 514 1043 533 a
1063 506 1167 541 plantis
1191 506 1297 534 hauriri
1316 513 1344 534 et
1361 506 1431 542 alii,
1452 505 1572 535 maxime
1595 513 1689 536 autem
1716 506 1802 536 Saus·

282 558 381 588 surius
399 558 519 594 docuit3
549 564 635 592 atque
657 557 724 585 haec
749 556 889 585 sententia
906 556 1040 592 deinceps
1068 565 1127 585 non
1147 555 1295 593 dijudicari
1318 557 1485 593 potuisset,
1509 557 1565 586 nisi
1591 557 1712 594 primum
1735 566 1802 594 pro·

283 610 383 639 batum
410 609 535 645 fuisset,
564 609 649 638 hasce
675 615 769 644 partes
798 615 826 637 et
850 608 878 636 in
907 608 994 635 humo
1014 607 1107 636 inesse
1130 614 1158 636 et
1176 609 1241 645 ejus
1266 611 1421 636 extractum
1445 608 1646 638 concomitari.

324 662 382 690 Sed
409 662 494 690 modo
531 660 608 696 dixi,
638 668 683 688 me
707 659 786 688 humi
817 666 974 687 extractum
1005 659 1133 695 ussisse3
1163 659 1249 694 idque
1285 659 1389 695 partim
1425 658 1500 695 feci,
1530 665 1562 688 ut
1590 659 1631 688 sic
1666 660 1739 689 sales
1773 665 1801 689 et

284 720 376 742 terrae
400 711 513 741 facilius
538 712 797 747 dignoscerentur,
828 710 929 746 partim
954 711 1037 739 etiam
1062 710 1094 738 ut
1116 710 1157 738 sic
1181 710 1216 738 de
1242 709 1334 746 ipsius
1361 710 1481 739 extracti
1505 710 1658 747 principiis
1675 710 1802 747 judicare

280 772 411 802 possem.
465 763 596 799 Vapotes
629 771 696 799 ergo
729 767 757 790 et
789 762 885 796 aeres,
920 761 970 797 qui
1004 761 1045 789 sic
1079 760 1338 796 protrudebantur‚
1371 760 1489 797 excepi,
1531 761 1609 796 iique
1650 767 1729 790 erant
1769 766 1802 790 ut

282 816 387 851 humi,
412 814 522 844 acidum
546 813 750 849 carbonicum,
772 812 981 848 hydrogenium
1007 811 1211 848 carbonicum3
1235 812 1301 840 item
1322 820 1395 847 aqua
1419 811 1553 846 foetens,
1577 811 1652 840 forte
1673 811 1804 847 aliquan·

281 873 345 896 tum
366 866 423 895 olei
444 865 661 902 pyro—animalis
677 873 777 893 secum
795 864 913 900 ferens3
942 863 1014 891 odor
1038 862 1119 890 etiam
1144 862 1355 899 percipiebatur
1377 863 1552 896 ammoniae,
1574 862 1802 898 ammoniamque

280 919 326 947 sic
350 917 411 946 fieri
442 925 476 945 ex
503 923 629 946 extracto
660 916 799 952 probabat
824 923 948 951 cyaneus
972 915 1055 943 color
1082 913 1238 943 solutionis
1267 914 1371 950 cupri,
1400 922 1483 950 quam
1514 912 1602 941 affudi
1625 913 1655 942 in
1685 913 1807 949 excipu·

280 971 364 1004 lum,
394 969 424 997 in
449 976 510 1004 quo
537 976 659 1004 vapores
675 966 903 1003 excipiebantur.
951 965 1094 1001 Principia
1117 974 1185 1002 ergo
1209 965 1327 994 extracti
1351 964 1430 993 humi
1459 970 1527 993 sunt
1549 964 1733 998 carboniam,
1750 964 1804 1000 hy-

280 1019 474 1056 drogenium,
500 1020 674 1056 oxygenium
700 1026 729 1047 et
759 1025 896 1052 azotum,
931 1016 1068 1053 peculiari
1093 1016 1288 1053 copulationis
1311 1016 1422 1045 ratione
1442 1016 1561 1053 juncta,
1591 1021 1619 1043 et
1651 1022 1716 1043 curn
1740 1014 1802 1043 aliis

279 1072 431 1108 partibus,
457 1071 492 1099 de
517 1070 623 1106 quibus
644 1070 730 1098 modo
751 1069 828 1104 dixi,
850 1068 1015 1096 commixta.

319 1122 416 1159 Copia
440 1122 528 1159 hujus
557 1121 695 1156 exrracti,
714 1120 792 1156 quod
814 1120 849 1148 ab
874 1120 949 1154 aquzi
969 1118 1145 1155 suscipitur,
1167 1127 1243 1148 nunc
1262 1119 1354 1156 major
1372 1112 1449 1147 nunc
1467 1116 1562 1146 minor
1578 1123 1621 1145 est
1646 1116 1675 1146 in
1693 1117 1801 1150 humo,

281 1180 311 1203 et
329 1173 359 1203 in
380 1173 456 1202 varia
479 1173 568 1201 humo
592 1172 687 1208 varia,
710 1171 777 1200 haec
798 1179 830 1199 ea
850 1170 1035 1205 excoquenda
1057 1170 1168 1200 demum
1188 1168 1299 1198 definiri
1318 1175 1438 1206 potest,
1461 1175 1488 1196 et
1510 1168 1544 1196 ab
1562 1168 1594 1196 ea
1615 1167 1696 1196 etiarn
1722 1167 1803 1196 humi

281 1224 439 1254 fertilitatis
464 1232 596 1253 mensura
622 1223 684 1252 sive
706 1223 808 1251 modus
833 1221 1023 1250 desumendus
1041 1221 1166 1250 videtur.
1208 1220 1256 1249 Sic
1277 1221 1376 1248 humus
1394 1218 1481 1248 acida
1498 1217 1593 1248 minus
1616 1218 1703 1256 huJ‘us
1727 1219 1803 1255 aqua

283 1275 420 1305 solubilis
444 1274 573 1304 continet
598 1273 744 1310 materiei,
767 1282 851 1310 quam
878 1272 951 1301 alius
978 1271 1090 1308 generis
1117 1273 1242 1309 humus3
1275 1271 1353 1301 illius
1382 1277 1509 1300 naturam
1530 1278 1606 1299 nunc
1633 1271 1800 1308 explorem,

284 1335 319 1356 ut
340 1327 426 1356 simul
443 1333 596 1363 appareat,
621 1326 726 1361 quibus
747 1325 824 1354 notis
844 1325 912 1353 haec
928 1324 962 1352 ab
981 1323 1030 1352 illa
1052 1323 1090 1351 sit
1106 1323 1230 1352 diversa.

323 1379 399 1407 Cum
427 1380 540 1415 plantae
566 1379 611 1407 vel
639 1385 734 1414 partes
762 1376 896 1406 animales
923 1376 1143 1405 fermentescant
1168 1373 1198 1402 in
1222 1373 1294 1402 locis
1321 1372 1466 1408 humidis,
1487 1373 1535 1402 vel
1559 1373 1614 1409 jam
1636 1371 1742 1401 humus
1761 1371 1803 1400 ibi

284 1430 406 1460 formata
433 1429 489 1466 sit,
509 1437 561 1458 nec
581 1435 672 1458 tamen
698 1436 759 1458 tota
783 1437 857 1465 aqua
873 1435 1004 1465 tegatur,
1027 1426 1101 1456 acidi
1120 1425 1308 1462 proprietates
1327 1424 1461 1460 quasdam
1479 1431 1638 1452 monstrare
1656 1423 1758 1460 incipit
1774 1430 1804 1452 et

283 1482 386 1511 merito
404 1491 419 1510 a
434 1481 475 1510 rei
493 1481 617 1510 rusticae
634 1481 801 1510 auctoribus
826 1481 905 1509 acida
930 1480 1034 1508 humus
1062 1477 1176 1506 dicitur.
1217 1475 1391 1513 Saepissime
1412 1474 1553 1512 ejusmodi
1577 1475 1680 1504 humus
1706 1481 1749 1504 est
1772 1476 1803 1504 in

285 1533 440 1571 paludibus
464 1539 553 1568 atque
576 1532 605 1561 in
633 1532 746 1569 pascuis
767 1539 795 1561 et
815 1531 891 1568 agris
911 1529 1058 1564 humidis,
1087 1537 1210 1565 quorum
1238 1527 1386 1563 superiora
1415 1532 1502 1555 strata
1530 1525 1590 1555 fere
1618 1534 1678 1556 tota
1705 1534 1739 1554 ex
1768 1525 1802 1554 ea

287 1590 422 1614 constant
450 1583 529 1620 (1).
571 1583 642 1612 Non
675 1583 761 1619 igitur
793 1582 862 1611 satis
897 1581 990 1610 mirari
1016 1588 1136 1616 possum
1163 1580 1270 1608 multos
1299 1584 1452 1613 auctores,
1485 1577 1536 1613 qui
1562 1584 1686 1606 ceterum
1712 1576 1747 1605 de
1772 1584 1803 1605 re

288 1636 399 1665 rustica
422 1636 495 1664 bene
519 1640 704 1669 meruerunt,
734 1634 768 1662 de
792 1634 881 1662 humo
904 1640 1040 1669 agentes,
1072 1632 1158 1669 hujus
1187 1631 1298 1668 generis
1325 1631 1442 1659 humum
1468 1630 1550 1665 plane
1572 1628 1724 1663 omisisse,
1752 1635 1803 1656 ne·

292 1695 349 1722 que
381 1686 416 1714 de
452 1686 486 1714 ea
517 1694 554 1714 ne
587 1687 647 1714 ullo
682 1686 796 1722 quidem
829 1686 919 1716 verbo
953 1683 1127 1718 monuisse;
1166 1682 1240 1711 inter
1276 1689 1351 1718 quos
1385 1680 1584 1710 nobilissimus
1627 1677 1812 1715 Chaptalius

293 1737 484 1766 numerandus
526 1742 599 1773 est;
639 1745 695 1772 qua
731 1736 761 1766 in
800 1746 830 1765 re
866 1738 975 1773 gaudeo
1011 1745 1056 1765 me
1095 1734 1323 1764 consentientem
1365 1734 1469 1762 habere
1505 1740 1619 1762 acutum
1661 1732 1801 1761 Schuble-

291 1797 356 1817 rum
380 1790 458 1827 (2).
497 1787 567 1826 Quo
582 1787 669 1825 igitur
695 1788 846 1826 pauciores
874 1789 960 1827 huJ'us
979 1788 1090 1826 generis
1106 1786 1187 1816 humi
1210 1792 1338 1815 naturam
1357 1787 1543 1823 explorarunt
1565 1791 1593 1813 et
1619 1783 1801 1820 indicarunt,

294 1849 330 1870 eo
355 1839 515 1868 accuratius
542 1839 612 1868 mihi
637 1839 713 1869 illam
736 1840 959 1878 investigandam
989 1848 1017 1871 et
1036 1838 1231 1877 explicandam
1258 1837 1359 1867 sumsi.

1738 1886 1803 1916 Hu-

330 1979 395 2015 (π)
411 1978 474 2006 Vid.
489 1980 557 2006 liber
575 1980 618 2006 cui
636 1980 756 2006 Titulus:
781 1981 872 2007 Ueber
890 1977 1335 2010 Feldwirthschaftseinrichtungen
1351 1977 1414 2003 nach
1436 1976 1481 2002 der
1500 1974 1738 2002 verschiedenheit
1753 1975 1800 2002 der

298 2027 466 2054 Bodenarten
485 2026 536 2052 und
556 2026 826 2057 Localverhaltnisse,
840 2034 892 2053 von
911 2027 1036 2052 Heinrich
1056 2025 1210 2052 Schubarth.
1228 2032 1287 2058 pag.
1304 2032 1347 2057 40.
1380 2024 1494 2056 Leipzig
1512 2024 1584 2055 1824.

334 2071 401 2107 (2)
421 2072 483 2099 Vid.
508 2073 635 2098 Schubler
652 2073 678 2098 in
697 2073 746 2098 suis
765 2072 974 2099 adnotationibus
999 2074 1030 2100 ad
1050 2076 1179 2109 Chaptalii
1197 2075 1291 2108 Agric.
1311 2073 1430 2101 Chemie.
1449 2074 1481 2100 B.
1498 2073 1535 2100 11.
1552 2079 1611 2105 pag.
1629 2079 1688 2105 329.
1722 2070 1804 2097 Stutt-

289 2126 343 2151 gart
363 2120 439 2152 1824.
