2912 4368
864 1022 899 1058 56
1111 1011 1342 1045 CLAUDII
1382 1007 1614 1040 HENRICI
1655 1015 1735 1037 νΛΝ
1780 1005 2135 1037 HERWERDEN

866 1105 902 1133 tis
931 1101 1078 1137 fastigium
1105 1098 1275 1127 habebatur.
1326 1095 1359 1124 In
1386 1094 1625 1125 contentionibus
1659 1091 1801 1128 religiosis
1829 1090 1960 1127 ingentes
1995 1090 2050 1119 sibi
2085 1097 2179 1127 partes
2208 1098 2390 1126 comparave-

870 1161 932 1184 rant
955 1152 1032 1190 (1).
1074 1151 1107 1180 In
1125 1151 1234 1178 clerum
1263 1148 1352 1184 magis
1373 1148 1521 1185 magisque
1541 1144 1774 1180 cooptabantur‚
1796 1142 1832 1171 ita
1861 1150 1890 1171 ut
1915 1142 1968 1178 ipsi
1989 1142 2071 1170 etiam
2092 1141 2188 1169 clerici
2208 1142 2387 1177 appellaren-

872 1215 939 1241 tur,
969 1203 1105 1233 clericare
1134 1208 1226 1230 autem
1256 1199 1434 1228 Monachum
1461 1198 1586 1233 aliquem
1613 1195 1729 1223 reddere
1752 1194 1928 1230 significaret
1957 1193 2036 1229 (α).
2084 1192 2178 1228 Cujus
2208 1191 2246 1220 rei
2268 1192 2333 1221 haec
2364 1193 2392 1223 in

874 1256 973 1294 primis
1003 1263 1103 1284 caussa
1130 1252 1207 1287 suit,
1236 1250 1315 1287 quod
1344 1250 1490 1286 ingentem
1520 1255 1635 1284 operam
1662 1246 1858 1282 propagandae
1881 1244 2062 1274 Christianae
2093 1242 2223 1279 religioni
2250 1250 2391 1273 navarent.

873 1308 992 1338 Publice
1016 1306 1104 1342 igitur
1130 1303 1275 1332 nationum
1307 1301 1427 1329 Christo
1460 1299 1651 1337 subjectarum
1679 1298 1814 1326 doctores
1845 1296 2117 1330 constituebantur,
2147 1304 2178 1323 ac
2211 1293 2393 1330 presbytero.

874 1368 934 1388 rum
964 1365 1080 1386 munere
1109 1354 1302 1390 fungebantur
1324 1351 1406 1388 (3).

914 1411 1050 1439 Carolum
1077 1404 1270 1434 Monastieam
1295 1403 1430 1432 insaniam
1453 1403 1534 1430 valde
1564 1400 1746 1438 promovisse
1770 1406 1856 1434 atque
1886 1399 2120 1433 commendasse,
2152 1406 2262 1433 supra,
2289 1397 2319 1426 ni
2344 1395 2394 1427 fal-

874 1464 936 1495 lor,
959 1461 1013 1496 jam
1043 1457 1136 1486 obiter
1162 1455 1298 1484 diximus.
1341 1454 1451 1483 Votum
1481 1454 1623 1489 fidemque
1652 1453 1742 1480 datam
1771 1451 1870 1479 fallere
1902 1453 1983 1486 plane
2010 1450 2114 1479 vetuit.
2157 1450 2238 1486 Quae
2261 1448 2310 1484 qui
2334 1448 2396 1477 reli-

874 1511 1038 1549 giosissime
1064 1508 1271 1541 observarent,
1302 1515 1351 1534 eos
1376 1506 1457 1535 valde
1483 1506 1621 1542 diligebat
1648 1513 1675 1533 et
1699 1504 1930 1541 prosequebatur
1963 1504 2045 1540 (4).
2086 1502 2193 1531 Noluit
2223 1508 2316 1530 tamen
2340 1499 2397 1528 vir·

874 1564 953 1600 gines
979 1568 1044 1589 ante
1069 1559 1239 1596 vigesimum
1268 1558 1401 1594 quintum
1428 1557 1526 1585 aetatis
1549 1566 1654 1586 annum
1685 1556 1835 1591 ordinari,
1858 1564 1893 1584 ne
1920 1562 1983 1584 ante
2013 1555 2171 1590 eligerent,
2197 1561 2301 1589 quam,
2326 1551 2393 1587 quid

873 1617 998 1645 veilent,
1026 1612 1135 1641 scirent
1165 1614 1248 1649 (5).
1305 1609 1441 1647 Ingenuis
1468 1610 1635 1638 hominibus
1668 1608 1696 1637 in
1725 1608 1918 1636 monachalem
1947 1606 2184 1635 consuetudinem
2218 1613 2278 1633 non
2306 1611 2395 1632 trans-

871 1667 909 1694 ire
935 1664 1083 1701 permisit,
1105 1662 1160 1691 nisi
1182 1662 1246 1689 data
1267 1662 1349 1689 venia
1384 1660 1587 1697 imperatoris3
1613 1659 1646 1687 iis
1675 1665 1767 1687 autem
1795 1658 1844 1693 qui
1868 1658 1980 1687 servilis
2010 1664 2104 1686 essent
2124 1655 2320 1690 conditionis,
2344 1655 2395 1683 do·

873 1717 1016 1745 minorum
1046 1721 1192 1742 consensu
1219 1721 1293 1748 opus
1319 1718 1376 1739 erat
1397 1712 1480 1748 (6).

914 1767 1000 1795 Omni
1027 1774 1113 1802 opere
1148 1763 1296 1792 contendit
1327 1771 1358 1790 ut
1387 1762 1526 1791 Monacbi
1552 1762 1731 1798 Benedicti,
1769 1761 1931 1790 Patriareha
1960 1760 2009 1795 qui
2043 1758 2149 1787 dicitur
2178 1758 2396 1788 occidentalium

879 1818 1112 1850 Menaenorum,
1144 1817 1257 1851 regulas
1287 1823 1472 1849 normamque
1497 1821 1697 1849 sequerentur.
1738 1813 1903 1842 Abbatibus
1935 1819 1961 1839 et
1985 1810 2140 1839 Monaehis
2168 1810 2216 1846 qui
2243 1809 2395 1845 concilio,

877 1868 1052 1906 Aqaisgrani
1072 1876 1145 1896 anno
1158 1866 1298 1895 DCCCiI
1310 1886 1319 1899 ‚
1340 1865 1438 1892 babitu
1456 1874 1620 1901 praesentes
1638 1865 1789 1899 adessent,
1805 1870 1979 1892 conventum
2001 1863 2171 1898 singularem
2193 1869 2274 1896 agere
2290 1859 2393 1897 jussit,

877 1931 933 1956 quo
961 1919 1105 1948 Benedicti
1136 1920 1231 1954 regula
1256 1919 1399 1953 legeretur
1418 1923 1444 1944 et
1463 1917 1497 1944 ab
1518 1917 1684 1945 bominibus
1709 1916 1750 1943 rei
1776 1915 1876 1951 peritis
1903 1914 2107 1950 explicaretur.
2151 1911 2302 1940 Mandavit
2322 1919 2395 1947 quo·

873 1982 950 2008 une,
975 1979 1005 1999 ut
1030 1971 1058 1998 in
1078 1969 1226 1997 coenobiis
1253 1977 1285 1996 ex
1311 1976 1421 2004 patrum
1450 1968 1590 1996 institutis
1614 1968 1769 2003 degerent,
1792 1975 1823 1994 ae
1852 1966 1992 2002 quiequid
2013 1966 2149 1993 adversus
2178 1962 2324 1992 Benedicti
2350 1970 2391 1990 re-

875 2026 966 2061 g.‚.'.„¹tn
987 2021 1172 2050 commissum
1201 2027 1295 2055 esset,
1319 2020 1347 2046 id
1371 2019 1530 2047 secundum
1560 2021 1621 2056 ejus
1650 2026 1802 2056 praecepta
1830 2017 2010 2045 emendarent
2033 2016 2115 2053 (7).

912 2076 952 2102 Ut
980 2072 1129 2102 dissolutis
1156 2071 1373 2099 coenobitarum
1401 2071 1530 2097 moribus
1554 2070 1668 2098 obviam
1697 2070 1774 2103 iret,
1805 2076 1950 2096 strenuam
1980 2076 2093 2103 operam
2119 2067 2244 2095 navavit.
2294 2065 2392 2094 Abba-

873 2127 950 2156 t3ssis
981 2123 1146 2161 praecepit,
1169 2129 1199 2149 ut
1225 2122 1334 2157 absque
1354 2120 1564 2149 intermissione
1588 2129 1618 2149 se
1640 2121 1667 2149 in
1689 2120 1869 2149 monasteriis
1893 2119 1953 2147 suis
1980 2125 2119 2147 tenerent.
2163 2117 2264 2146 Vetuit
2291 2117 2392 2152 etiam,

874 2188 907 2209 n:
934 2177 1017 2213 quis,
1051 2175 1112 2203 sive
1139 2173 1318 2209 episcopus,
1346 2172 1406 2200 sive
1429 2172 1603 2208 presbyter,
1635 2172 1696 2200 sive
1721 2172 1858 2200 diaconus
1884 2177 1983 2206 esset,
2014 2170 2042 2198 in
2066 2171 2226 2206 puellarum
2254 2168 2393 2198 coenobia

872 2229 1087 2265 iiigrederctur,
1110 2232 1231 2261 excepto
1254 2224 1448 2261 presbytero,
1471 2224 1554 2260 cujus
1581 2230 1656 2250 esset
1671 2242 1680 2257 ,
1704 2223 1784 2251 statis
1809 2222 1988 2258 temporibus
2016 2230 2110 2249 sacras
2129 2221 2316 2249 caerimonias
2335 2219 2390 2248 ob·

873 2284 925 2310 ire.
968 2280 1052 2308 Hunc
1079 2284 1171 2305 tamen
1198 2285 1314 2304 munere
1340 2283 1454 2311 peraeto
1477 2276 1620 2310 extemplo
1638 2274 1742 2302 reverti
1758 2274 1857 2311 jussit.
1901 2273 2064 2301 Abbatibus
2086 2272 2200 2308 saepius
2219 2270 2389 2300 monasteria

874 2333 942 2369 ipsis
967 2329 1119 2359 commissa
1143 2329 1220 2356 adire
1242 2328 1406 2364 praecepit,
1428 2334 1455 2355 at
1474 2327 1615 2355 instruere
1638 2325 1782 2360 clericos,
1813 2333 1844 2353 ut
1865 2325 1919 2353 Dei
1946 2324 2134 2353 ministerium
2163 2324 2216 2351 rite
2244 2324 2391 2359 explerent

874 2391 1059 2417 turmamque
1087 2381 1195 2409 ordinis
1221 2380 1264 2407 sui
1287 2380 1471 2407 observarent
1494 2379 1572 2414 (S).
1614 2378 1706 2406 Caute
1732 2385 1851 2413 quoque
1880 2375 1972 2410 vidit,
1995 2384 2030 2404 ne
2055 2375 2187 2403 monaehi
2216 2374 2313 2402 fraude
2333 2381 2388 2402 ma-

874 2437 966 2469 lisgue
989 2433 1062 2460 dolis
1086 2432 1216 2459 homines
1240 2431 1450 2466 perducerent,
1474 2430 1507 2458 aj
1527 2428 1765 2457 monasteriorum
1784 2428 1858 2456 bona
1885 2435 1898 2454 e
1920 2425 2156 2463 possessionibus
2177 2426 2237 2453 suis
2262 2424 2388 2461 augenda

875 2494 904 2513 ac
933 2484 1145 2519 locupletanda.
1187 2483 1314 2519 Quarum
1342 2483 1489 2518 impiarum
1516 2480 1752 2516 compilationum
1771 2478 1921 2514 capitulari
1948 2478 2028 2506 etiam
2050 2478 2172 2513 quodam
2192 2475 2391 2512 interrogatio·

874 2546 918 2565 nis
941 2534 1088 2563 admonuit
1108 2554 1118 2568 ‚
1142 2542 1298 2569 quaerens,
1320 2542 1387 2561 nuni
1411 2532 1434 2561 is
1455 2532 1561 2560 inundo
1582 2531 1753 2560 valedixisse
1780 2531 1930 2564 videatur,
1954 2529 2002 2565 qui
2025 2529 2154 2564 quotidie
2177 2528 2306 2564 quelibet
2329 2534 2387 2556 arte

877 2587 1076 2624 possessiones
1100 2594 1164 2613 suas
1194 2585 1374 2621 amplificet,
1406 2583 1467 2612 sive
1494 2584 1575 2618 regni
1603 2584 1736 2612 coelestis
1761 2581 1936 2610 beatitudine
1959 2580 2137 2615 attollenda,
2166 2580 2228 2608 siee
2256 2579 2387 2608 minando

2348 2637 2392 2658 ae*

910 2723 923 2755 (
939 2729 948 2748 1
964 2721 978 2755 )
998 2720 1056 2746 Vid.
1075 2720 1224 2751 Sclut'jcltb,
1247 2726 1264 2747 t.
1282 2721 1338 2746 XX.
1358 2729 1385 2753 p.
1401 2727 1426 2751 3.
1444 2727 1503 2752 sqq.
1641 2717 1703 2751 (2)
1723 2719 1782 2745 Vid.
1803 2715 1964 2743 llainelsveld
1982 2722 2000 2741 t.
2019 2714 2078 2740 XII.
2099 2722 2124 2747 p.
2146 2722 2169 2740 2.

909 2768 971 2802 (3)
993 2768 1119 2793 llamelsv.
1144 2768 1161 2791 1.
1181 2768 1197 2791 l.
1301 2765 1366 2800 (4)
1387 2767 1443 2792 vid.
1465 2767 1543 2792 Mon.
1563 2764 1697 2792 San-Gall.
1718 2767 1785 2792 1.11.
1804 2773 1828 2791 c.
1846 2766 1884 2790 18.
1905 2764 1990 2795 Capit.
2006 2771 2028 2789 a.
2042 2764 2100 2795 789.
2120 2771 2146 2795 p.
2160 2769 2219 2794 990.
2239 2768 2279 2794 ap.
2302 2761 2384 2792 Bouq.

910 2814 975 2849 (5)
997 2815 1075 2841 Mon.
1097 2815 1143 2839 San
1162 2814 1232 2839 Gan.
1251 2814 1267 2840 i.
1287 2815 1304 2838 l.
1440 2811 1510 2846 (6)
1530 2814 1596 2845 Cap.
1616 2815 1668 2838 inc.
1687 2821 1710 2840 a.
1728 2820 1768 2844 ap.
1790 2813 1876 2844 Bouq.
1898 2819 1923 2843 p.
1941 2811 2001 2840 690.

908 2863 977 2895 (7)
996 2863 1062 2892 Cap.
1079 2868 1116 2887 10.
1137 2861 1220 2885 mansi
1240 2867 1258 2886 t.
1274 2860 1347 2885 xlii.
1367 2867 1392 2891 p.
1413 2866 1488 2892 1051.

904 2908 970 2943 (S)
991 2909 1088 2934 Cliton.
1117 2908 1202 2932 Mass.
1228 2915 1268 2939 ap.
1295 2908 1379 2938 Bouq.
1407 2914 1432 2938 p.
1449 2907 1489 2931 So.
1519 2906 1598 2932 Pauli.
1624 2906 1702 2932 Diae.
1729 2905 1760 2930 de
1786 2905 1866 2937 episc.
1892 2910 1962 2929 mett.
1988 2911 2014 2934 p.
2037 2909 2095 2934 191.
2121 2903 2138 2929 l.
2170 2904 2187 2929 i.
2214 2909 2270 2935 cap.
2293 2910 2316 2928 a.
2333 2904 2385 2929 inc.

872 2967 897 2990 ρ,
914 2958 972 2988 691.
991 2963 1031 2987 ap.
1052 2955 1139 2985 lssouq.
1159 2954 1245 2978 Manu
1266 2960 1283 2978 t.
1299 2953 1375 2978 xllx.
1394 2960 1421 2984 p.
1446 2959 1519 2984 1047.
1556 2954 1599 2978 Lis
1624 2954 1780 2978 eruditorum
1802 2958 1858 2975 mun
1881 2950 1904 2974 id
1931 2952 2054 2982 temporis
2081 2958 2168 2977 ornnes
2190 2951 2313 2977 Monachi
2336 2950 2384 2975 Be·

868 3002 997 3027 nediettnn
1015 3002 1096 3025 secuti
1110 3002 1175 3030 siut,
1195 2998 1306 3024 nondum
1323 2999 1428 3024 direinta
1444 2998 1555 3025 videtur.
1589 2998 1650 3025 vid.
1669 2998 1803 3024 Seium-lui
1828 3003 1847 3023 t.
1868 2996 1925 3023 XX.
1944 3005 1968 3029 p.
1988 3004 2026 3029 ¹5·
