1919 2511
432 174 663 206 RESPONSIO
690 184 734 207 AD
765 176 1076 216 QUAESTIONEM
1105 179 1319 215 MEDICAM.
1585 198 1624 229 51

112 258 300 293 amplectatur
316 257 426 287 axillam
444 260 569 296 aegroti,
592 265 620 288 et
637 266 760 288 extrema
775 259 804 289 in
830 269 943 290 summo
968 263 1086 292 humero
1107 264 1295 296 decussentur
1316 267 1439 305 (101),
1468 280 1526 307 quo
1545 272 1623 303 facto

113 308 237 338 musculi
261 308 386 344 aliaeque
413 315 507 345 partes
529 319 593 339 cum
615 311 735 347 scapula
755 311 996 348 comprimuntur.
1047 314 1114 344 Hoc
1141 324 1200 344 uno
1229 317 1361 348 ministro
1387 328 1524 357 curante,
1553 326 1624 354 alter

109 360 305 389 extensionem
325 366 426 396 parat,
461 369 544 390 manu
564 362 641 398 aegri
660 362 820 398 prehensa,
850 369 878 391 et
905 363 930 392 si
953 366 1083 401 operatio
1103 376 1163 396 non
1185 370 1338 406 succedat,
1369 372 1466 407 plures
1492 373 1521 403 in
1546 376 1626 403 auxi-

109 410 180 440 lium
198 410 300 439 debent
317 412 413 441 vocari
435 412 576 450 ministri3
608 420 750 451 attamen,
778 423 838 444 non
857 423 969 451 semper
989 417 1096 445 bonum
1117 425 1251 448 eventum
1271 421 1372 457 sequi,
1401 432 1507 460 casus,
1539 434 1623 461 quem

109 468 248 490 memorat
265 468 366 491 auctor
386 464 514 501 (102),
542 465 730 495 demonstrat.
779 465 868 495 Addit
887 474 956 495 vero
979 468 1110 506 Dupouy
1127 470 1234 499 nullam
1255 478 1345 500 ortam
1368 472 1460 504 fuisse
1486 476 1621 512 partibus

108 512 213 542 vicinis
232 521 333 542 noxam
351 515 384 543 ab
407 515 545 552 imposito
571 516 738 553 ligamento.

147 563 226 593 Haec
251 571 293 593 est
315 566 487 603 methodus,
515 576 598 603 quam
625 568 767 605 proponit
788 567 909 599 Pallas:
940 572 1270 603 contra-extensionem
1294 575 1395 605 efficiat
1417 574 1517 615 (103)
1546 587 1621 609 unus

105 617 288 646 amanuensis
305 617 429 646 brachiis
453 627 560 655 corpus
578 621 687 657 aegroti
704 622 902 657 amplectens,
922 622 988 651 dum
1011 624 1082 651 alter
1101 624 1250 653 humerum
1262 646 1272 661 ,
1292 635 1378 663 supra
1399 630 1540 666 condylos
1557 640 1623 668 pre-

104 666 224 697 hensum
235 688 246 704 ,
265 668 294 697 in
313 668 487 698 horizontali
502 671 660 701 directione
677 673 822 709 extendit3
845 680 1012 703 extensione
1028 681 1120 703 autem
1139 679 1415 708 contra—extensioni
1431 683 1542 717 aequali
1559 682 1623 711 suf-

104 718 235 753 ficienter
255 720 351 757 facta,
382 722 523 759 percipiat
541 723 714 761 chirurgus,
743 734 778 754 an
794 726 851 762 J'am
877 725 1041 761 pervenerit
1066 735 1152 763 caput
1181 728 1308 757 luxatum
1332 731 1366 758 ad
1392 732 1539 761 cavitatem
1561 735 1620 770 gle-

102 770 254 807 no'ideam,
278 773 355 807 quod
371 773 395 801 si
411 774 635 811 anImadvertat‚
656 777 772 805 flectere
792 777 877 806 debet
894 778 1045 806 humerum
1067 779 1101 806 ad
1122 785 1241 815 costas,
1271 780 1415 817 simulque
1437 791 1523 819 caput
1542 785 1618 814 ossis

101 820 213 849 humeri
233 830 346 851 sursum
364 826 514 860 attollere,
537 833 565 855 et
585 826 620 854 ad
639 827 789 856 cavitatem
807 828 942 865 dirigere.
982 828 1012 856 Si
1034 837 1104 857 vero
1127 830 1178 858 tali
1205 832 1291 860 modo
1309 833 1437 861 extensio
1461 841 1489 863 et
1505 842 1620 864 contra-

99 871 230 901 extensio
257 874 430 904 sufficienter
448 875 562 905 institui
585 885 748 914 nequeant,
781 880 902 909 firmiori
929 888 1041 918 puncto
1068 882 1102 911 ad
1129 885 1477 924 contra-extensionem,
1503 895 1530 916 et
1553 890 1617 917 loro

99 922 220 952 Hildani
239 925 273 953 ad
294 927 487 956 extensionem
509 928 688 958 efficiendam
710 930 753 959 uti
774 932 912 961 debemus
935 933 1015 970 (104
1026 932 1054 968 ).

137 975 240 1004 Utitur
266 976 416 1006 Kirkland
438 979 473 1006 ad
498 981 705 1016 repositionem
733 982 823 1011 luxati
847 983 958 1012 humeri
986 985 1069 1013 nullo
1092 984 1348 1014 instrumentorum
1380 994 1539 1024 apparatu,
1568 990 1617 1018 sed

98 1031 208 1055 tantum
226 1028 359 1063 mantili,
378 1029 461 1066 cujus
482 1031 597 1067 medio,
626 1033 706 1068 quod
721 1035 832 1063 axillam
856 1035 966 1070 aegroti
985 1035 1083 1064 subire
1106 1036 1212 1073 debet,
1243 1038 1360 1073 globum
1380 1039 1542 1068 molliorem
1564 1040 1617 1068 im-

95 1077 199 1114 ponit,
221 1084 253 1107 ut
269 1079 416 1114 quamdam
442 1081 558 1111 haberet
578 1091 666 1119 caput
689 1084 801 1113 humeri
818 1085 1032 1123 resistentiam,
1062 1094 1092 1116 et
1122 1089 1247 1117 oriretur
1272 1096 1338 1126 apta
1362 1090 1475 1126 pressio
1495 1090 1525 1119 in
1547 1092 1616 1120 axil-

95 1129 150 1158 lam
171 1131 255 1167 (105
267 1138 292 1168 >a
332 1131 401 1161 Rite
420 1132 533 1163 firmato
552 1135 661 1172 aegroti
678 1145 801 1173 corpore
813 1155 824 1172 ,
845 1138 910 1165 solo
928 1146 1027 1174 parum
1049 1139 1135 1168 altius
1151 1139 1325 1176 insidentis,
1357 1149 1440 1176 quam
1462 1149 1615 1171 amanuen-

96 1187 142 1209 ses
159 1181 194 1210 ad
207 1182 426 1221 extensionem,
453 1184 607 1221 ligamento
629 1194 717 1222 supra
742 1187 886 1224 condylos
910 1188 1067 1225 imposito,
1099 1190 1211 1226 parati,
1231 1191 1384 1227 chirurgus
1414 1198 1614 1229 retrovergens

95 1233 222 1263 mantilis
239 1243 315 1272 ope,
335 1237 412 1274 aegri
432 1238 543 1268 axillam
564 1246 592 1269 et
609 1249 692 1269 suum
714 1242 820 1270 collum
841 1241 1064 1278 amplectentis,
1094 1240 1300 1277 repositionem
1319 1241 1455 1277 molitur,
1484 1243 1614 1272 cubitum

96 1284 201 1315 flexum
222 1286 313 1318 costis
330 1289 408 1326 aegri
428 1290 594 1326 adducens,
623 1291 648 1320 si
671 1298 756 1328 caput
773 1293 808 1322 ad
826 1293 976 1323 cavitatem
999 1294 1131 1330 scapulae
1156 1294 1293 1330 accedat,
1321 1293 1466 1331 simulque
1490 1303 1614 1332 corpore

92 1342 171 1371 suo„
186 1344 254 1365 mox
273 1338 451 1375 reclinante,
473 1347 582 1371 erecto,

131 1386 159 1415 E
175 1388 273 1418 relatis
291 1396 387 1426 patere
410 1391 480 1420 dicit
499 1399 601 1421 auctor
621 1392 636 1426 (
648 1394 749 1433 106),
781 1403 812 1423 se
836 1395 970 1424 deorsum
997 1396 1149 1426 extendere
1176 1397 1211 1426 ad
1232 1396 1438 1434 repositionem
1463 1397 1614 1426 humerum

90 1438 220 1468 luxatum
235 1459 246 1476 ,
279 1442 391 1476 qualem
415 1443 612 1472 extensionem
640 1444 816 1473 horizontali
841 1445 1055 1482 praeferendam
1080 1457 1142 1476 esse
1167 1457 1183 1476 e
1211 1450 1265 1477 sua
1289 1448 1439 1478 concludit
1465 1449 1612 1485 experien-

91 1489 134 1518 tia
156 1492 173 1527 ζ
183 1497 237 1527 107
249 1496 275 1529 ).

132 1541 228 1571 Simili
250 1542 310 1572 fere
332 1545 420 1574 modo
439 1546 599 1576 luxationes
621 1546 756 1577 interiora
781 1556 883 1577 versus
908 1557 1024 1578 curasse
1045 1556 1184 1579 memorat
1197 1571 1207 1586 ,
1238 1551 1272 1579 iis
1290 1560 1383 1587 vero,
1415 1560 1487 1587 quae
1504 1558 1610 1580 retror-

91 1600 157 1621 sum
177 1592 272 1630 fiunt,
294 1596 397 1624 mederi
418 1597 566 1626 humerum
589 1598 807 1629 horizontaliter
826 1601 1026 1637 extendend03
1058 1608 1145 1638 caput
1164 1609 1257 1631 autem
1275 1603 1386 1631 humeri
1412 1602 1527 1632 cavitati
1547 1611 1611 1631 sca-

91 1645 177 1681 pulae
196 1646 319 1685 propius
334 1648 475 1679 accedens
491 1657 575 1678 manu
588 1649 713 1688 retinet,
735 1659 771 1681 ne
787 1652 912 1689 recidat,
934 1652 1000 1681 dum
1017 1651 1051 1681 fit
1067 1653 1102 1682 ad
1122 1652 1251 1682 cubitum
1267 1653 1372 1683 flexum
1393 1653 1542 1683 sufficiens
1558 1662 1606 1682 ex-

320 1705 324 1708 ·
1109 1710 1113 1714 ’
1546 1712 1609 1735 ten-

129 1790 147 1826 (
160 1792 229 1827 101)
246 1792 369 1822 Ravaton
384 1797 504 1830 pratique
522 1797 637 1826 modern.
653 1798 723 1825 dela
740 1799 866 1833 Chirurg.
885 1806 904 1828 t.
920 1808 948 1834 4.
964 1809 993 1835 p.
1009 1801 1056 1834 163
1074 1808 1129 1835 seq.
1147 1801 1220 1830 Paris
1237 1802 1311 1836 1776.
1330 1803 1392 1829 8v0.

125 1837 145 1873 (
156 1845 201 1865 102
212 1838 229 1873 )
247 1841 265 1867 1.
281 1848 307 1868 c.

126 1885 142 1918 (
154 1885 223 1920 ¹03)
242 1887 321 1913 Pallas
340 1888 428 1916 Pract.
445 1889 545 1917 Anleit.
558 1889 602 1916 die
618 1891 835 1921 Knochenkrank.
853 1901 888 1920 zu
906 1893 972 1920 heil.
991 1894 1016 1930 §.
1035 1900 1091 1928 143.
1109 1903 1138 1928 p.
1154 1902 1211 1929 ¹42·
1228 1896 1317 1921 Berlin
1340 1901 1417 1928 ¹770·
1435 1894 1496 1920 8vo.

127 1930 224 1967 (104)
243 1935 260 1960 l.
276 1942 299 1960 c.
318 1942 345 1968 p.
361 1943 416 1968 144.

127 1977 225 2013 (105)
244 1980 366 2006 Kirkland
381 1982 481 2009 observ.
500 1990 573 2016 upon
589 1984 674 2010 Pott's
691 1991 782 2017 gener.
797 1983 928 2012 Remarks
949 1994 983 2012 on
1005 1986 1078 2014 sract.
1100 1992 1153 2012 cet.
1175 1986 1247 2014 Lett.
1263 1992 1288 2019 3.
1313 1994 1343 2020 p.
1361 1987 1403 2013 60.
1429 1983 1515 2012 Lond.
1531 1990 1606 2021 1770·

93 2026 170 2053 conf.
189 2027 347 2054 Bottcherus
364 2027 476 2056 Krankh.
492 2029 518 2055 d.
536 2030 640 2058 Knoch.
659 2037 678 2058 t.
694 2039 720 2058 2.
737 2041 764 2066 p.
780 2039 826 2068 145
840 2039 897 2065 seq.
1101 2030 1201 2066 (106)
1220 2034 1273 2060 l.c.
1293 2041 1320 2066 p.
1333 2032 1378 2059 61.

130 2071 229 2108 (107)
249 2075 266 2101 l.
281 2083 306 2102 c.
323 2083 350 2108 p.
364 2075 408 2101 62.
426 2076 490 2102 dicit
506 2077 571 2103 enim
585 2077 642 2104 ibi:
669 2096 688 2112 „
705 2086 755 2106 one
770 2080 845 2113 grain
865 2079 898 2106 of
913 2084 1003 2106 matter
1019 2079 1052 2106 of
1067 2080 1120 2107 fact
1139 2087 1167 2106 to
1183 2087 1195 2105 a
1211 2080 1333 2113 practical
1350 2078 1463 2110 Surgeon
1485 2075 1506 2103 is
1523 2075 1606 2102 worth

92 2124 107 2144 a
121 2120 207 2152 pound
226 2121 259 2147 of
270 2121 441 2167 reasoning02‘

896 2201 964 2231 G2
