1919 2511
426 110 656 143 RESPONSIO
675 120 717 142 em
738 111 1048 151 QUAESTIONEM
1069 114 1350 147 LITERARIAM.
1609 126 1646 156 57

428 193 483 223 Cui
501 193 622 223 mustela
634 194 758 233 procul:
776 195 803 224 si
821 195 881 231 vis,
903 196 965 230 ait,
984 194 1105 235 effugere
1123 198 1226 235 istinc,

427 245 537 274 Maera
555 254 655 275 cavum
675 252 779 285 repetes
798 253 912 277 arctum
925 268 936 283 ,
958 257 1039 285 quem
1058 257 1158 277 macra
1179 248 1288 278 subisti.

138 297 189 326 ubi
218 304 271 333 pro
297 295 445 333 vulpecula
473 295 621 333 Bentlejus
646 295 773 325 nitedula
799 297 901 331 dedit,
930 297 1079 335 ingeniose
1102 301 1209 329 docens
1237 300 1304 328 haee
1332 299 1362 329 in
1387 301 1501 336 vulpem
1529 302 1643 332 minime

137 347 311 383 convenire,
334 345 442 382 quippe
464 345 675 383 Aesepicorum
692 347 858 377 ‘animalium
888 350 976 386 longe
992 349 1119 379 omnium
1140 349 1347 378 astutissimum
1372 355 1400 378 et
1414 350 1641 382 callidissimum.

136 398 295 427 Possumus
324 403 417 426 tamen
449 396 590 427 Faiirnum
622 398 740 427 liberare
767 407 798 427 ea
821 400 1046 436 reprehensione
1078 409 1133 437 qua
1159 399 1190 429 in
1215 401 1360 437 vulgarem
1386 399 1463 429 illam
1490 401 1644 430 lectionem

133 447 249 477 Horatii
271 446 374 476 merito
397 447 541 478 invehitur
561 450 725 487 Bentlejus:
758 458 852 486 neque
874 451 947 480 enim
970 450 1016 479 hic
1039 451 1141 487 vulpes
1173 449 1312 478 stultitiae
1337 455 1366 477 et
1390 448 1529 478 fatuitatis
1552 458 1645 479 exem·

133 500 214 536 plum
232 498 426 535 proponitur,
446 500 496 528 sed
518 500 616 536 potius
639 500 847 530 inconstantiae
868 500 897 530 in
922 500 1001 530 votis
1023 500 1233 537 suscipiendis:
1257 506 1401 537 praeterea
1425 499 1552 530 Fac’rnus
1576 502 1645 530 vul-

133 557 199 586 pem
223 557 284 579 non
308 548 378 578 fecit
398 550 501 579 animal
525 551 678 588 σιτοφάγον
704 559 797 587 neque
823 560 876 588 per
890 552 1007 588 aliquod
1032 558 1145 588 tempus
1168 552 1283 581 latitans
1303 551 1337 581 in
1351 559 1466 581 cumera
1481 550 1639 582 frumenti:

131 598 221 628 verbo
247 605 332 636 poeta
353 607 452 629 noster
477 602 603 630 sensisse
626 601 739 630 videtur
764 610 825 631 esse
855 602 885 631 in
915 602 1012 631 fabula
1038 602 1215 638 Horatiana,
1247 602 1339 638 qualis
1373 610 1429 631 suo
1458 608 1588 638 tempore
1612 603 1643 632 in

131 649 214 678 editis
235 649 406 686 legebatur,
434 652 513 687 quod
533 650 651 681 omnino
679 660 694 680 a
715 653 805 689 vulpe
830 660 904 682 esset
930 654 1075 690 alienum,
1103 643 1233 689 adeoque
1255 652 1364 681 fontem
1387 652 1503 682 fabulae
1528 653 1645 682 retinuit

131 700 181 728 sed
201 699 236 728 ad
258 706 386 730 naturam
408 702 506 738 vulpis
533 703 771 732 accommodavit.
810 705 879 734 Non
905 713 1062 741 possumus
1083 711 1177 734 tamen
1202 704 1271 740 quin
1295 704 1327 733 h.
1344 704 1367 732 1.
1391 703 1540 732 afferamus
1554 704 1642 734 verba

130 752 169 779 cl.
187 750 243 780 viri
266 750 294 788 J.
310 751 357 782 G.
382 751 526 782 Huschkii
546 755 574 782 in
598 754 670 786 diss.
689 754 724 782 de
745 755 862 784 Fabulis
882 755 1054 784 Archilochi
1072 763 1138 792 pag.
1158 762 1321 785 ccxrvm.
1339 754 1387 782 ed.
1404 754 1439 781 de
1460 753 1532 782 Fur.
1562 772 1581 788 ‚‚
1595 754 1644 782 sed

133 820 151 836 „
171 803 249 831 ecce!
272 801 387 838 inquit,
409 804 524 832 eandem
540 804 676 840 fabulam
693 804 802 835 diverso
824 805 902 836 modo
925 808 1062 835 narravit
1084 805 1218 834 Babrius.
1257 803 1360 832 Saidas
1385 805 1417 831 ist
1439 812 1502 832 voce
1523 805 1644 838 Ῥωγσίς.

420 874 439 891 ,‚
459 854 510 885 Ἐν
529 855 591 893 τῇδ’
610 857 697 885 §nerto
719 855 811 892 §awau-
839 857 961 887 αἰπόλων
983 857 1058 894 πήραι

419 925 437 940 ,,
455 906 563 942 ”Apa-au
586 906 674 935 ἑώλων
698 906 781 935 πάσσε
801 906 848 935 uui
874 910 955 943 κρεῶν
980 908 1097 944 πλήρης.

131 974 151 991 „
172 953 300 984 Pertinet
324 954 365 984 ad
389 955 438 984 hoc
449 955 650 993 fragmentum
669 955 738 991 fab.
756 964 873 987 CLvm.
893 957 936 986 ed.
956 958 1050 987 Huds.
1070 956 1138 986 Cod.
1157 956 1235 995 Aug.
1255 956 1282 987 I.
1301 964 1352 992 24.
1372 955 1421 984 ubi
1437 955 1530 993 vulpes
1549 956 1643 984 anim-

131 1023 150 1038 „
170 1004 319 1033 advertens
341 1007 373 1033 in
387 1013 455 1034 cavo
476 1013 593 1042 quercus
606 1005 706 1041 jacere
724 1013 827 1043 peram
841 1009 987 1044 pastoris,
1005 1015 1081 1046 pane
1105 1014 1132 1035 et
1155 1016 1242 1035 carne
1256 1007 1392 1044 repletam
1405 1026 1415 1040 ,
1432 1014 1486 1034 sese
1501 1006 1642 1034 insinuas-

135 1074 153 1090 „
173 1064 219 1091 se,
240 1062 267 1084 et
287 1065 372 1093 quum
384 1055 467 1094 pleno
488 1062 601 1094 corpore
612 1055 697 1091 foras
717 1057 761 1084 ire
771 1055 893 1092 frustra
911 1065 1082 1093 conaretur,
1105 1057 1141 1086 ab
1157 1058 1252 1086 altera
1270 1057 1352 1096 vulpe
1368 1055 1465 1085 iisdem
1482 1056 1574 1085 verbis
1588 1055 1643 1085 ad-

131 1123 149 1139 „
170 1107 278 1135 monita
297 1104 402 1140 fertur
430 1105 530 1143 qufbus
552 1105 681 1134 nitedula
708 1106 837 1136 admonet
859 1108 1006 1136 mustelam
1033 1108 1113 1146 apud
1139 1109 1305 1137 Horatium.
1354 1106 1406 1136 Ex
1433 1115 1486 1144 quo
1517 1112 1639 1145 apparet

129 1174 148 1191 „
167 1154 303 1193 duplicem
326 1156 371 1184 hic
388 1155 503 1191 factam
532 1164 586 1183 esse
602 1155 740 1190 fabulam
768 1165 803 1184 ex
822 1164 989 1193 argumento
1013 1159 1147 1196 simplici.
1188 1157 1345 1186 Librarius
1364 1157 1484 1186 Horatii
1499 1157 1599 1187 induci
1613 1166 1641 1186 se

129 1226 147 1242 n
160 1211 261 1243 passus
282 1210 322 1233 est
347 1215 366 1232 a
390 1206 516 1241 Rubrio,
536 1213 569 1235 ut
595 1207 769 1245 vulpeculam
794 1207 975 1237 substitueret
995 1209 1157 1244 nitedulae,
1178 1207 1211 1236 id
1226 1207 1302 1246 quod
1317 1209 1408 1238 evcnit
1425 1215 1493 1238 ante
1516 1214 1639 1238 aetatem

128 1277 147 1291 „
166 1255 271 1284 Isidori
294 1254 402 1292 (Orig.
428 1254 500 1284 Lib.
518 1256 542 1285 Ι.
563 1264 628 1292 cap.
647 1264 693 1294 39.
714 1266 746 1293 p.
766 1257 888 1295 855.)*;
914 1261 997 1296 atqui
1016 1260 1105 1288 alium
1125 1265 1269 1288 auctorem
1288 1265 1396 1287 secutus
1420 1263 1461 1286 est
1476 1256 1637 1291 Horatius,

127 1330 146 1346 „
165 1309 256 1338 alium
279 1308 436 1338 Babrius.”
475 1308 524 1337 An
545 1308 621 1337 forte
647 1309 758 1339 Fa'erno
781 1319 898 1346 quoque
921 1311 975 1339 ista
999 1309 1096 1339 Babrii
1121 1308 1218 1338 fabula
1243 1308 1394 1338 innotuit?
1416 1316 1451 1338 an
1469 1316 1503 1336 ex
1519 1315 1574 1336 suo
1593 1306 1636 1337 in·

125 1360 209 1397 genle
227 1359 413 1388 Horatianam
434 1359 575 1388 variavit?
616 1360 682 1389 Hoc
705 1361 837 1390 ultimum
864 1362 934 1391 mihi
957 1361 1151 1392 verosimilius
1175 1361 1301 1390 videtur.
1490 1399 1492 1401 Ι

80 1444 82 1447 ,
161 1413 356 1441 Imminentem
380 1425 414 1432 -
439 1420 549 1441 canem.
591 1412 680 1442 Ovid.
706 1412 828 1444 Metam.
851 1415 920 1446 Lib.
941 1417 966 1444 Ι.
987 1423 1033 1443 vs.
1050 1421 1118 1450 541.
1148 1433 1167 1449 ‚‚
1188 1418 1319 1449 tergoque
1336 1409 1441 1449 fugaci
1457 1409 1634 1447 Imminet‚·”

124 1463 185 1493 Ubi
210 1462 271 1493 vid.
299 1462 412 1500 Gierig.
439 1462 567 1492 Horrere
590 1472 686 1492 canem
709 1470 741 1493 ut
766 1466 843 1502 apud
867 1466 988 1495 eundem
1011 1464 1101 1494 ovid.
1124 1463 1194 1493 Lib.
1212 1462 1252 1491 Il.
1278 1461 1398 1492 Metam.
1423 1470 1468 1491 vs.
1487 1470 1558 1498 494.

413 1513 544 1552 Ursaque
561 1521 712 1553 conspectos
731 1516 762 1544 in
783 1517 922 1547 montibus
941 1516 1056 1545 horruit
1077 1523 1166 1543 ursos.

163 1564 335 1594 Sententiam
359 1564 523 1595 alternante
538 1572 596 1596 cet.
637 1566 771 1596 Fortasse
793 1568 824 1597 in
842 1568 937 1597 animo
958 1566 1059 1596 habuit
1079 1564 1170 1594 Ovid.
1194 1564 1316 1594 Heroid.
1337 1563 1436 1601 Epist.
1447 1561 1500 1592 VI.
1524 1570 1569 1592 vs.
1588 1562 1635 1598 38.

646 1617 807 1648 alternant
825 1624 936 1657 spesque
954 1619 1094 1655 timorque
1107 1615 1206 1651 fidem.

278 1794 537 1826 FABULA
595 1796 1142 1834 QUADRAGESIMA
1200 1787 1470 1836 QU1'NTA.

572 1890 730 1911 MUSCA
780 1893 830 1912 ET
882 1891 1186 1917 QUADRIGAE.

413 1966 532 1995 starent
551 1965 714 2005 quadrigae
733 1977 819 2006 quum
836 1974 963 2006 paratae
980 1969 1096 2000 cursui,

410 2018 514 2048 Musca
534 2018 694 2058 advolans,
718 2021 821 2051 temoni
840 2027 941 2049 earum
959 2017 1113 2048 insederat.

912 2069 942 2099 H
1561 2063 1635 2093 Mis-
