1919 2511
279 169 306 198 4,
610 158 790 191 ANTONII
810 159 986 191 HENRICI
1006 168 1072 193 VAN
1094 168 1160 190 mm
1181 159 1296 190 BOON
1319 159 1464 191 MESCH

278 241 368 277 fecit,
399 248 511 271 omnem
540 239 582 271 sic
619 241 654 270 de
684 241 778 271 humo'
798 242 1019 280 disputationem
1049 249 1077 272 et
1106 243 1310 280 comprehendi
1333 249 1361 272 et
1393 241 1506 271 absolvi
1537 249 1636 278 posse.
1679 240 1722 272 Ut
1740 250 1790 272 au-

281 299 338 321 tem
365 292 436 321 ordo
461 291 574 321 facilius
601 293 834 330 perspiceretur,
864 302 924 331 quo
958 294 1015 322 hoc
1044 300 1240 330 argumentum
1261 302 1276 322 a
1302 302 1346 322 me
1370 299 1521 323 tractatum
1543 292 1600 328 sit,
1629 293 1729 329 paucis
1752 293 1798 322 di·

279 352 340 372 cam
355 362 366 378 ‚
405 343 475 379 quid
497 351 556 372 uno
579 344 726 380 alteroque
762 345 855 381 capite
879 344 1072 374 contineatur.
1121 343 1244 374 Primum
1269 343 1404 380 definivi,
1445 343 1514 380 quid
1537 342 1643 372 humus
1664 344 1722 380 sit,
1749 345 1794 373 vel

283 393 331 423 cui
357 393 483 423 materiei
504 393 560 422 hoc
586 403 691 424 nomen
718 394 757 424 sit
778 396 981 430 tribuendum,
1004 402 1032 424 et
1056 395 1218 424 enumeravi
1241 403 1383 431 corpora,
1406 403 1420 423 e
1442 394 1548 430 quibus
1574 395 1677 423 humus
1698 403 1796 423 nasca-

281 451 347 480 tur,
368 453 400 473 ae
423 444 623 480 conditiones,
647 453 718 480 quae
742 446 822 474 humi
851 454 944 475 ortum
973 445 1162 474 concomitari
1187 447 1294 474 solent.
1338 444 1460 474 Ostendi
1485 453 1573 481 porro
1597 445 1714 473 humum
1737 454 1798 474 non

281 503 393 532 semper
417 495 541 524 eamdem
565 503 628 523 esse
649 496 700 523 sed
724 497 805 526 valde
825 497 986 532 diversam,
1009 496 1208 532 expositisque
1233 496 1355 525 diversis
1377 495 1456 524 humi
1477 495 1649 532 speciebus,
1681 496 1716 525 de
1734 497 1797 533 ejus

282 545 433 582 principiis
468 544 649 582 simplicibus
682 555 733 575 seu
767 548 885 576 remotis
910 547 966 584 egi.
1019 547 1131 576 Deinde
1156 546 1246 575 varias
1273 547 1399 575 rationes
1424 547 1570 583 exposui,
1598 546 1703 582 quibus
1728 546 1799 575 varii

282 596 386 624 variam
413 596 531 624 humum
558 599 767 633 explorarunt,
791 607 863 634 quae
888 607 952 627 cum
977 597 1045 626 mihi
1067 606 1125 630 non
1147 605 1268 633 prorsus
1292 598 1455 633 placerent,
1484 605 1573 625 meam
1598 598 1680 626 etiam
1703 597 1798 626 addidi

282 647 441 682 rationem,
465 655 520 682 qua
541 646 571 676 in
596 649 628 676 ed
644 650 818 684 exploranda
835 657 947 685 semper
967 657 1036 676 usus
1054 657 1129 677 sum.
1172 647 1226 676 His
1243 647 1401 684 expositis,
1423 648 1458 677 ad
1480 648 1567 683 ipsam
1592 648 1710 676 humum
1724 649 1800 686 ejus-

284 705 340 733 que
363 703 458 734 partes
484 698 610 734 accedi,
636 708 755 734 quarum
783 699 890 736 primae
915 706 983 728 sunt
1010 699 1098 727 fibrae
1122 699 1186 727 illae
1212 707 1335 735 parvae,
1368 707 1439 734 quae
1467 698 1526 727 fere
1549 707 1661 727 omnem
1681 699 1797 728 humum

284 748 533 784 concomitantur‚
564 757 694 785 quaeque
722 751 783 787 ejus
809 755 903 785 partes
930 756 999 779 sunt
1033 749 1184 785 putredine
1216 750 1342 778 nondum
1377 749 1492 785 penitus
1519 756 1682 785 corruptae.
1723 749 1798 779 Mox

284 800 328 836 egi
351 799 385 827 de
409 799 444 827 iis
467 799 548 827 humi
571 800 721 837 partibus,
744 809 814 836 quae
836 800 870 829 ab
893 801 967 836 aqua
992 800 1210 836 suscipiuntur,
1232 808 1325 828 earum
1351 800 1476 828 indolem
1499 807 1527 828 et
1546 807 1629 829 notas
1651 800 1799 838 indicavi,

284 858 388 886 casque
411 850 441 879 in
463 849 576 879 diversa
601 851 689 880 humo
723 852 850 880 diversas
871 861 932 880 esse
954 851 1078 880 ostendi.
1127 850 1201 879 Dein
1224 850 1325 880 notavi
1350 857 1477 879 naturam
1506 850 1617 879 illarum
1638 851 1716 880 humi
1736 859 1801 889 par·⁴=

285 901 380 937 tium,
402 909 473 936 quae
496 901 530 929 ab
558 902 696 931 alcalibus
720 904 893 939 solvuntur,
915 903 1035 938 illasque
1059 911 1112 938 pro
1136 902 1211 930 varia
1236 902 1324 930 humo
1350 902 1471 930 maxime
1497 902 1587 930 varias
1606 910 1668 930 esse
1697 903 1802 939 proba-

286 951 373 987 bavi,
396 957 428 979 ut
452 951 481 980 in
506 951 593 980 humo
620 953 718 990 acida,
751 962 823 989 quae
846 953 969 990 dicitur,
999 955 1082 990 cujus
1112 953 1191 981 aliam
1220 952 1345 988 speciem
1376 954 1496 990 eJ'usque
1518 953 1641 981 indolem
1664 953 1800 983 indicavi.

287 1002 365 1031 Dein
385 1002 512 1038 reliquae
531 1002 611 1031 humi
632 1004 723 1040 partis
747 1004 866 1034 maxime
891 1005 1059 1034 carbouicae
1083 1011 1211 1033 naturam
1238 1003 1377 1039 exposui,
1407 1011 1436 1033 et
1454 1004 1564 1033 tandem
1588 1006 1686 1040 sales,
1703 1005 1802 1034 'terras

289 1053 421 1089 aliaque,
444 1061 516 1088 quae
534 1053 563 1081 in
583 1053 670 1082 humo
685 1054 888 1090 reperiuntur,
914 1055 1099 1090 enumeravi,
1121 1054 1336 1089 rationemque,
1354 1060 1409 1089 qua
1428 1055 1498 1083 haec
1515 1055 1629 1084 inventa
1651 1055 1728 1090 sint,
1749 1056 1803 1084 dt·

289 1105 348 1135 cui.
388 1103 437 1132 Sic
471 1103 559 1140 igitur
583 1104 733 1141 principiis
765 1111 793 1134 et
823 1106 969 1142 materiis,
1010 1115 1024 1134 e
1052 1105 1157 1142 quibus
1189 1106 1293 1134 humus
1325 1105 1400 1134 facta
1422 1111 1480 1138 est,
1519 1105 1674 1141 expositis,
1713 1107 1799 1144 huJus

287 1162 374 1185 notas
398 1153 543 1191 explicui,
567 1161 595 1183 et
613 1155 756 1191 indicavi,
780 1156 926 1191 quomodo
945 1156 1188 1193 acida‚-spiritus
1207 1157 1291 1192 vini,
1313 1157 1382 1192 aer,
1405 1165 1500 1191 aqna,
1522 1156 1640 1192 alcalia,
1663 1163 1691 1185 et
1710 1164 1801 1186 terrae

291 1206 427 1242 quaedam
458 1204 488 1234 in
511 1205 629 1234 humum
652 1213 758 1242 agant,
788 1213 818 1235 et
846 1207 994 1243 quomodo
1018 1208 1086 1236 haee
1115 1207 1150 1236 ab
1175 1207 1210 1235 iis
1239 1214 1383 1244 mutetur3
1405 1206 1502 1235 notavi
1527 1207 1608 1236 etiam
1633 1208 1712 1236 humi
1735 1217 1802 1245 pro-

288 1257 424 1294 prietates
449 1254 605 1292 physicas,
629 1265 701 1293 quae
715 1257 876 1295 ‘dicuntum
906 1265 992 1294 atque
1020 1258 1062 1287 sic
1091 1258 1223 1294 apparuit
1245 1258 1361 1286 humum
1389 1257 1532 1287 materiem
1560 1267 1622 1288 esse
1647 1260 1799 1295 peculiaris

292 1308 399 1337 indolis
413 1313 610 1343 ac‘naturae,
633 1307 722 1343 probe
743 1308 777 1337 ab
797 1309 859 1338 aliis
884 1309 1055 1338 materiebus
1077 1309 1328 1346 distinguendam,
1350 1319 1443 1346 neque
1468 1319 1533 1338 cum
1553 1310 1614 1338 aliis
1632 1311 1799 1341 substantiis

288 1367 323 1387 ex
346 1356 514 1387 animalibus
540 1358 587 1386 ve]
615 1358 721 1394 plantis
749 1360 820 1389 ortis
843 1361 1086 1390 confundendam.
1137 1359 1215 1389 Haec
1233 1369 1308 1397 *ergo
1337 1360 1366 1390 in
1392 1360 1485 1398 primo
1508 1361 1601 1397 capite
1628 1362 1724 1390 eodem
1754 1372 1802 1392 or-

287 1409 375 1445 dine,
405 1417 463 1444 quo
486 1417 562 1438 nunc
585 1417 616 1437 ea
638 1411 742 1446 retuli,
764 1412 895 1448 exposita
920 1419 1008 1447 sunt,
1038 1411 1116 1448 quod
1134 1418 1219 1448 caput
1239 1412 1402 1440 absolvitur
1425 1412 1502 1441 notis
1526 1418 1553 1440 et
1575 1413 1798 1448 proprietatibus

286 1468 348 1489 tum
371 1459 464 1496 ipsius
479 1458 586 1494 humi,
608 1465 669 1488 tum
694 1463 754 1499 ejus
778 1462 923 1499 partium,
945 1463 1007 1492 aliis
1033 1470 1100 1500 post
1118 1462 1186 1491 alias
1206 1462 1331 1490 breviter
1351 1463 1467 1498 relatis,
1489 1462 1583 1491 ductIS
1612 1464 1670 1492 illis
1689 1473 1723 1493 ex
1741 1465 1796 1500 iis,

287 1519 361 1547 quae
388 1517 468 1539 antea
500 1509 626 1546 longiori
658 1511 854 1548 disputatione
881 1515 1042 1550 additisque
1065 1513 1267 1550 experimentis
1294 1513 1441 1550 probanda
1467 1520 1559 1544 erant.
1615 1515 1646 1543 In
1672 1517 1798 1545 secundo

286 1562 380 1599 capite
404 1562 440 1590 de
469 1561 548 1589 humi
575 1570 630 1590 usu
661 1563 741 1600 dixi,
773 1573 856 1601 quem
887 1574 922 1595 ex
951 1566 1046 1602 ipsius
1077 1565 1203 1594 materiei
1234 1570 1332 1594 natura
1355 1571 1384 1594 et
1402 1565 1506 1594 ‘indole
1539 1565 1685 1601 explicui,
1713 1566 1742 1595 in
1765 1576 1799 1596 eo

288 1613 381 1648 etiamss
394 1611 438 1648 egi
461 1611 496 1640 de
515 1613 630 1641 caussis
655 1620 683 1642 et
708 1615 888 1653 rationibus,
911 1618 1018 1653 quibus
1042 1618 1146 1647 humus
1167 1618 1308 1654 agrorum*
1321 1615 1495 1645 fertilitatem
1513 1622 1661 1653 tantopere
1681 1626 1800 1654 augeat,

292 1670 320 1692 et
350 1662 455 1699 quibus
479 1662 556 1698 ipsas
585 1664 695 1693 nutrire
727 1666 859 1695 videatur
886 1669 1018 1705 plantas;
1050 1678 1132 1707 cujus
1162 1674 1256 1697 tamen
1287 1667 1455 1697 nutritionis
1485 1668 1644 1704 plantarum
1669 1669 1745 1705 leges
1772 1677 1801 1699 et

288 1714 483 1751 phaenomena
508 1714 634 1744 nondum
664 1716 759 1745 omnia
788 1718 922 1754 explicari
945 1719 1219 1756 posse,-quisque,
1241 1720 1288 1749 vel
1311 1727 1356 1747 me
1381 1725 1512 1753 tacente,
1533 1717 1690 1756 intelligitg,
1712 1727 1799 1757 atque

289 1773 325 1794 ex
347 1773 380 1793 eo
406 1764 489 1792 etiam
513 1763 598 1794 facile
622 1773 759 1803 apparet,
784 1770 862 1803 quod
880 1768 939 1797 fere
961 1779 1062 1799 omnes
1081 1771 1131 1799 hac
1153 1770 1188 1798 de
1215 1779 1246 1799 re
1273 1776 1406 1799 auctores
1430 1768 1626 1805 dissentiunt,
1648 1778 1676 1800 et
1691 1771 1798 1801 diversi

288 1817 372 1852 plane
394 1816 519 1843 diversas
541 1818 724 1852 protulerunt
750 1819 919 1849 sententias.
959 1820 1035 1849 Illud
1054 1828 1146 1849 autem
1172 1821 1290 1850 omnino
1315 1819 1384 1849 mihi
1409 1819 1573 1856 proposui,
1594 1827 1627 1850 ut
1652 1830 1704 1858 ea,
1725 1831 1798 1860 quae

289 1867 337 1896 vel
360 1865 406 1894 alii
428 1865 591 1901 probabiles
612 1875 743 1897 auctores
770 1869 933 1899 invenerint
960 1872 993 1899 de
1018 1872 1125 1907 humo,
1155 1878 1183 1900 et
1209 1880 1263 1908 ego
1287 1871 1426 1905 viderim,
1457 1871 1624 1907 explicarem
1650 1881 1685 1902 ex
1703 1873 1797 1910 ipsius

283 1915 371 1946 'humi
394 1922 513 1952 natura,
535 1923 622 1953 atque
647 1918 816 1949 illustrarem
837 1928 866 1950 et
889 1922 1086 1951 confirmarem
1110 1922 1307 1959 Agricolarum
1327 1921 1498 1957 experientia
1518 1929 1545 1950 et
1561 1930 1642 1959 vusng
1664 1924 1706 1953 sic
1721 1926 1795 1955 enim

286 1967 440 2003 utriusque
462 1966 503 1995 rei
529 1969 740 2004 comparatione
754 1972 876 2007 -utrique
901 1973 993 2001 lucem
1018 1972 1117 2001 afferre
1138 1979 1258 2002 conatus
1278 1981 1354 2001 sum.
1397 1973 1427 2001 Si
1445 1974 1511 2009 quis
1530 1981 1599 2001 vero
1614 1974 1723 2010 aliquid
1744 1976 1794 2005 de-

288 2019 394 2048 siderat
416 2017 446 2047 in
464 2017 528 2054 iis,
559 2027 630 2054 quae
651 2029 725 2049 nova
748 2023 910 2059 proposui,
942 2025 988 2052 vel
1014 2023 1043 2052 in
1066 2024 1123 2058 iis,
1155 2032 1226 2059 quae
1251 2023 1286 2052 ab
1308 2023 1371 2052 aliis
1390 2023 1541 2052 observata
1565 2020 1680 2061 addidi,
1702 2027 1792 2063 (nam

291 2069 349 2107 ipsi
372 2068 442 2098 mihi
468 2076 634 2104 persuasum
660 2078 703 2099 est
724 2080 768 2100 me
790 2081 849 2102 non
866 2073 1030 2103 absolutum
1056 2075 1195 2111 quoddam
1212 2083 1287 2111 opus
1307 2074 1410 2103 lectori
1429 2074 1552 2110 offerre)
1573 2074 1598 2103 is
1613 2080 1690 2104 meae
1709 2077 1792 2106 aetati

290 2119 400 2158 aliquid
416 2119 562 2150 condonet
584 2120 735 2161 cogitans,
760 2122 902 2162 Plinium,
927 2125 1070 2163 egregium
1093 2125 1175 2156 illurn
1200 2133 1314 2156 naturae
1337 2130 1525 2154 scrutatorem
1546 2132 1574 2155 et
1591 2125 1794 2164 interpretem,

1730 2184 1798 2207 cum
