1919 2511
411 121 639 153 RESPONSIO
669 129 710 153 AD
741 121 1054 160 QUAESTIONEM
1089 125 1301 162 MEDICAM.
1567 142 1602 172 41

91 215 171 243 tum,
192 212 223 236 ut
240 206 323 235 facile
340 211 417 243 patet
434 214 449 233 e
468 205 587 242 figuris,
601 205 635 234 ab
651 211 775 240 utroque
797 212 915 235 auctore
938 208 1127 245 descriptioni
1147 211 1328 242 instrumenti
1353 216 1470 252 adjectis
1494 217 1597 253 (21).

125 258 280 294 Praecipue
297 258 380 294 hujus
401 257 583 285 instrumenti
602 265 683 285 usum
705 257 800 285 laudat
818 257 956 287 Hildanns
977 258 1050 296 (22)
1071 261 1099 289 in
1116 261 1241 291 fractura
1262 264 1399 301 femoris,
1421 267 1485 296 dein
1509 277 1598 305 vero,

87 311 203 340 locutus
229 310 264 337 de
288 308 460 345 praestantia
486 307 667 336 instrumenti
694 307 847 336 trochleati
864 315 893 337 et
918 317 1045 340 remorae
1064 313 1171 349 (23),
1193 314 1263 342 dicit
1281 315 1373 352 ipsius
1400 326 1482 346 usum
1505 319 1533 347 jn
1554 329 1601 348 re,

85 360 231 398 positione
259 360 411 394 scapulae,
432 358 462 387 in
488 359 544 393 qua
565 358 649 386 ambo
672 358 905 388 commodissima
927 368 1028 397 putat,
1049 363 1203 399 aliquoties
1227 373 1373 402 expertum
1399 377 1481 403 esse,
1505 377 1532 398 et
1549 371 1596 398 de-

82 413 170 448 nique
187 411 283 446 addit,
304 411 406 438 horum
424 410 679 438 instrumentorum
697 409 857 446 beneficio,
878 410 935 439 nisi
955 413 1064 441 luxatio
1087 413 1175 443 fuerit
1190 416 1326 452 antiqua,
1351 426 1437 454 caput
1457 420 1591 456 humeri,

85 471 260 499 quocunque
285 461 373 489 modo
399 462 525 489 luxatum
544 480 556 495 ‚
584 459 668 488 facile
691 461 877 497 reposuisse,
907 461 934 490 si
961 471 1100 492 remoram
1129 474 1193 494 cum
1224 469 1345 504 globulo
1375 469 1468 499 ferreo
1487 491 1497 506 ,
1529 473 1593 508 ejus

81 513 274 550 magnitudine
295 513 377 540 aucta
396 511 504 549 (24),
526 511 556 540 in
578 511 676 539 tabula
701 518 749 539 aut
769 521 886 541 scamno
907 515 1059 543 commodo
1086 515 1236 554 infixeris,
1258 528 1431 557 aeq-umque
1457 522 1592 558 supinum

79 563 287 599 collocaveris,
308 563 347 591 ita
368 570 399 591 ut
419 563 555 599 globulus
575 571 702 591 remorae
721 563 870 592 cavitatem
892 565 951 592 alae
972 567 1092 602 repleat.

155 642 186 679 §.
209 650 238 678 3.
279 639 319 677 J.
339 639 486 669 Michault
506 638 644 677 (1682).
672 639 721 669 M.
743 638 785 669 G.
806 640 960 669 Purmann
980 642 1118 681 (1716).
1143 645 1179 683 J.
1192 646 1354 685 Junckerus
1376 654 1513 691 (¹721)-

78 739 83 742 .
113 718 260 747 Michault
276 717 433 746 machinam
455 717 570 746 ossibus
596 716 722 753 luxatis,
745 723 772 746 et
793 716 891 746 fractis
917 721 1092 756 reponendis
1110 723 1228 753 maxime
1247 726 1397 763 idoneam,
1420 728 1589 765 cunctisque

75 770 213 798 hactenus
239 769 384 805 cognitis,
413 777 448 797 ex
469 768 547 797 illius
571 775 685 803 mente,
710 770 935 805 anteponendam
961 780 992 799 se
1020 772 1165 803 invenisse
1188 778 1328 812 gloriatur
1349 780 1451 815 (25).

112 821 191 854 Haec
215 827 308 848 autem
334 819 463 848 maehina
487 826 601 848 constat
621 820 706 856 (26)
728 828 742 846 e
765 819 844 855 ligno
869 820 944 849 duos
969 823 1089 858 pollices
1106 834 1224 861 crasso,
1246 828 1375 864 quinque
1398 832 1455 858 lato
1480 836 1506 858 et
1526 829 1586 859 fere

72 880 124 900 sex
149 872 236 908 pedes
259 872 371 906 longo,
393 870 440 898 cui
466 870 495 899 in
514 871 607 898 medio
633 877 676 898 est
699 869 843 906 incisura,
865 880 879 899 e
897 870 1069 902 ferramento
1094 876 1129 904 ad
1150 876 1270 907 formam
1290 879 1390 908 circini
1411 881 1525 909 victorii
1544 881 1589 909 in-

70 922 146 952 versi
169 928 291 958 parato,
313 928 341 949 et
364 930 379 949 e
406 922 536 950 trochlea
560 920 630 956 ligni
655 920 820 953 solidioris,
842 921 872 949 in
898 923 989 951 media
1013 927 1135 954 annulos
1161 935 1279 963 gerente
1298 930 1372 959 duos
1389 930 1499 966 exiles,
1522 931 1587 966 qui-

69 972 125 1007 bus
154 973 312 1001 membrum
343 972 488 1001 machinae
511 971 655 1007 alligatur.
702 972 792 1001 Hisce
812 973 949 1002 addantur
971 974 1041 1003 duae
1065 977 1198 1006 cochleae
1221 981 1392 1016 tractoriae,
1416 982 1521 1016 quibus
1541 990 1587 1010 ex-

68 1023 163 1053 tensio
185 1029 212 1051 et
239 1023 497 1052 contra-extensio
519 1022 705 1057 simulatque
722 1023 877 1059 aequaliter
897 1033 1093 1062 peraguntur,
1118 1030 1200 1064 quale
1222 1030 1292 1065 quid
1310 1031 1338 1060 in
1356 1032 1495 1062 medicina
1510 1041 1585 1063 non·

69 1075 137 1104 d-um
161 1074 276 1109 visum,
297 1080 398 1102 auctor
416 1073 478 1109 ait,
499 1074 537 1101 ita
561 1080 593 1102 ut
617 1082 692 1102 unus
712 1074 842 1103 minister
856 1094 866 1110 ,
890 1076 956 1111 pedi
978 1076 1164 1108 instrumenti
1188 1080 1322 1110 adsidens
1335 1103 1344 1117 ‚
1366 1082 1510 1120 funesque
1529 1084 1583 1112 hu-

69 1133 147 1155 mero
161 1125 292 1161 alligatos
303 1133 354 1161 per
365 1125 521 1153 trochleam
541 1131 655 1153 vertens
668 1145 678 1160 ,
689 1126 769 1154 solus
788 1125 866 1155 illius
881 1128 1046 1158 tractationi
1061 1130 1193 1160 sufficiat.
1219 1131 1364 1161 Humerus
1377 1141 1469 1162 autem
1488 1135 1583 1171 impo-

63 1176 137 1206 situs
156 1176 223 1204 huic
238 1176 317 1212 ligno
330 1196 341 1210 ,
362 1176 446 1213 cujus
465 1177 584 1204 alterum
603 1182 758 1204 extremum
776 1176 855 1205 subit
879 1178 991 1207 axillam
1010 1180 1136 1210 sedentis
1158 1181 1256 1218 aegri,
1278 1192 1329 1218 per
1346 1183 1430 1213 funes
1447 1185 1579 1214 cochleas

66 1228 137 1257 duas
160 1227 317 1256 ambientes
345 1226 527 1262 extenditur,
549 1227 615 1255 dum
637 1232 725 1263 caput
743 1228 871 1256 luxatum
895 1228 925 1257 in
945 1230 1041 1258 sedem
1065 1233 1202 1268 repellere
1218 1240 1341 1262 conatur
1359 1235 1523 1273 chirurgus.

66 1302 70 1310 .
95 1278 157 1315 Jam
181 1287 250 1307 vero
272 1277 353 1306 etiam
373 1278 460 1306 altera
482 1277 614 1315 adjicitur
640 1278 788 1312 machina,
810 1284 838 1306 et
857 1280 1038 1315 prudentiori
1057 1282 1193 1320 chirurgo
1215 1284 1397 1321 judicandum
1417 1286 1451 1314 ab
1467 1287 1577 1316 Aucto-

58 1338 91 1360 re
117 1329 309 1365 relinquitur,
331 1335 393 1357 utra
422 1329 539 1366 majoris
566 1322 736 1358 aestimanda
761 1329 818 1365 sit;
847 1329 923 1359 illam
949 1339 1043 1361 autem
1071 1333 1119 1362 hic
1143 1343 1317 1364 memorasse
1342 1337 1483 1373 sufficiat,
1508 1346 1575 1367 cum

56 1389 152 1417 neque
177 1380 255 1409 illius
283 1386 448 1416 structura,
470 1389 566 1416 neque
593 1381 731 1417 operandi
750 1381 851 1410 modus
876 1382 946 1410 adeo
966 1383 1079 1413 differre
1103 1384 1250 1422 videatur,
1283 1394 1315 1415 ut
1336 1386 1427 1416 fusam
1447 1387 1575 1425 requirat

56 1431 279 1469 descriptionem
301 1431 402 1468 (27).

92 1481 330 1511 Glossocomium
368 1482 538 1519 Augspurgi
565 1489 593 1511 et
616 1482 810 1519 Novimbergi
838 1491 937 1512 recens
969 1484 1118 1515 inventum
1147 1487 1237 1525 (28)
1266 1489 1406 1518 minorem
1435 1491 1570 1527 laudem,

55 1541 139 1569 quam
167 1532 225 1568 ipsi
250 1532 444 1561 attribuerunt
467 1533 616 1569 chirurgi,
647 1534 854 1562 concedendam
878 1543 941 1563 esse
963 1542 1045 1571 putat
1075 1539 1162 1576 (29)
1190 1539 1395 1576 Burmannus,
1424 1548 1472 1577 et,
1500 1543 1567 1571 licet

53 1583 169 1622 maJ'oris
185 1583 222 1612 sit
243 1582 350 1621 pretii,
368 1582 528 1618 minorem,
550 1592 633 1620 quam
647 1584 757 1613 ambem
772 1584 963 1622 Hippocratis
977 1593 1005 1615 et
1017 1586 1117 1626 Parei,
1138 1589 1240 1618 habere
1255 1590 1404 1621 virtutem.
1435 1593 1567 1621 Alterum

1486 1651 1569 1673 ettam

83 1717 170 1753 (21)
194 1720 212 1747 l.
231 1726 257 1745 c·
460 1717 542 1752 (22)
567 1719 585 1746 1.
604 1726 629 1745 c·
661 1727 688 1752 P·
705 1719 764 1752 483·
969 1721 1054 1758 (23)
1082 1725 1100 1752 l.
1118 1733 1142 1751 c.
1169 1734 1196 1759 p.
1212 1733 1272 1760 479.

82 1763 168 1798 (24)
197 1766 326 1791 Diameter
348 1765 465 1798 globuli,
481 1766 513 1790 ab
535 1766 656 1791 Auctore
677 1765 795 1800 depicti,
815 1774 842 1794 et
865 1769 889 1795 in
907 1769 1010 1796 humeri
1033 1772 1164 1797 luxatione
1182 1772 1332 1805 adhibendi,
1359 1780 1397 1799 ter
1416 1773 1560 1800 diametrum

47 1811 154 1836 minoris
167 1812 272 1843 iglobuli
285 1829 293 1841 ,
310 1819 363 1844 quo
382 1813 421 1837 uti
441 1813 541 1837 solebat
557 1813 582 1837 in
606 1814 652 1839 alia
675 1815 769 1839 ossium
796 1815 986 1848 dislocatione‚
1004 1825 1115 1850 superat.
1142 1819 1195 1845 vid.
1213 1821 1231 1845 l.
1249 1827 1274 1847 e.

80 1855 164 1890 (25)
192 1857 330 1885 Michault.
353 1858 389 1884 les
411 1858 527 1884 discours
540 1866 616 1891 -pour
642 1860 787 1893 l'explicat.
809 1861 854 1888 des
878 1865 992 1891 nouvell.
1009 1865 1120 1892 machin.
1145 1873 1199 1893 cet.
1223 1866 1249 1892 in
1273 1867 1347 1893 Actis
1366 1867 1465 1895 Erudit.
1487 1867 1560 1901 Lips-

45 1904 119 1936 ¹68³·
141 1912 170 1937 p.
189 1911 232 1939 37.

74 1949 158 1985 (26)
182 1951 200 1977 1.
220 1958 248 1977 c.
272 1952 324 1979 tab.
343 1959 368 1979 1.
391 1953 510 1986 illiusque
531 1955 671 1988 explicatio
688 1955 849 1988 inspiciatur.

98 2007 113 2025 2
182 1998 244 2026 Vid.
270 2000 288 2026 1.
307 2008 331 2026 c.
357 2002 408 2028 tab.
425 2011 451 2029 2.

74 1997 156 2077 {2ss
183 2044 293 2070 Videtur
315 2047 415 2073 Auctor
441 2049 576 2077 attendere
597 2051 627 2077 ad
654 2053 864 2086 instrumentum,
883 2054 954 2088 quod
972 2054 1099 2081 Michault
1114 2054 1259 2087 proposuit·

75 2087 157 2131 (29)
187 2091 321 2119 Purmann.
341 2093 414 2121 Chir.
433 2097 547 2125 curiosa.
576 2103 595 2125 t.
612 2105 639 2131 3.
664 2106 691 2126 c.
711 2106 750 2133 14.
774 2108 803 2133 p.
821 2101 880 2128 680.

61 2142 65 2145 ’
867 2147 892 2177 F
