1919 2511
579 145 1087 180 ORA'TIO.
1541 155 1562 192 9

90 245 198 280 subito
222 243 402 287 collapsam
436 250 514 274 cum
545 240 740 274 auctoritate
762 241 857 282 sua,.
874 245 906 273 et
929 240 1057 275 excidio
1082 240 1270 284 proximam
1293 239 1374 274 vidit
1396 250 1468 273 rem
1493 251 1561 285 pu-

87 303 210 337 blicam
234 311 339 345 sagax
367 299 501 343 quidem
524 299 576 332 ille
607 297 802 342 subtilisque
827 297 980 342 politicus
1009 310 1106 331 unus
1128 309 1265 331 wirrms
1278 321 1288 339 ,
1321 297 1499 340 Gallosque
1521 297 1558 332 in

87 358 206 395 intima
232 355 429 390 Hollandiae
457 365 537 388 suae
567 356 694 390 viscera
724 354 908 389 saevientes
937 355 1026 398 (2)?
1053 373 1100 381 —
1131 355 1250 386 Nonne
1284 352 1407 385 frustra
1442 353 1560 386 deinde

88 415 194 448 multo
212 424 290 447 cum
309 412 420 446 dolore
442 413 574 446 monuit
596 412 843 456 obtestatusque
856 410 920 445 fuit
938 422 1209 451 smnennmmw,
1234 409 1293 442 sed
1310 419 1465 452 soporem
1488 414 1561 442 tor-

87 480 269 514 poremque
293 475 447 502 excutere
468 480 538 502 non
558 470 666 515 fotuit
687 468 984 512 Praepotentibus‚
1007 468 1150 508 scilicet,
1173 464 1350 507 DominiS,
1371 475 1456 499 auro
1483 475 1563 509 gra-

87 527 171 563 vatis
183 553 193 570 ‚
216 527 376 571 regnandi
396 528 562 571 voluptate
584 527 747 572 languidis
771 533 803 560 et
825 526 935 560 obesis
956 524 1031 568 (5).

127 587 223 618 Hora
243 595 312 617 non
333 585 431 626 sinit,
455 584 649 617 Auditores!
680 589 718 617 ut
745 594 924 628 exsequar,
956 593 1042 626 quae
1068 581 1109 614 de
1138 581 1293 624 perversa
1326 590 1410 623 quae
1444 578 1563 612 deinde

84 639 215 686 gentem
243 647 393 675 nostram
420 642 556 674 incessit
584 641 804 674 aemulatione
820 665 830 682 ,
862 638 1082 681 remediisque
1109 638 1198 670 malo
1227 635 1394 679 pejoribus
1407 660 1417 678 ,
1453 641 1557 677 tunc,

82 698 196 731 eadem
217 708 349 741 semper
369 698 579 741 politicarum
598 708 712 731 rerum
728 697 907 741 ignorantia
921 721 931 737 ,
953 694 1109 736 tentatis,
1130 693 1368 727 adnotaveram
1393 692 1556 732 dicenda;

82 755 152 797 vel,
184 755 273 799 quod
297 754 338 787 de
367 757 498 788 summ-<⁸1
520 765 556 788 re
578 754 707 799 publica
727 753 816 794 dixi,
840 750 1020 796 separatim
1045 760 1199 783 enarrem
1227 749 1267 781 de
1295 749 1472 792 praeclaris
1499 749 1561 781 illis

83 817 117 845 et
143 811 271 845 dudum
297 811 475 844 uberrimis
501 811 692 846 divitiarum
716 809 862 843 fontibus
886 809 1078 852 patriaeque
1103 806 1293 849 praesidiis,
1317 816 1402 849 quae
1423 805 1560 838 fuerunt

81 870 118 902 in
143 869 276 902 coloniis
300 869 452 902 Asiaticis
464 893 474 910 ‚
506 868 714 901 Americanis
728 892 738 909 ‚
769 866 956 903 Africanis,
980 863 1224 907 grandibusque
1250 862 1311 894 illis
1338 861 1398 894 sed
1422 861 1559 894 tandem

81 922 278 958 monstrosis
299 924 518 957 Societatibus
529 948 539 964 ‚
554 923 732 956 Orientalis
750 933 835 967 quae
846 920 1020 954 dicebatur
1036 918 1148 952 Indiae
1161 924 1194 951 et
1205 917 1427 950 Occidentalis
1441 917 1562 961 (4).—

79 983 151 1014 Nec
171 981 291 1014 invitus
315 981 416 1013 etiam
442 978 617 1021 abstineo,
650 990 693 1012 ne
724 978 790 1011 hac
822 979 858 1010 in
882 976 1011 1021 publica
1038 975 1159 1008 laetitia
1189 976 1308 1008 Vestra
1340 974 1487 1008 severius
1511 973 1560 1006 in-

79 1043 187 1071 secter
209 1042 401 1080 praesentes
424 1037 541 1071 veteris
561 1036 711 1069 inscitiae
733 1034 910 1079 reliquias:
935 1033 1017 1066 dum
1042 1033 1097 1066 alii
1126 1037 1309 1072 nostrateS‚
1342 1031 1377 1063 in
1399 1030 1559 1073 pristina-

78 1101 157 1140 rum
175 1094 358 1127 factionum
386 1094 478 1136 luto,
499 1095 568 1136 jam
593 1093 710 1137 procul
727 1104 748 1126 a
767 1091 865 1125 nobis
888 1092 1034 1134 jacente,
1057 1089 1253 1130 haerentes,
1280 1087 1345 1121 illic
1368 1086 1486 1120 acerbe
1513 1085 1560 1118 di-

80 1151 264 1196 gladiantur
289 1151 435 1194 aliosque
454 1161 472 1183 e
492 1149 669 1194 longinquo
692 1150 879 1191 lacessunt,
903 1143 1034 1181 illorum
1057 1157 1144 1191 quae
1161 1148 1238 1189 ,jam
1257 1146 1292 1178 in
1311 1144 1412 1178 rebus
1431 1143 1556 1176 nostris

78 1209 228 1243 curanda
254 1214 286 1242 et
311 1208 394 1241 forte
420 1207 568 1242 cavenda
590 1208 655 1240 sint
677 1207 786 1240 securi
804 1207 856 1241 vel
878 1202 1031 1248 inperiti3
1055 1203 1114 1237 sed
1133 1200 1187 1235 alii
1200 1226 1209 1244 ‚
1233 1202 1290 1245 qui
1304 1200 1395 1242 ‘haec
1414 1199 1477 1233 sibi
1498 1211 1557 1233 cu-

78 1274 154 1297 rare
176 1265 350 1298 videantur
380 1270 412 1296 et
434 1264 646 1299 vehementer
672 1264 821 1297 liberales
843 1263 989 1307 plerique
1018 1261 1118 1295 velint
1142 1257 1270 1301 videri,
1300 1258 1468 1291 doctrinas
1491 1268 1555 1301 po-

76 1320 181 1365 liticas
214 1320 411 1366 profitentur
443 1324 475 1352 et
502 1325 713 1363 propugnant
745 1320 867 1361 falsas,
899 1318 1028 1351 dudum
1066 1317 1219 1360 explosas
1256 1321 1287 1348 et
1318 1313 1464 1347 maxime
1498 1313 1556 1346 illi-

78 1376 225 1417 berales3
257 1377 366 1409 neutri
396 1375 545 1409 divinam
571 1376 662 1408 illam
691 1374 1004 1410 nniversi'tandem
1036 1374 1138 1417 Belgii
1174 1373 1441 1415 conjunctionem
1473 1371 1553 1402 saus

77 1434 276 1477 intelligunt,
312 1431 347 1464 id
369 1432 458 1476 quod
490 1433 525 1465 in
546 1432 676 1466 diversa
705 1443 797 1476 regni
823 1438 917 1475 parte
944 1431 1048 1474 magis
1078 1429 1268 1472 displiceat,
1300 1425 1331 1460 et
1361 1426 1425 1460 sibi
1451 1436 1549 1469 quae-

78 1489 220 1521 rendum
240 1494 273 1521 et
293 1487 338 1521 illi
362 1487 514 1520 nituntur
534 1489 773 1531 imponendum
787 1514 797 1531 ‚
821 1494 853 1521 ct
870 1487 1038 1520 sinceram
1058 1486 1149 1518 illam
1171 1484 1355 1516 fraternam
1378 1482 1550 1514 caritatem

77 1545 283 1586 detrectant,
305 1553 478 1577 summum
495 1551 530 1577 ct
553 1547 693 1578 unicum
715 1546 844 1589 patriae
871 1538 1023 1577 columen
1048 1541 1204 1584 regnique
1229 1538 1498 1572 fundamentum.

1479 1595 1556 1627 Do-

113 1704 180 1735 (2)
198 1704 269 1730 conf.
295 1704 367 1727 Doct-
391 1711 417 1727 π.
440 1710 466 1728 e.
488 1711 546 1727 vax
562 1710 630 1726 κΑιιι
638 1711 713 1732 1²21«,
740 1701 811 1726 Vark.
832 1698 950 1726 Gesolzted.
968 1701 1008 1724 der
1022 1697 1117 1724 Nederl.
1133 1698 1156 1721 11
1172 1698 1201 1721 D.
1216 1695 1250 1722 bl.
1264 1694 1379 1725 58—6'0‚
1395 1693 1440 1722 ¹63,
1455 1694 1500 1720 65,
1517 1692 1558 1720 67.

75 1747 139 1772 clar.
154 1754 386 1774 suzomunzx,
403 1747 429 1769 in
445 1746 583 1770 defensione
599 1746 653 1770 Jani
668 1747 750 1770 Wittii
766 1756 790 1778 p.
802 1749 903 1776 6-12;
918 1752 942 1770 et
956 1747 981 1769 in
997 1746 1064 1776 Elog.
1076 1743 1173 1775 Slingel.
1188 1749 1245 1766 mox
1264 1741 1304 1764 cit.
1322 1748 1345 1771 p.
1361 1746 1385 1766 5¹
1398 1754 1405 1767 ‚
1419 1743 1458 1765 52.
1489 1737 1559 1760 Dect.

73 1798 250 1815 anunente
258 1806 268 1817 ,
292 1790 404 1821 Snpplem-
422 1798 446 1813 v.
462 1790 500 1813 Ιιει
516 1791 656 1820 Aardrijksk.
676 1791 815 1814 Woordenh.
847 1791 879 1814 V.
895 1792 1040 1821 Anlwerpen.

81 1832 86 1835 ..
121 1830 181 1866 (Β)
205 1827 275 1857 Dect.
297 1841 359 1857 vn*
384 1841 538 1863 zamran,
562 1835 617 1861 libr,
636 1835 677 1858 cit.
708 1843 734 1866 p.
749 1840 807 1864 217,
826 1836 880 1858 218.
901 1840 925 1857 et
942 1843 966 1865 p.
985 1834 1048 1863 234,
1064 1841 1101 1864 sq.
1141 1831 1181 1855 cl.
1205 1833 1421 1853 szizannmzmx
1443 1824 1469 1847 in
1491 1823 1558 1854 Elog.

74 1879 134 1904 Sim.
151 1887 176 1903 v.
192 1878 353 1909 Slingelandt,
373 1878 509 1907 (Ver-hand.
522 1886 573 1902 van
587 1879 615 1901 de
639 1879 757 1902 Maacsch.
779 1878 819 1901 der
832 1877 926 1902 Nederl.
949 1877 1044 1900 Leuat-k.
1065 1876 1102 1899 ΠΙ
1119 1876 1149 1898 D.
1171 1875 1181 1897 I
1199 1873 1251 1903 St.)
1273 1880 1297 1904 p·
1317 1877 1365 1901 14,
1395 1877 1421 1901 P·
1437 1874 1558 1898 29—421

75 1932 100 1956 pq
118 1923 236 1954 54—64‚
258 1926 282 1944 et
300 1921 325 1944 in
341 1920 421 1944 adnot.
437 1921 467 1944 ad
485 1922 536 1945 loca
553 1922 594 1945 cit.

120 1968 185 1997 (4)
204 1964 302 1989 Dudum
314 1969 367 1988 ante
385 1965 474 1988 bellum
494 1963 523 1988 ab
537 1965 621 1997 Angli&
638 1964 749 1998 Reipubl.
768 1967 876 1997 Belgicae
890 1973 929 1990 an.
947 1966 1008 1993 17‘80
1023 1963 1109 1986 facium
1125 1961 1221 1993 penitus
1236 1962 1347 1990 corrupta
1362 1961 1413 1980 erat
1430 1963 1467 1979 res
1483 1955 1558 1978 omnis

77 2009 199 2034 societatis
214 2008 297 2032 Indiae
316 2005 441 2032 orientalis
458 2014 481 2032 et
493 2010 633 2033 oeconomia
643 2026 651 2039 ‚
666 2011 804 2042 praesertim
821 2010 846 2032 iu
862 2008 938 2032 India.
971 2006 1044 2030 conf.
1060 2006 1089 2028 de
1105 2004 1273 2029 Consideratoen
1288 2010 1338 2024 van
1353 2000 1397 2022 den
1412 2000 1488 2022 Baton
1503 2004 1559 2020 vau

74 2061 111 2077 xm
121 2061 214 2081 nore,
231 2053 299 2081 1741.
328 2051 412 2076 Edicta
428 2052 535 2075 Gubern-
546 2053 634 2077 Gener.
650 2062 672 2077 ι.
689 2061 814 2076 mossur.
828 2058 941 2080 an-1753
955 2056 983 2073 et
998 2058 1049 2081 sqq.
1065 2048 1127 2071 edita
1144 2047 1173 2070 ab
1191 2055 1213 2070 Δ.
1231 2051 1381 2068 ειυγςειιε
1391 2058 1399 2068 ,
1412 2041 1436 2063 in
1449 2040 1560 2070 Append.

76 2097 131 2121 fflffi
147 2097 214 2119 ΕΦΨ
228 2095 268 2117 der
283 2095 385 2119 Οωῑῖηᾰ·
404 2095 614 2122 Etalzla‘ssememen,
634 2098 703 2127 1789.
740 2097 856 2129 (Twee)
873 2095 1056 2126 Zamenspmloen
1080 2098 1165 2121 wegens
1185 2089 1214 2112 de
1234 2087 1344 2112 oorzakea
1361 2092 1410 2108 van
1431 2083 1469 2105 het
1484 2081 1568 2110 bedms

72 2140 114 2164 der
127 2139 219 2165 Nederl.
237 2139 267 2164 Ο.
281 2139 304 2163 1-
321 2140 467 2171 Compagm'e.
489 2142 557 2169 1773-
893 2172 922 2204 Β
