1919 2511
308 190 354 219 24·
609 182 805 214 PETRI
861 182 1215 215 ABRAHAMI
1270 184 1514 222 JELTES

345 263 474 293 Necesse
495 271 562 302 ergo
588 272 653 301 est,
676 266 762 304 liujus
781 266 902 296 musculi
923 267 1052 296 tensione
1078 276 1176 304 parurn
1202 268 1303 297 elevari
1330 268 1476 299 humerum
1491 289 1501 307 ,
1524 276 1551 299 et
1566 269 1691 300 cubitum
1709 281 1723 301 a
1742 281 1809 302 cos·

306 313 343 342 tis
367 315 496 344 recedere
517 316 609 352 (5),
632 325 689 352 quo
711 317 793 345 etiam
816 317 952 347 confert:

347 365 393 393 M.
418 366 705 402 Corace-brachialis‚
730 367 803 396 inter
823 377 863 396 m.
885 371 1056 404 pectoralem
1076 368 1213 398 minorem
1229 377 1256 398 et
1272 378 1357 407 caput
1375 372 1460 402 breve
1477 373 1604 411 bicipitIS
1623 373 1695 403 situs
1716 373 1805 412 (ὅ),

299 416 352 452 qui
372 417 453 445 etiam
479 416 507 445 in
529 417 580 445 hac
603 417 759 448 luxationis
780 419 875 455 specie
897 420 1011 448 extendi
1035 420 1137 448 debere
1160 421 1272 449 'videtur
1291 422 1378 459 (7);
1401 423 1520 452 directio
1536 433 1605 453 vero
1621 424 1706 462 hujus
1730 432 1808 453 mus-

305 467 363 496 culi
379 467 437 496 fere
462 467 554 495 eadem
580 474 692 505 manet,
715 470 797 506 cujus
820 469 989 499 directionis
1011 471 1102 505 linea,
1126 480 1197 507 quae
1223 472 1252 501 in
1269 473 1397 508 snaturali
1416 473 1526 502 humeri
1552 481 1628 503 statu
1648 483 1748 511 parurn
1766 475 1810 504 in-

300 524 428 546 trorsum
452 518 566 554 vergit,
589 526 603 546 a
627 527 765 554 processu
788 521 979 556 coracoideo,
1010 522 1044 549 ad
1069 520 1206 550 internam
1232 523 1342 551 humeri
1371 524 1550 559 superficiem
1580 525 1720 561 tendens,
1748 526 1809 554 for-

303 580 353 599 san
381 571 468 607 magis
499 572 629 607 parallela
652 572 703 607 fit,
734 580 797 600 cum
827 580 971 607 nunquam
1005 573 1072 601 haec
1102 574 1210 601 luxatio
1238 573 1345 602 directe
1371 574 1503 602 deorsum
1531 574 1677 611 obtineat,
1709 577 1809 604 saltem

302 623 434 658 persistat
453 624 543 660 (3),
564 622 613 650 sed
640 630 692 658 per
713 622 800 651 verba
838 643 855 658 ,,
874 632 901 651 os
929 623 1040 650 humeri
1067 623 1168 651 laxari
1192 623 1350 652 deorsum³²
1377 625 1506 661 plerique
1534 632 1666 654 auctores
1688 626 1810 663 intelligi

302 675 390 703 velint
410 675 582 703 luxationem
609 676 691 703 intra
716 675 837 703 axillam
858 675 949 713 (9'),
972 675 1019 703 vel
1041 674 1103 703 aliis
1125 674 1219 703 verbis
1232 696 1240 708 ,
1260 681 1346 713 caput
1370 676 1481 704 humeri
1504 677 1661 705 introrsum
1684 683 1711 706 ct
1731 676 1812 707 deor-

299 735 358 753 sum
380 726 509 754 laxatum
531 725 595 762 (10
605 724 635 761 ).

339 776 388 804 M,
410 776 684 814 Supra-spinatus,
704 777 785 813 juxta
809 776 929 805 radicem
956 784 1112 813 processus
1129 777 1290 806 coraco'idei
1309 784 1407 808 tensus
1428 780 1443 816 (
1462 787 1491 808 11
1504 779 1519 815 )
1533 798 1544 815 ,
1565 779 1703 816 oblique,
1723 789 1809 809 mem-

300 826 414 855 branam
446 828 619 863 capsularem
641 827 730 863 magis
762 826 892 855 minusve
915 827 1073 863 disruptam
1106 834 1269 864 superans,
1297 829 1444 858 descendit
1467 831 1502 859 ad
1526 831 1693 860 insertionis
1720 840 1813 867 punc-

301 886 359 908 tum
373 899 381 915 ,
403 879 440 908 ita
457 885 488 907 ut
509 879 594 916 hujus
610 878 733 907 musculi
756 878 843 907 fibrae
864 879 965 915 p‘artim
984 878 1117 914 cavitati‚
1136 887 1189 907 suo
1205 879 1297 915 capite
1313 889 1437 916 vacuae,
1459 880 1642 917 incumbant,
1663 890 1755 918 quae,
1780 882 1809 912 in

302 938 376 959 statu
398 929 606 960 articulationis
635 929 755 959 naturali
781 929 866 958 situm
890 929 949 958 fere
977 930 1184 961 horizontalem
1208 931 1367 968 habentes,
1391 931 1419 961 in
1440 932 1586 961 luxatione
1607 940 1711 961 versus
1738 932 1813 962 infe·

300 982 374 1010 riora
397 981 497 1018 potius
520 981 639 1017 obliqua
662 981 820 1010 directione
839 982 1034 1017 stringuntur.

339 1032 431 1067 Supra
465 1031 648 1060 anatomicam
676 1032 797 1069 partium
825 1033 1048 1069 descriptionem
1085 1039 1261 1069 exponentes
1292 1033 1511 1063 memoravimus
1544 1033 1629 1063 etiarn
1665 1033 1807 1064 tendinem

302 1085 449 1120 quemdam
472 1093 513 1113 m.
533 1083 662 1121 bicipitis
685 1093 700 1113 a
721 1085 864 1121 superiori
895 1093 973 1122 parte
994 1084 1114 1114 cervicis
1138 1085 1272 1119 scapulae
1300 1091 1414 1119 ortum,
1443 1091 1493 1120 et,
1524 1085 1667 1121 capsulari
1693 1084 1809 1114 articuli

299 1136 461 1164 membrana
482 1134 647 1171 perforata,
668 1134 697 1163 in
722 1135 883 1164 semicanali
900 1136 973 1166 inter
996 1137 1054 1165 duo
1083 1137 1231 1165 tubercula
1255 1135 1330 1164 ossis
1349 1136 1460 1164 humeri
1478 1143 1668 1172 contentum,
1690 1144 1723 1165 ut
1741 1136 1808 1166 dein

299 1195 363 1215 cum
386 1185 488 1223 capitis
518 1184 633 1214 alternis
654 1193 738 1214 carne
759 1186 905 1222 jungatur.
947 1186 1046 1224 HuJ‘us
1071 1193 1165 1216 autem
1189 1186 1313 1215 tendinis
1335 1186 1408 1216 situs
1434 1187 1518 1216 etiam
1543 1193 1690 1224 mutatur,
1712 1186 1809 1216 fulcro

1734 1245 1810 1267 emm

329 1325 398 1359 (5)
430 1325 487 1351 Gal.
511 1324 543 1351 de
571 1326 651 1359 Hipp.
678 1331 704 1351 et
729 1326 792 1353 Plat,
817 1326 915 1354 decret.
937 1328 955 1355 1.
968 1334 994 1360 9.
1020 1335 1046 1354 c.
1067 1337 1092 1362 4.
1119 1334 1138 1356 t.
1155 1336 1179 1355 2.
1207 1329 1311 1356 P.2810
1334 1327 1430 1354 Venet.
1450 1333 1524 1360 1525.
1546 1327 1665 1354 Desault.
1691 1327 1710 1354 1.
1728 1333 1753 1353 c.
1777 1332 1806 1358 p·

296 1378 340 1404 35¹
362 1379 418 1403 seq.

330 1417 396 1452 (6)
421 1418 507 1443 Bonn.
537 1418 555 1444 l.
574 1425 598 1444 c.
625 1419 674 1445 tab.
695 1425 718 1444 ι.
744 1425 770 1445 u.

329 1463 396 1497 (7)
422 1465 457 1490 H.
476 1464 607 1489 Thomson
633 1466 787 1493 observfon
811 1471 824 1489 a
843 1464 996 1493 dislocated.
1024 1465 1131 1494 should.
1149 1473 1202 1493 cet.
1221 1468 1247 1493 in
1275 1466 1352 1493 Med.
1378 1467 1489 1493 observ.
1513 1467 1560 1492 and
1585 1464 1682 1498 Inquit.
1709 1465 1763 1490 vol.
1779 1472 1804 1491 2.

297 1520 323 1543 p.
337 1516 394 1542 343.
421 1510 506 1536 Lond.
523 1510 595 1542 1762.
622 1511 682 1536 8vo.
709 1511 752 1536 sed
774 1511 816 1537 hic
841 1512 978 1537 notandum
1008 1519 1046 1538 est
1075 1513 1147 1545 quod
1176 1514 1279 1539 Auctor
1303 1514 1423 1545 loquatur
1449 1512 1482 1538 de
1507 1512 1611 1537 humero
1636 1513 1715 1538 altius
1742 1511 1807 1537 intra

297 1558 395 1583 axillam
417 1557 524 1585 luxato,
542 1555 609 1580 unde
631 1556 715 1581 forsan
736 1557 802 1582 illius
827 1559 907 1584 verba
926 1559 1077 1591 explicanda
1096 1567 1157 1586 sunt
1181 1578 1199 1593 „
1214 1559 1258 1584 tlte
1279 1557 1519 1585 corace-brachialis
1543 1566 1590 1584 was
1611 1558 1679 1583 little
1702 1555 1805 1588 tense‚'’

297 1603 360 1628 infra
381 1602 447 1627 enim
474 1601 552 1631 dicit,
572 1608 611 1631 se,
638 1603 778 1627 accuratius
799 1605 848 1628 situ
869 1605 963 1636 capitis
984 1606 1084 1630 humeri
1106 1607 1283 1638 investigato,
1299 1605 1361 1630 illud
1384 1605 1510 1630 invenisse
1529 1605 1553 1628 in
1576 1603 1694 1628 interiori
1714 1609 1807 1635 scapu-

297 1650 334 1674 lae
353 1648 460 1673 cervice
481 1646 510 1671 ad
530 1646 636 1672 radicem
655 1655 792 1680 processus
813 1649 962 1675 coracoi‘dei
986 1651 1048 1676 intra
1070 1658 1104 1678 m.
1128 1652 1332 1684 subscapularern
1355 1657 1380 1676 et
1399 1656 1521 1676 serratum
1539 1650 1650 1674 anticum
1666 1649 1807 1680 mnj0rem‚

297 1695 330 1720 ita
348 1701 397 1724 ut,
420 1695 467 1719 hac
485 1693 576 1725 capitis
597 1693 658 1718 sede
680 1696 802 1726 cognita,
827 1695 904 1721 facile
930 1702 1035 1729 pateat,
1061 1704 1138 1730 quare
1161 1705 1250 1730 parum
1279 1703 1367 1723 tensus
1392 1697 1471 1721 fuerit
1493 1702 1526 1722 m.
1546 1695 1808 1722 Coraco-brachialis.

331 1739 398 1773 (8)
423 1738 582 1765 Richerand.
601 1740 683 1767 Mem.
708 1740 738 1765 de
760 1741 782 1765 la
810 1741 910 1767 Societ.
932 1749 983 1768 cet.
1009 1748 1028 1769 t.
1044 1749 1069 1775 5.
1101 1751 1129 1775 p.
1148 1744 1208 1775 460.
1227 1744 1309 1768 dicits
1338 1761 1354 1774 ‚‚
1372 1743 1394 1767 la
1421 1743 1474 1768 tete
1496 1742 1527 1767 de
1549 1741 1597 1767 l'os
1618 1741 1756 1773 s'echappe
1775 1747 1808 1766 en

296 1788 339 1812 bas
363 1792 388 1811 et
412 1793 442 1811 en
466 1786 547 1811 meme
569 1792 650 1818 temps
675 1794 707 1810 un
722 1794 773 1819 peu
799 1793 830 1812 en
855 1787 966 1819 dedans,
985 1796 1115 1821 parceque
1135 1790 1156 1814 la
1178 1790 1272 1820 longue
1294 1789 1402 1820 portion
1423 1788 1457 1813 du
1481 1788 1577 1819 triceps
1599 1787 1742 1819 empeche,
1760 1786 1804 1819 qu'

297 1834 345 1859 elle
367 1839 398 1857 ne
421 1837 489 1857 sorte
513 1831 682 1858 directemeut
703 1840 746 1865 par
767 1833 789 1858 la
813 1834 896 1866 partie
923 1834 1061 1861 inferieure
1077 1835 1109 1861 de
1131 1836 1152 1860 la
1173 1835 1258 1862 cavite
1280 1833 1417 1867 glenoide,
1441 1841 1472 1858 au
1494 1834 1600 1859 dessous
1626 1833 1657 1858 de
1677 1834 1699 1857 la
1721 1833 1805 1865 quelle

297 1886 342 1904 son
363 1877 456 1903 tendon
479 1874 630 1903 s'attache.’'

332 1923 397 1957 (9)
423 1924 440 1949 i.
459 1929 482 1949 e.
510 1924 587 1948 sicuti
619 1924 711 1949 scribit
735 1924 778 1951 W.
802 1924 940 1950 Broinfield
966 1925 1038 1952 Chir.
1063 1926 1175 1954 observ.
1201 1926 1248 1952 and
1275 1933 1346 1951 cases
1375 1926 1428 1951 vol.
1447 1931 1470 1952 1.
1497 1933 1526 1958 p.
1541 1932 1600 1951 222.
1627 1923 1802 1958 Lond.1773.

297 1971 358 1996 evo.
382 1971 445 1995 iuter
468 1969 580 1995 tendines
601 1977 636 1996 m.
655 1971 795 2002 pectoralis
818 1971 939 2004 majoris,
957 1973 1073 1998 latissimi
1095 1973 1162 1998 dorsi
1185 1979 1210 1998 et
1231 1973 1315 1998 teretis
1338 1970 1451 2004 majoris.

333 2015 348 2049 (
365 2015 419 2049 ιο)
445 2016 528 2041 Bonn.
552 2016 570 2042 1.
587 2023 614 2042 c.
637 2024 664 2049 p.
679 2024 721 2049 24.

333 2060 416 2094 (ιε)
441 2062 464 2095 J.
480 2062 586 2087 Aitken.
606 2062 699 2094 Essays
726 2070 758 2088 on
778 2063 864 2090 Frakt.
881 2063 928 2089 and
943 2063 1038 2090 Luxat.
1063 2073 1090 2097 p.
1108 2070 1166 2090 122.
1189 2063 1235 2089 ubi
1258 2063 1340 2089 dieit=
1369 2082 1386 2096 „
1407 2063 1450 2089 the
1471 2063 1540 2088 short
1562 2063 1672 2088 muscles
1695 2059 1803 2086 inserted

298 2115 354 2133 near
377 2109 406 2133 ist
429 2107 494 2132 head
511 2113 579 2132 must
597 2108 630 2132 be
650 2109 747 2140 greatly
767 2109 892 2142 deranged
915 2110 1080 2142 particularly
1104 2110 1147 2134 the
1162 2110 1366 2142 supra-spiriritus
1390 2116 1441 2136 cet.
1459 2108 1599 2135 —indeed
1622 2109 1647 2133 in
1667 2113 1737 2133 some
1758 2112 1801 2132 ca-

298 2160 338 2179 ses
358 2153 449 2180 Iliave
475 2152 616 2186 suspected
639 2161 653 2179 a
677 2153 847 2183 laceration.''
884 2155 965 2184 Conf.
984 2156 1126 2183 Thomson.
1148 2156 1165 2182 l.
1184 2162 1210 2182 c.
1233 2162 1260 2187 p.
1278 2161 1335 2187 249.
