1919 2511
293 114 622 149 COMMENTATIO
643 121 688 145 An
709 112 1020 152 QUAESTIONEM
1042 112 1368 146 THEOLOGICAM.
1541 124 1582 155 49

411 347 625 379 PARS
691 346 1240 379 POSTERIOR.

663 445 975 468 PRACTICA.

187 545 219 584 S·
250 552 278 578 1.
317 543 364 575 De
389 544 488 575 Caroli
514 544 621 584 Magni
644 546 784 574 institutis
805 554 841 573 ac
865 545 975 573 meritis
995 542 1038 572 ad
1059 551 1148 572 mores
1172 541 1296 571 omnium
1319 541 1448 571 ecclesiae
1474 559 1476 561 ·

665 597 769 626 civium
788 594 982 625 emendandos.

64 687 242 754 Expositis
259 715 295 745 iis
313 724 387 753 quae
404 716 528 748 Carolus
547 717 675 755 Magnus
694 718 790 754 quoad
809 716 996 747 theoreticam
1015 722 1124 753 partem
1143 714 1291 744 doctrinae
1311 713 1456 750 religionis
1474 713 1577 743 Chris-

63 770 156 799 tianae
180 767 434 804 instituit‚‘nunc
457 768 546 805 igitur
573 769 609 799 ad
635 769 810 805 practicam,
842 777 915 805 quae
940 768 1067 804 dicitur,
1095 773 1203 803 partem
1240 772 1427 794 transeamus.
1477 765 1582 800 Neque

62 821 136 850 hanc
161 827 262 848 curare
282 818 419 856 neglexit.
460 817 575 855 Opera,
603 819 716 857 ajebat,
748 820 831 849 fidem
861 826 1019 856 sequantur
1040 818 1123 856 (ι).
1163 817 1210 846 Ex
1233 816 1363 846 moribus
1384 815 1457 844 enim
1481 815 1585 845 Chris-

61 869 315 907 tianum-probari
345 870 424 907 (2).
474 870 568 899 Deum
596 870 772 908 diligendum
801 879 864 900 esse
890 880 956 900 cum
984 869 1064 899 omni
1090 869 1205 904 corde‚
1235 867 1315 897 omni
1346 872 1441 895 mente
1459 886 1470 902 ,
1506 867 1584 895 omni

14 926 17 932 '
62 922 180 957 animo,
203 920 337 951 omnibus
357 920 468 950 viribus
488 921 570 957 (3).
608 921 656 950 Ex
680 922 822 959 euangelii
844 928 1001 959 praecepto
1024 920 1157 949 homines
1178 927 1295 955 quoque
1316 916 1452 951 monuit,
1474 923 1505 945 ut
1530 917 1582 945 bo-

49 2060 53 2061 *
100 2049 184 2085 (ια)
203 2051 268 2083 Cap.
286 2058 309 2076 a.
326 2051 386 2083 789.
404 2057 428 2077 c.
445 2057 485 2078 10.
504 2050 522 2077 1.
539 2051 557 2076 l.
575 2058 603 2083 p.
618 2051 679 2084 649.

60 981 97 1003 na
132 977 222 1010 op'era
257 980 310 1001 sua
340 971 379 1000 ita
411 971 567 1008 probarent
606 981 702 1002 coram
737 973 826 1002 sociis
869 973 929 1002 suis
948 994 961 1010 ,
1000 978 1034 1000 ut
1076 970 1188 1000 Patrem
1227 971 1383 998 coelestem
1425 967 1587 1004 magnifica-

61 1029 125 1054 rent
141 1024 223 1060 (4).
259 1021 354 1059 Jussit
378 1021 461 1050 etiam
487 1022 646 1059 unicuique
671 1024 844 1061 presbytero
867 1022 977 1052 hortari
997 1023 1077 1051 cives
1102 1021 1237 1050 ecclesiae
1260 1028 1349 1055 suae,
1370 1026 1403 1048 ut
1428 1018 1534 1055 singuli
1556 1027 1586 1046 se

62 1074 244 1104 emendarent
259 1093 270 1109 ‚
302 1079 388 1109 atque
417 1073 452 1102 ad
479 1072 615 1102 virtutem
642 1081 851 1104 reverterentur
870 1075 881 1111 (
895 1081 912 1110 5
928 1073 952 1110 ).
992 1072 1111 1102 Etenim
1135 1080 1194 1101 non
1218 1071 1302 1100 illurn
1330 1077 1408 1099 recte
1432 1069 1461 1098 in
1489 1069 1583 1097 Deum

59 1125 199 1161 credere,
219 1124 270 1161 qui
289 1123 409 1161 impune
427 1133 459 1154 se
477 1132 629 1163 praecepta
653 1126 749 1156 divina
766 1134 952 1155 contemnere
977 1133 1066 1162 posse
1095 1129 1246 1158 autumet,
1268 1128 1339 1157 aut,
1369 1129 1440 1157 quae
1461 1120 1513 1149 Ille
1533 1119 1586 1147 mi·

61 1183 146 1206 natus
168 1182 236 1211 est,⁷
255 1174 336 1211 quasi
360 1184 419 1204 non
437 1182 578 1210 ventura,
599 1177 740 1214 despiciat
760 1178 842 1214 (6).
883 1176 1021 1205 Ceterum
1040 1175 1103 1204 aliiS
1124 1174 1238 1210 legibus
1263 1173 1318 1202 alia
1340 1172 1409 1201 vitia
1432 1170 1585 1207 reprimere

61 1226 245 1257 etrcohibere
268 1232 388 1255 conatus
416 1232 472 1256 est.
515 1227 562 1256 Sic
587 1227 622 1257 ab
645 1227 772 1262 invidia,
794 1227 878 1263 otio,
900 1226 1037 1262 avaritia,
1059 1226 1161 1260 furto,
1184 1223 1390 1260 cupiditatibus
1413 1221 1510 1258 pravis
1530 1222 1580 1249 de-

59 1277 229 1308 hortabatur
250 1277 334 1314 (7).
373 1277 470 1314 Leges
490 1279 628 1308 adversus
653 1278 859 1314 homicidium,
882 1277 1045 1313 incestum,
1067 1275 1225 1314 perjurium
1244 1274 1335 1304 dedit.
1376 1274 1507 1311 Pejus-are
1532 1280 1582 1301 ve-

65 1328 122 1360 tuit
144 1328 175 1357 in
195 1327 368 1371 evangeliO,
388 1328 419 1358 in
442 1329 543 1365 altari,
565 1329 595 1359 in
613 1336 777 1360 sanctorum
796 1329 946 1365 reliquiis,
968 1329 998 1359 in
1017 1327 1229 1358 consuetudine
1247 1324 1392 1354 communi
1412 1324 1489 1361 (8).
1530 1324 1579 1353 In-

60 1379 133 1409 cesti
147 1378 301 1409 convictus
317 1387 405 1415 reus,
426 1388 479 1416 per
498 1381 685 1418 quadraginta
702 1381 763 1410 dies
782 1380 816 1409 ab
838 1380 973 1410 ecciesiae
989 1378 1193 1409 commumone
1214 1376 1404 1406 removendus
1428 1382 1508 1410 erat,
1528 1384 1578 1404 an-

62 1431 249 1468 teaquamrab
270 1429 410 1467 episcopo
427 1431 661 1460 reconciliaretur
681 1431 767 1469 (9).
810 1431 1015 1461 Sacerdotibus
1040 1437 1133 1459 tamen
1148 1428 1351 1464 mandaverat,
1374 1433 1406 1456 ut
1425 1427 1575 1463 viderent,

62 1493 101 1515 ne
119 1483 252 1521 sivebqui
269 1483 403 1519 incestu,
424 1484 486 1513 sive
505 1484 555 1520 qui
573 1484 631 1514 alio
650 1486 758 1513 scelere
774 1483 908 1513 maculati
930 1488 1044 1517 essent,
1067 1480 1166 1509 mediis
1189 1480 1219 1508 in
1242 1478 1411 1508 criminibus
1431 1478 1579 1514 perirent,

60 1545 97 1566 ne
107 1535 194 1573 Jesus
208 1541 317 1564 'eorum
335 1534 446 1564 animos
464 1534 534 1564 olim
553 1535 588 1564 ab
609 1535 682 1572 ipsis
704 1542 869 1573 reposceret
890 1535 990 1573 (ιο).
1031 1531 1195 1561 Homicidis
1221 1529 1336 1566 refugio
1364 1530 1400 1558 ad
1428 1529 1577 1558 ecclesiam

42 1589 210 1619 'interdixit
229 1588 328 1626 (ιι).
371 1588 538 1626 Episcopos
562 1589 764 1625 commonuit,
793 1595 826 1618 ut
848 1588 882 1618 ab
916 1585 1050 1616 omnibus
1065 1582 1266 1620 ,prohiberent
1285 1580 1452 1610 ebrietatem
1474 1580 1576 1617 (12).

1497 1631 1578 1669 Quae

98 1716 166 1759 (ι’)
184 1725 236 1758 Ap.
253 1723 342 1750 Mansi
363 1729 385 1751 t.
400 1721 476 1750 xm.
496 1731 524 1756 p.
542 1729 617 1756 1090.
639 1713 697 1757 cap.
714 1732 741 1752 Β.

96 1770 165 1807 (2)
185 1771 273 1804 capit.
290 1771 374 1798 interr.
389 1777 414 1797 a.
431 1771 491 1797 811.
506 1777 548 1803 ap.
567 1770 654 1796 Mansi
672 1777 691 1797 t.
707 1770 789 1798 XIII.
806 1778 833 1804 p.
850 1776 925 1804 1070.
943 1775 969 1795 n.
985 1775 1011 1800 9.
1307 1786 1311 1790 .

96 1815 162 1851 (3)
181 1817 408 1850 conc.÷Aquisg1.
426 1823 450 1843 a.
465 1818 524 1850 789.
541 1823 582 1849 ap.
599 1817 692 1845 Baluz.
708 1825 736 1850 p.
748 1823 808 1850 233·
852 1830 857 1844 ;
911 1813 981 1849 (4)
1000 1814 1067 1846 Cap.
1082 1819 1105 1838 a.
1119 1811 1179 1838 810.
1198 1817 1256 1844 cap.
1272 1817 1298 1844 7.
1318 1817 1358 1842 ap.
1377 1810 1463 1841 Bouq.
1482 1815 1507 1841 p,
1517 1806 1578 1835 631.

97 1862 160 1898 (5)
180 1865 268 1897 Capit.
285 1871 327 1895 ap.
346 1863 430 1889 Mansi
448 1870 468 1889 t.
486 1864 503 1889 1.
521 1871 549 1896 p.
567 1865 641 1894 1083.
658 1871 685 1891 n.
704 1871 747 1891 12.
848 1860 915 1896 (6)
933 1861 1023 1894 Capit.
1041 1859 1126 1884 interr.
1145 1865 1168 1884 a.
1185 1858 1243 1884 811.
1264 1856 1347 1882 Mansi
1366 1863 1395 1888 p.
1410 1857 1483 1889 1087.
1507 1863 1532 1882 u.
1549 1855 1575 1882 8.

99 1909 168 1945 (7).
184 1910 410 1942 conc.,Aquisgr.
428 1915 451 1937 a.
463 1910 521 1943 789.
539 1909 595 1936 Bal.
614 1918 640 1942 p.
659 1917 710 1943 234
727 1918 785 1943 sqq.
904 1907 946 1942 (8
959 1907 976 1939 )
994 1908 1063 1939 Cap.
1078 1913 1099 1930 a.
1114 1906 1172 1931 810.
1190 1912 1214 1930 c.
1231 1912 1257 1937 7.
1277 1911 1319 1936 ap.
1338 1905 1426 1936 Bouq.
1444 1911 1471 1936 p.
1486 1903 1546 1930 631.

99 1956 165 1992 (9)
184 1957 269 1983 Mansi
286 1964 313 1990 p.
327 1957 399 1989 1083.
417 1963 473 1988 cap.
492 1963 531 1982 10.
552 1956 588 1982 cf.
609 1964 667 1989 cap.
685 1964 709 1983 a.
723 1964 782 1991 779.
800 1963 827 1982 n.
845 1955 870 1987 Β.
889 1962 930 1988 ap.
948 1955 1037 1986 Bouq.
1055 1961 1083 1986 p.
1098 1952 1159 1983 6⁴6.
1176 1967 1178 1970 v

93 2004 115 2036 (
125 2003 182 2036 ιο)
202 2005 287 2038 Capit.
302 2011 330 2030 a.
340 2004 401 2036 769.
419 2009 445 2029 c.
460 2009 501 2030 10.
518 2011 561 2036 ap.
580 2005 665 2036 Bouq.
802 2002 816 2033 (
829 2003 882 2036 11)
901 2003 968 2034 Cap.
983 2007 1006 2027 a.
1021 2006 1083 2034 779.
1100 2006 1126 2025 n.
1141 1999 1167 2025 8.
1185 2004 1230 2030 ap.
1248 1996 1334 2030 Bouq.
1352 2004 1380 2029 p.
1391 1995 1450 2029 646.

864 2071 957 2124 G..
