1919 2511
403 209 1398 272 RESPONSIO

854 379 942 405 AD

233 511 878 568 QUAESTIONEM
957 512 1540 557 LITERARIAM

617 797 1168 838 PRAEFATIO.

124 901 308 972 Inspicienti
344 935 413 964 mihi
444 934 627 971 Programma
654 934 817 964 certaminis
849 934 998 964 Litterarii
1010 955 1020 970 ,
1057 934 1091 963 ab
1126 933 1316 970 Amplissimo
1342 933 1447 964 Senatu
1473 934 1641 964 Academiae

125 986 406 1023 Lugduno-ssatavae
431 986 591 1021 indictum,
611 986 708 1014 statim
727 985 809 1014 valde
830 984 971 1014 arridebat
989 985 1037 1013 illa
1056 985 1187 1020 quaestio
1204 984 1355 1021 proposita
1371 994 1386 1014 a
1406 985 1573 1015 Clarissimo
1592 996 1639 1015 or*

121 1038 187 1067 dine
203 1037 407 1074 Philosophiae
424 1035 615 1064 Theoreticae
643 1042 671 1064 et
695 1035 871 1064 Litterarum
896 1035 1128 1070 Humaniorum,
1151 1044 1207 1072 qua
1224 1035 1439 1071 requirebatur:
1462 1036 1637 1066 Commenta-

121 1090 161 1117 tio
174 1088 208 1117 de
224 1087 342 1117 Fabulis
359 1087 501 1116 Gabrielis
519 1086 646 1122 Fae'rni,
667 1088 699 1115 in
716 1095 773 1124 qua
786 1086 913 1123 primum
923 1085 1019 1121 fontes
1036 1085 1200 1115 indicentur
1215 1088 1345 1124 ipsarum
1357 1086 1552 1124 fabularum,
1571 1087 1636 1115 dein

119 1139 224 1169 Poetae
243 1139 385 1177 elegantia
405 1136 571 1167 ostendatur
592 1144 619 1165 et
638 1137 780 1174 judicium
810 1145 863 1173 quo
887 1143 1012 1165 veterum
1036 1143 1188 1175 poetarum
1215 1138 1276 1166 loca
1303 1139 1435 1167 imitatus
1460 1140 1511 1168 sit.
1550 1138 1636 1167 Plane

121 1191 235 1227 quidem
252 1198 420 1227 persuasum
439 1189 575 1218 habebam
587 1209 598 1224 ,
620 1195 691 1224 quot
711 1193 889 1223 quantaeque
905 1187 1084 1217 difficultates
1102 1189 1278 1225 superandae
1293 1189 1363 1218 mihi
1381 1197 1496 1226 essent,
1514 1191 1635 1228 juveni,

117 1242 152 1270 ad
170 1243 226 1270 tale
244 1250 320 1276 opus
345 1248 432 1276 parva
450 1239 596 1268 doctrinae
618 1238 701 1274 copia
716 1238 860 1267 accedenti
883 1244 911 1267 et
927 1239 975 1267 cui
992 1238 1039 1268 vix
1059 1239 1159 1275 primis
1186 1239 1269 1268 labiis
1281 1260 1292 1275 ,
1314 1241 1393 1276 quod
1407 1241 1533 1277 dicitur,
1554 1242 1630 1270 litte-

118 1301 211 1322 rarum
234 1300 314 1321 sacra
338 1289 468 1327 attigisse
491 1288 656 1326 contingit,
677 1296 708 1318 ut
724 1290 758 1318 de
773 1288 854 1318 felici
867 1295 1022 1319 conatuum
1050 1299 1168 1320 suorum
1187 1297 1292 1320 eventu
1314 1291 1388 1321 bene
1407 1300 1522 1329 sperare
1544 1293 1631 1320 aude-

117 1349 167 1380 at3
189 1348 310 1372 attamen
332 1350 377 1370 me
393 1341 540 1371 continere
559 1349 617 1370 non
637 1341 742 1378 potui,
765 1340 835 1377 quin
853 1348 910 1369 rem
935 1342 1122 1378 aggrederer,
1143 1350 1252 1370 memor
1269 1343 1448 1378 sententiae,
1469 1342 1629 1371 audendum

114 1401 143 1424 et
167 1395 196 1424 in
218 1394 305 1423 rebus
328 1393 437 1430 magnis
460 1392 588 1423 voluisse
612 1399 655 1422 sat
681 1402 755 1423 esse.
803 1392 851 1421 Sic
877 1399 941 1422 nata
967 1400 1009 1421 est
1038 1394 1106 1421 haec
1134 1393 1277 1429 script10,
1307 1400 1390 1428 quam
1419 1392 1532 1428 Vobis,
1563 1393 1628 1421 Viri

115 1444 297 1478 Clarissimi,
317 1443 523 1481 dijudicandam
547 1445 658 1481 offero,
675 1453 796 1481 sperans
819 1445 905 1482 fore,
926 1452 958 1474 ut
983 1446 1072 1482 vitia,
1097 1446 1202 1482 quibus
1229 1454 1289 1475 eam
1311 1446 1453 1475 abundare
1478 1455 1562 1476 nemo
1583 1455 1627 1474 me

115 1495 217 1524 melius
237 1494 345 1531 sentit,
366 1494 452 1530 aequi
475 1494 602 1532 bonique
621 1496 794 1528 consulatis.

153 1548 203 1577 Sic
222 1555 256 1576 ut
281 1547 343 1585 ipsa
363 1546 493 1582 quaestio
510 1547 617 1584 duplex
635 1554 698 1583 est,
718 1547 757 1577 ita
776 1553 868 1577 totum
890 1556 1008 1584 quoque
1025 1548 1197 1583 opusculum
1216 1547 1245 1576 in
1264 1547 1333 1576 duas
1351 1555 1446 1584 partes
1464 1546 1627 1576 divisimus.

150 1598 245 1628 Prima
259 1606 324 1634 pars
341 1597 462 1633 inquirit
481 1598 598 1635 fontes,
620 1600 695 1628 unde
712 1600 838 1629 Faernus
853 1599 965 1629 fabulas
985 1607 1051 1628 suas
1068 1598 1207 1629 hauserit.

149 1650 183 1680 In
208 1651 296 1679 altera
316 1656 396 1685 parte
421 1650 548 1686 singulas
572 1650 684 1680 fabulas
710 1652 881 1681 exhibemus
895 1672 906 1688 ,
928 1650 1085 1680 indicamus
1103 1650 1259 1685 scriptores
1287 1654 1399 1677 veteres
1421 1654 1476 1677 tam
1499 1647 1627 1677 Graecos

114 1709 196 1738 quam
212 1695 355 1736 Latinos,
378 1699 429 1736 qui
455 1701 566 1730 easdem
591 1701 702 1732 fabulas
727 1709 883 1732 tractarunt
910 1709 938 1732 et
961 1700 1080 1730 omnino
1105 1708 1242 1729 conamur
1270 1700 1439 1736 ostendere,
1462 1699 1531 1736 quid
1551 1708 1630 1735 prae-

114 1751 218 1780 stiterit
237 1750 325 1780 Poeta
342 1751 370 1780 in
387 1753 558 1782 exornandis
575 1753 705 1791 fabulis,
728 1755 799 1791 quid
821 1754 934 1784 aliunde
956 1751 1126 1782 desumserit
1156 1758 1183 1780 et
1213 1751 1283 1787 quid
1309 1758 1412 1787 suopte
1440 1751 1554 1787 ingenio
1581 1759 1628 1778 ue-

114 1803 199 1837 beat,
220 1802 321 1831 additis
338 1809 465 1832 veterum
485 1805 576 1841 locis,
599 1814 674 1841 quos
697 1805 826 1836 imitatus
846 1815 910 1836 esse
928 1805 1071 1844 putandus
1092 1804 1150 1840 sit,
1172 1804 1217 1832 vel
1243 1803 1292 1839 qui
1313 1803 1417 1833 saciant
1440 1803 1474 1832 ad
1494 1801 1628 1830 dictionis

112 1855 243 1892 poeticae
263 1854 429 1893 elegantiam
450 1861 479 1884 et
497 1863 676 1888 venustatem
696 1857 890 1889 illustrandas.

855 2068 925 2103 sse
1505 2063 1626 2094 PRI·
