<?xml version="1.0" encoding="UTF-8"?>
<!DOCTYPE html PUBLIC "-//W3C//DTD XHTML 1.0 Transitional//EN"
    "http://www.w3.org/TR/xhtml1/DTD/xhtml1-transitional.dtd">
<html xmlns="http://www.w3.org/1999/xhtml" xml:lang="en" lang="en">
 <head>
  <title>
</title>
<meta http-equiv="Content-Type" content="text/html;charset=utf-8" />
  <meta name='ocr-system' content='tesseract 3.04.00' />
  <meta name='ocr-capabilities' content='ocr_page ocr_carea ocr_par ocr_line ocrx_word'/>
</head>
<body>
  <div class='ocr_page' id='page_1' title='image "annalesacademiae24rijk_0251.png"; bbox 0 0 1919 2511; ppageno 0'>
   <div class='ocr_carea' id='block_1_1' title="bbox 293 169 1592 212">
    <p class='ocr_par' dir='ltr' id='par_1_1' title="bbox 293 169 1592 212">
     <span class='ocr_line' id='line_1_1' title="bbox 293 169 1592 212; baseline -0.002 -6"><span class='ocrx_word' id='word_1_1' title='bbox 293 173 650 206; x_wconf 78' lang='lat' dir='ltr'><strong>RESPONSIO&#39;AD</strong></span> <span class='ocrx_word' id='word_1_2' title='bbox 678 169 1058 211; x_wconf 90' lang='lat' dir='ltr'><strong>QUAESTIONEM</strong></span> <span class='ocrx_word' id='word_1_3' title='bbox 1088 169 1345 201; x_wconf 76' lang='lat' dir='ltr'>MEDICAM.</span> <span class='ocrx_word' id='word_1_4' title='bbox 1550 182 1592 212; x_wconf 25' lang='lat'>21-</span> 
     </span>
    </p>
   </div>
   <div class='ocr_carea' id='block_1_2' title="bbox 73 252 1590 956">
    <p class='ocr_par' dir='ltr' id='par_1_2' title="bbox 79 252 1589 390">
     <span class='ocr_line' id='line_1_2' title="bbox 79 252 1589 295; baseline -0.003 -6"><span class='ocrx_word' id='word_1_5' title='bbox 79 259 208 295; x_wconf 77' lang='lat' dir='ltr'>actioni,</span> <span class='ocrx_word' id='word_1_6' title='bbox 231 267 313 295; x_wconf 89' lang='lat' dir='ltr'>quam</span> <span class='ocrx_word' id='word_1_7' title='bbox 336 263 470 287; x_wconf 83' lang='lat' dir='ltr'>exserunt</span> <span class='ocrx_word' id='word_1_8' title='bbox 487 255 617 286; x_wconf 84' lang='lat' dir='ltr'>tendines</span> <span class='ocrx_word' id='word_1_9' title='bbox 638 263 678 284; x_wconf 89' lang='lat' dir='ltr'>m.</span> <span class='ocrx_word' id='word_1_10' title='bbox 700 252 898 289; x_wconf 83' lang='lat' dir='ltr'>infraspinati‚</span> <span class='ocrx_word' id='word_1_11' title='bbox 919 254 1017 282; x_wconf 84' lang='lat' dir='ltr'>teretis</span> <span class='ocrx_word' id='word_1_12' title='bbox 1041 252 1162 284; x_wconf 86' lang='lat' dir='ltr'>minoris</span> <span class='ocrx_word' id='word_1_13' title='bbox 1186 259 1215 281; x_wconf 89' lang='lat' dir='ltr'>et</span> <span class='ocrx_word' id='word_1_14' title='bbox 1243 252 1374 282; x_wconf 79' lang='lat' dir='ltr'>lati⁵simi</span> <span class='ocrx_word' id='word_1_15' title='bbox 1396 253 1473 283; x_wconf 89' lang='lat' dir='ltr'>dorsi</span> <span class='ocrx_word' id='word_1_16' title='bbox 1502 255 1531 284; x_wconf 89' lang='lat' dir='ltr'>in</span> <span class='ocrx_word' id='word_1_17' title='bbox 1555 264 1589 284; x_wconf 83' lang='lat' dir='ltr'>os</span> 
     </span>
     <span class='ocr_line' id='line_1_3' title="bbox 80 304 1588 345; baseline -0.003 -6"><span class='ocrx_word' id='word_1_18' title='bbox 80 309 214 345; x_wconf 86' lang='lat' dir='ltr'>humeri,</span> <span class='ocrx_word' id='word_1_19' title='bbox 235 318 294 339; x_wconf 90' lang='lat' dir='ltr'>non</span> <span class='ocrx_word' id='word_1_20' title='bbox 320 308 475 339; x_wconf 86' lang='lat' dir='ltr'>attendisse</span> <span class='ocrx_word' id='word_1_21' title='bbox 495 308 607 338; x_wconf 88' lang='lat' dir='ltr'>videtur</span> <span class='ocrx_word' id='word_1_22' title='bbox 630 306 664 335; x_wconf 89' lang='lat' dir='ltr'>ad</span> <span class='ocrx_word' id='word_1_23' title='bbox 690 307 751 344; x_wconf 90' lang='lat' dir='ltr'>ejus</span> <span class='ocrx_word' id='word_1_24' title='bbox 781 305 923 334; x_wconf 86' lang='lat' dir='ltr'>difficilem</span> <span class='ocrx_word' id='word_1_25' title='bbox 945 305 1120 342; x_wconf 78' lang='lat' dir='ltr'>positIOnem</span> <span class='ocrx_word' id='word_1_26' title='bbox 1134 324 1146 341; x_wconf 87' lang='lat'>,</span> <span class='ocrx_word' id='word_1_27' title='bbox 1176 313 1247 341; x_wconf 86' lang='lat' dir='ltr'>quae</span> <span class='ocrx_word' id='word_1_28' title='bbox 1264 304 1381 341; x_wconf 86' lang='lat' dir='ltr'>insuper</span> <span class='ocrx_word' id='word_1_29' title='bbox 1408 306 1588 343; x_wconf 82' lang='lat' dir='ltr'>requiritur,</span> 
     </span>
     <span class='ocr_line' id='line_1_4' title="bbox 79 347 1124 390; baseline -0.003 0"><span class='ocrx_word' id='word_1_30' title='bbox 79 368 113 390; x_wconf 85' lang='lat' dir='ltr'>ut</span> <span class='ocrx_word' id='word_1_31' title='bbox 133 361 200 390; x_wconf 87' lang='lat' dir='ltr'>haec</span> <span class='ocrx_word' id='word_1_32' title='bbox 221 361 328 390; x_wconf 89' lang='lat' dir='ltr'>oriatur</span> <span class='ocrx_word' id='word_1_33' title='bbox 352 347 472 390; x_wconf 53' lang='lat' dir='ltr'>lunatio.</span> <span class='ocrx_word' id='word_1_34' title='bbox 1123 383 1124 387; x_wconf 71' lang='grc'>,</span> 
     </span>
    </p>

    <p class='ocr_par' dir='ltr' id='par_1_3' title="bbox 76 407 1589 602">
     <span class='ocr_line' id='line_1_5' title="bbox 87 407 1588 448; baseline -0.003 -7"><span class='ocrx_word' id='word_1_35' title='bbox 87 432 90 437; x_wconf 68' lang='grc'><strong>«</strong></span> <span class='ocrx_word' id='word_1_36' title='bbox 116 412 169 441; x_wconf 86' lang='lat' dir='ltr'>Illa</span> <span class='ocrx_word' id='word_1_37' title='bbox 187 411 262 441; x_wconf 88' lang='lat' dir='ltr'>enim</span> <span class='ocrx_word' id='word_1_38' title='bbox 288 412 397 448; x_wconf 88' lang='lat' dir='ltr'>positio</span> <span class='ocrx_word' id='word_1_39' title='bbox 422 411 486 444; x_wconf 85' lang='lat' dir='ltr'>talis</span> <span class='ocrx_word' id='word_1_40' title='bbox 513 416 577 445; x_wconf 75' lang='lat' dir='ltr'>est,</span> <span class='ocrx_word' id='word_1_41' title='bbox 596 415 648 444; x_wconf 88' lang='lat' dir='ltr'>ut,</span> <span class='ocrx_word' id='word_1_42' title='bbox 673 408 773 438; x_wconf 88' lang='lat' dir='ltr'>cubito</span> <span class='ocrx_word' id='word_1_43' title='bbox 798 413 958 436; x_wconf 88' lang='lat' dir='ltr'>antrorsum</span> <span class='ocrx_word' id='word_1_44' title='bbox 986 413 1145 443; x_wconf 82' lang='lat' dir='ltr'>porrecto,</span> <span class='ocrx_word' id='word_1_45' title='bbox 1167 407 1300 443; x_wconf 79' lang='lat' dir='ltr'>pectori,</span> <span class='ocrx_word' id='word_1_46' title='bbox 1323 413 1454 442; x_wconf 82' lang='lat' dir='ltr'>tanquam</span> <span class='ocrx_word' id='word_1_47' title='bbox 1479 414 1588 442; x_wconf 86' lang='lat' dir='ltr'>puncto</span> 
     </span>
     <span class='ocr_line' id='line_1_6' title="bbox 79 457 1588 503; baseline -0.004 -11"><span class='ocrx_word' id='word_1_48' title='bbox 79 464 159 503; x_wconf 65' lang='lat' dir='ltr'>fixo,</span> <span class='ocrx_word' id='word_1_49' title='bbox 180 463 349 500; x_wconf 84' lang='lat' dir='ltr'><strong>insistente,</strong></span> <span class='ocrx_word' id='word_1_50' title='bbox 380 472 494 493; x_wconf 86' lang='lat' dir='ltr'>sursum</span> <span class='ocrx_word' id='word_1_51' title='bbox 522 467 650 491; x_wconf 83' lang='lat' dir='ltr'>centrum</span> <span class='ocrx_word' id='word_1_52' title='bbox 673 460 776 497; x_wconf 90' lang='lat' dir='ltr'>capitis</span> <span class='ocrx_word' id='word_1_53' title='bbox 801 459 912 487; x_wconf 89' lang='lat' dir='ltr'>humeri</span> <span class='ocrx_word' id='word_1_54' title='bbox 939 458 1075 494; x_wconf 84' lang='lat' dir='ltr'>respiciat</span> <span class='ocrx_word' id='word_1_55' title='bbox 1100 465 1210 494; x_wconf 85' lang='lat' dir='ltr'>partem</span> <span class='ocrx_word' id='word_1_56' title='bbox 1235 457 1353 486; x_wconf 87' lang='lat' dir='ltr'>acromii</span> <span class='ocrx_word' id='word_1_57' title='bbox 1377 461 1588 494; x_wconf 78' lang='lat' dir='ltr'>posteriorem,</span> 
     </span>
     <span class='ocr_line' id='line_1_7' title="bbox 76 508 1589 552; baseline -0.005 -8"><span class='ocrx_word' id='word_1_58' title='bbox 76 523 131 544; x_wconf 88' lang='lat' dir='ltr'>nec</span> <span class='ocrx_word' id='word_1_59' title='bbox 150 514 234 543; x_wconf 90' lang='lat' dir='ltr'>altius</span> <span class='ocrx_word' id='word_1_60' title='bbox 250 523 334 552; x_wconf 87' lang='lat' dir='ltr'>saepe</span> <span class='ocrx_word' id='word_1_61' title='bbox 360 513 479 551; x_wconf 81' lang='lat' dir='ltr'>deprimi</span> <span class='ocrx_word' id='word_1_62' title='bbox 505 512 601 549; x_wconf 84' lang='lat' dir='ltr'>possit</span> <span class='ocrx_word' id='word_1_63' title='bbox 622 512 737 548; x_wconf 85' lang='lat'>(48),</span> <span class='ocrx_word' id='word_1_64' title='bbox 767 519 832 540; x_wconf 88' lang='lat' dir='ltr'>curn</span> <span class='ocrx_word' id='word_1_65' title='bbox 856 519 896 540; x_wconf 85' lang='lat' dir='ltr'>m.</span> <span class='ocrx_word' id='word_1_66' title='bbox 918 509 1124 547; x_wconf 82' lang='lat' dir='ltr'>insraspinatus</span> <span class='ocrx_word' id='word_1_67' title='bbox 1147 518 1212 538; x_wconf 88' lang='lat' dir='ltr'>cum</span> <span class='ocrx_word' id='word_1_68' title='bbox 1235 515 1323 538; x_wconf 88' lang='lat' dir='ltr'>terete</span> <span class='ocrx_word' id='word_1_69' title='bbox 1351 509 1456 538; x_wconf 88' lang='lat' dir='ltr'>minori</span> <span class='ocrx_word' id='word_1_70' title='bbox 1479 508 1589 537; x_wconf 87' lang='lat' dir='ltr'>humeri</span> 
     </span>
     <span class='ocr_line' id='line_1_8' title="bbox 76 561 982 602; baseline -0.003 -9"><span class='ocrx_word' id='word_1_71' title='bbox 76 573 164 602; x_wconf 84' lang='lat' dir='ltr'>caput</span> <span class='ocrx_word' id='word_1_72' title='bbox 188 565 323 600; x_wconf 86' lang='lat' dir='ltr'>retineat,</span> <span class='ocrx_word' id='word_1_73' title='bbox 344 574 380 594; x_wconf 88' lang='lat' dir='ltr'>ne</span> <span class='ocrx_word' id='word_1_74' title='bbox 403 573 456 593; x_wconf 87' lang='lat' dir='ltr'>suo</span> <span class='ocrx_word' id='word_1_75' title='bbox 481 563 546 593; x_wconf 87' lang='lat' dir='ltr'>sinu</span> <span class='ocrx_word' id='word_1_76' title='bbox 567 569 723 591; x_wconf 83' lang='lat' dir='ltr'>retrorsum</span> <span class='ocrx_word' id='word_1_77' title='bbox 748 561 859 590; x_wconf 81' lang='lat' dir='ltr'>excidat</span> <span class='ocrx_word' id='word_1_78' title='bbox 880 563 943 598; x_wconf 89' lang='lat'>(49</span> <span class='ocrx_word' id='word_1_79' title='bbox 955 563 982 596; x_wconf 91' lang='lat'>).</span> 
     </span>
    </p>

    <p class='ocr_par' dir='ltr' id='par_1_4' title="bbox 73 611 1590 956">
     <span class='ocr_line' id='line_1_9' title="bbox 113 611 1587 649; baseline -0.004 -4"><span class='ocrx_word' id='word_1_80' title='bbox 113 616 186 646; x_wconf 85' lang='lat' dir='ltr'>Non</span> <span class='ocrx_word' id='word_1_81' title='bbox 209 616 302 645; x_wconf 88' lang='lat' dir='ltr'>minus</span> <span class='ocrx_word' id='word_1_82' title='bbox 326 615 447 644; x_wconf 90' lang='lat' dir='ltr'>difficilis</span> <span class='ocrx_word' id='word_1_83' title='bbox 470 614 582 643; x_wconf 86' lang='lat' dir='ltr'>videtur</span> <span class='ocrx_word' id='word_1_84' title='bbox 604 613 707 649; x_wconf 88' lang='lat' dir='ltr'>capitis</span> <span class='ocrx_word' id='word_1_85' title='bbox 732 611 844 640; x_wconf 87' lang='lat' dir='ltr'>humeri</span> <span class='ocrx_word' id='word_1_86' title='bbox 871 612 945 641; x_wconf 89' lang='lat' dir='ltr'>intra</span> <span class='ocrx_word' id='word_1_87' title='bbox 970 611 1082 640; x_wconf 74' lang='lat' dir='ltr'>axiliani</span> <span class='ocrx_word' id='word_1_88' title='bbox 1107 611 1197 640; x_wconf 84' lang='lat' dir='ltr'>luxati</span> <span class='ocrx_word' id='word_1_89' title='bbox 1221 611 1294 640; x_wconf 71' lang='lat' dir='ltr'>situs</span> <span class='ocrx_word' id='word_1_90' title='bbox 1316 611 1436 640; x_wconf 87' lang='lat' dir='ltr'>mutatio</span> <span class='ocrx_word' id='word_1_91' title='bbox 1458 619 1520 639; x_wconf 86' lang='lat' dir='ltr'>cum</span> <span class='ocrx_word' id='word_1_92' title='bbox 1541 612 1587 639; x_wconf 84' lang='lat' dir='ltr'>lu·</span> 
     </span>
     <span class='ocr_line' id='line_1_10' title="bbox 76 662 1588 702; baseline -0.004 -6"><span class='ocrx_word' id='word_1_93' title='bbox 76 667 192 696; x_wconf 86' lang='lat' dir='ltr'>xatione</span> <span class='ocrx_word' id='word_1_94' title='bbox 211 666 375 695; x_wconf 75' lang='lat' dir='ltr'>secundaria</span> <span class='ocrx_word' id='word_1_95' title='bbox 400 664 560 702; x_wconf 87' lang='lat' dir='ltr'>posteriora</span> <span class='ocrx_word' id='word_1_96' title='bbox 583 672 709 700; x_wconf 85' lang='lat' dir='ltr'>versus;</span> <span class='ocrx_word' id='word_1_97' title='bbox 739 662 864 700; x_wconf 87' lang='lat' dir='ltr'>Triceps</span> <span class='ocrx_word' id='word_1_98' title='bbox 889 664 984 699; x_wconf 83' lang='lat' dir='ltr'>enim,</span> <span class='ocrx_word' id='word_1_99' title='bbox 1006 663 1194 700; x_wconf 85' lang='lat' dir='ltr'>posteriorem</span> <span class='ocrx_word' id='word_1_100' title='bbox 1221 663 1324 699; x_wconf 88' lang='lat' dir='ltr'>capitis</span> <span class='ocrx_word' id='word_1_101' title='bbox 1345 662 1456 691; x_wconf 88' lang='lat' dir='ltr'>humeri</span> <span class='ocrx_word' id='word_1_102' title='bbox 1480 668 1588 698; x_wconf 85' lang='lat' dir='ltr'>partem</span> 
     </span>
     <span class='ocr_line' id='line_1_11' title="bbox 75 712 1589 756; baseline -0.005 -9"><span class='ocrx_word' id='word_1_103' title='bbox 75 725 196 756; x_wconf 84' lang='lat' dir='ltr'>tegens,</span> <span class='ocrx_word' id='word_1_104' title='bbox 218 717 356 754; x_wconf 88' lang='lat' dir='ltr'>impedit,</span> <span class='ocrx_word' id='word_1_105' title='bbox 379 715 533 752; x_wconf 87' lang='lat' dir='ltr'>quominus</span> <span class='ocrx_word' id='word_1_106' title='bbox 556 715 613 744; x_wconf 88' lang='lat' dir='ltr'>huc</span> <span class='ocrx_word' id='word_1_107' title='bbox 637 714 720 744; x_wconf 88' lang='lat' dir='ltr'>facile</span> <span class='ocrx_word' id='word_1_108' title='bbox 740 715 814 744; x_wconf 86' lang='lat' dir='ltr'>elabi</span> <span class='ocrx_word' id='word_1_109' title='bbox 839 715 935 752; x_wconf 78' lang='lat' dir='ltr'>possit</span> <span class='ocrx_word' id='word_1_110' title='bbox 958 715 1045 754; x_wconf 84' lang='lat'>(50)</span> <span class='ocrx_word' id='word_1_111' title='bbox 1067 721 1094 743; x_wconf 88' lang='lat' dir='ltr'>et</span> <span class='ocrx_word' id='word_1_112' title='bbox 1110 714 1184 742; x_wconf 76' lang='lat' dir='ltr'>sitris</span> <span class='ocrx_word' id='word_1_113' title='bbox 1208 713 1393 742; x_wconf 86' lang='lat' dir='ltr'>mutationem</span> <span class='ocrx_word' id='word_1_114' title='bbox 1411 713 1445 741; x_wconf 85' lang='lat' dir='ltr'>ad</span> <span class='ocrx_word' id='word_1_115' title='bbox 1466 712 1589 742; x_wconf 87' lang='lat' dir='ltr'>anterio-</span> 
     </span>
     <span class='ocr_line' id='line_1_12' title="bbox 76 763 1589 803; baseline -0.004 -5"><span class='ocrx_word' id='word_1_116' title='bbox 76 778 108 799; x_wconf 88' lang='lat' dir='ltr'>ra</span> <span class='ocrx_word' id='word_1_117' title='bbox 132 768 290 799; x_wconf 85' lang='lat' dir='ltr'>faciliorem</span> <span class='ocrx_word' id='word_1_118' title='bbox 314 767 425 803; x_wconf 87' lang='lat' dir='ltr'>reddit,</span> <span class='ocrx_word' id='word_1_119' title='bbox 449 775 534 803; x_wconf 86' lang='lat' dir='ltr'>quare</span> <span class='ocrx_word' id='word_1_120' title='bbox 557 775 617 795; x_wconf 88' lang='lat' dir='ltr'>non</span> <span class='ocrx_word' id='word_1_121' title='bbox 644 765 739 795; x_wconf 89' lang='lat' dir='ltr'>Petito</span> <span class='ocrx_word' id='word_1_122' title='bbox 765 766 910 794; x_wconf 87' lang='lat' dir='ltr'>adsentior</span> <span class='ocrx_word' id='word_1_123' title='bbox 932 765 1068 794; x_wconf 87' lang='lat' dir='ltr'>statuenti</span> <span class='ocrx_word' id='word_1_124' title='bbox 1089 766 1101 794; x_wconf 76' lang='lat' dir='ltr'><em>C</em></span> <span class='ocrx_word' id='word_1_125' title='bbox 1113 768 1198 801; x_wconf 62' lang='lat' dir='ltr'>51)ss</span> <span class='ocrx_word' id='word_1_126' title='bbox 1221 763 1394 792; x_wconf 82' lang='lat' dir='ltr'>luxationem</span> <span class='ocrx_word' id='word_1_127' title='bbox 1418 772 1519 793; x_wconf 86' lang='lat' dir='ltr'>versus</span> <span class='ocrx_word' id='word_1_128' title='bbox 1546 764 1589 792; x_wconf 89' lang='lat' dir='ltr'>in-</span> 
     </span>
     <span class='ocr_line' id='line_1_13' title="bbox 75 814 1584 860; baseline -0.005 -11"><span class='ocrx_word' id='word_1_129' title='bbox 75 820 182 860; x_wconf 81' lang='lat' dir='ltr'>feriora</span> <span class='ocrx_word' id='word_1_130' title='bbox 202 821 317 848; x_wconf 78' lang='lat' dir='ltr'>minimo</span> <span class='ocrx_word' id='word_1_131' title='bbox 337 825 413 848; x_wconf 79' lang='lat' dir='ltr'>motu</span> <span class='ocrx_word' id='word_1_132' title='bbox 436 817 539 846; x_wconf 87' lang='lat' dir='ltr'>mutari</span> <span class='ocrx_word' id='word_1_133' title='bbox 558 826 645 854; x_wconf 85' lang='lat' dir='ltr'>posse</span> <span class='ocrx_word' id='word_1_134' title='bbox 661 819 707 846; x_wconf 87' lang='lat' dir='ltr'>vel</span> <span class='ocrx_word' id='word_1_135' title='bbox 732 817 762 846; x_wconf 90' lang='lat' dir='ltr'>in</span> <span class='ocrx_word' id='word_1_136' title='bbox 787 826 845 846; x_wconf 86' lang='lat' dir='ltr'>eam</span> <span class='ocrx_word' id='word_1_137' title='bbox 863 816 905 845; x_wconf 83' lang='lat' dir='ltr'>ad</span> <span class='ocrx_word' id='word_1_138' title='bbox 921 818 1070 845; x_wconf 83' lang='lat' dir='ltr'>anteriora</span> <span class='ocrx_word' id='word_1_139' title='bbox 1090 817 1137 844; x_wconf 88' lang='lat' dir='ltr'>vel</span> <span class='ocrx_word' id='word_1_140' title='bbox 1157 814 1198 849; x_wconf 71' lang='lat' dir='ltr'>ad</span> <span class='ocrx_word' id='word_1_141' title='bbox 1211 816 1390 851; x_wconf 74' lang='lat' dir='ltr'>posteriora,</span> <span class='ocrx_word' id='word_1_142' title='bbox 1412 823 1464 843; x_wconf 91' lang='lat' dir='ltr'>nec</span> <span class='ocrx_word' id='word_1_143' title='bbox 1481 814 1584 848; x_wconf 72' lang='lat' dir='ltr'>video,</span> 
     </span>
     <span class='ocr_line' id='line_1_14' title="bbox 75 865 1590 907; baseline -0.005 -7"><span class='ocrx_word' id='word_1_144' title='bbox 75 879 182 907; x_wconf 86' lang='lat' dir='ltr'>quare,</span> <span class='ocrx_word' id='word_1_145' title='bbox 194 871 270 899; x_wconf 88' lang='lat' dir='ltr'>sicut</span> <span class='ocrx_word' id='word_1_146' title='bbox 285 870 333 899; x_wconf 90' lang='lat' dir='ltr'>ille</span> <span class='ocrx_word' id='word_1_147' title='bbox 350 869 467 906; x_wconf 87' lang='lat' dir='ltr'>posuit,</span> <span class='ocrx_word' id='word_1_148' title='bbox 485 868 659 897; x_wconf 85' lang='lat' dir='ltr'>luxationem</span> <span class='ocrx_word' id='word_1_149' title='bbox 674 877 775 897; x_wconf 89' lang='lat' dir='ltr'>versus</span> <span class='ocrx_word' id='word_1_150' title='bbox 791 868 934 897; x_wconf 87' lang='lat' dir='ltr'>anteriora</span> <span class='ocrx_word' id='word_1_151' title='bbox 949 867 1131 895; x_wconf 87' lang='lat' dir='ltr'>solummodo</span> <span class='ocrx_word' id='word_1_152' title='bbox 1152 867 1240 903; x_wconf 77' lang='lat' dir='ltr'>major</span> <span class='ocrx_word' id='word_1_153' title='bbox 1257 867 1453 894; x_wconf 85' lang='lat' dir='ltr'>musculorum</span> <span class='ocrx_word' id='word_1_154' title='bbox 1476 865 1504 894; x_wconf 89' lang='lat' dir='ltr'>in</span> <span class='ocrx_word' id='word_1_155' title='bbox 1522 874 1590 901; x_wconf 86' lang='lat' dir='ltr'>pec-</span> 
     </span>
     <span class='ocr_line' id='line_1_15' title="bbox 73 916 1585 956; baseline -0.005 -6"><span class='ocrx_word' id='word_1_156' title='bbox 73 929 136 950; x_wconf 85' lang='lat' dir='ltr'>tore</span> <span class='ocrx_word' id='word_1_157' title='bbox 160 922 281 951; x_wconf 87' lang='lat' dir='ltr'>sitorum</span> <span class='ocrx_word' id='word_1_158' title='bbox 305 921 370 956; x_wconf 85' lang='lat' dir='ltr'>vis,</span> <span class='ocrx_word' id='word_1_159' title='bbox 399 919 447 949; x_wconf 88' lang='lat' dir='ltr'>cui</span> <span class='ocrx_word' id='word_1_160' title='bbox 473 918 572 949; x_wconf 85' lang='lat' dir='ltr'>forsan</span> <span class='ocrx_word' id='word_1_161' title='bbox 602 927 662 948; x_wconf 87' lang='lat' dir='ltr'>non</span> <span class='ocrx_word' id='word_1_162' title='bbox 695 919 771 948; x_wconf 81' lang='lat' dir='ltr'>cedit</span> <span class='ocrx_word' id='word_1_163' title='bbox 795 919 870 948; x_wconf 82' lang='lat' dir='ltr'>actio</span> <span class='ocrx_word' id='word_1_164' title='bbox 893 917 1026 948; x_wconf 80' lang='lat' dir='ltr'>latissimi</span> <span class='ocrx_word' id='word_1_165' title='bbox 1052 916 1131 946; x_wconf 87' lang='lat' dir='ltr'>dorsi</span> <span class='ocrx_word' id='word_1_166' title='bbox 1159 916 1338 952; x_wconf 88' lang='lat' dir='ltr'>aliorumque</span> <span class='ocrx_word' id='word_1_167' title='bbox 1366 917 1585 951; x_wconf 81' lang='lat' dir='ltr'>musculorum,</span> 
     </span>
    </p>
   </div>
   <div class='ocr_carea' id='block_1_3' title="bbox 67 972 1585 1762">
    <p class='ocr_par' dir='ltr' id='par_1_5' title="bbox 71 972 448 1013">
     <span class='ocr_line' id='line_1_16' title="bbox 71 972 448 1013; baseline -0.003 -11"><span class='ocrx_word' id='word_1_168' title='bbox 71 972 294 1013; x_wconf 83' lang='lat' dir='ltr'>frequentiorem</span> <span class='ocrx_word' id='word_1_169' title='bbox 315 972 448 1001; x_wconf 85' lang='lat' dir='ltr'>efficeret.</span> 
     </span>
    </p>

    <p class='ocr_par' dir='ltr' id='par_1_6' title="bbox 112 1021 852 1061">
     <span class='ocr_line' id='line_1_17' title="bbox 112 1021 852 1061; baseline -0.004 -8"><span class='ocrx_word' id='word_1_170' title='bbox 112 1027 153 1059; x_wconf 71' lang='grc' dir='ltr'>Ι)</span> <span class='ocrx_word' id='word_1_171' title='bbox 180 1023 226 1052; x_wconf 89' lang='lat' dir='ltr'>De</span> <span class='ocrx_word' id='word_1_172' title='bbox 245 1021 475 1061; x_wconf 77' lang='lat' dir='ltr'>symptomatibus</span> <span class='ocrx_word' id='word_1_173' title='bbox 494 1023 525 1050; x_wconf 82' lang='lat' dir='ltr'>in</span> <span class='ocrx_word' id='word_1_174' title='bbox 554 1023 616 1060; x_wconf 75' lang='lat' dir='ltr'>ipsa</span> <span class='ocrx_word' id='word_1_175' title='bbox 636 1021 852 1051; x_wconf 78' lang='lat' dir='ltr'>articulatione.</span> 
     </span>
    </p>

    <p class='ocr_par' dir='ltr' id='par_1_7' title="bbox 70 1065 1585 1218">
     <span class='ocr_line' id='line_1_18' title="bbox 107 1065 1585 1110; baseline -0.003 -7"><span class='ocrx_word' id='word_1_176' title='bbox 107 1074 217 1104; x_wconf 84' lang='lat' dir='ltr'>Eadem</span> <span class='ocrx_word' id='word_1_177' title='bbox 245 1065 305 1102; x_wconf 67' lang='lat' dir='ltr'>fer&#39;e</span> <span class='ocrx_word' id='word_1_178' title='bbox 331 1080 421 1109; x_wconf 82' lang='lat' dir='ltr'>sunt,</span> <span class='ocrx_word' id='word_1_179' title='bbox 444 1073 572 1109; x_wconf 73' lang='lat' dir='ltr'>quaein</span> <span class='ocrx_word' id='word_1_180' title='bbox 599 1072 692 1110; x_wconf 67' lang='lat' dir='ltr'>priina</span> <span class='ocrx_word' id='word_1_181' title='bbox 717 1071 873 1101; x_wconf 82' lang='lat' dir='ltr'>luxationis</span> <span class='ocrx_word' id='word_1_182' title='bbox 903 1071 1000 1109; x_wconf 87' lang='lat' dir='ltr'>specie</span> <span class='ocrx_word' id='word_1_183' title='bbox 1024 1071 1210 1107; x_wconf 86' lang='lat' dir='ltr'>notavimus,</span> <span class='ocrx_word' id='word_1_184' title='bbox 1243 1070 1298 1099; x_wconf 87' lang='lat' dir='ltr'>nisi</span> <span class='ocrx_word' id='word_1_185' title='bbox 1323 1070 1397 1099; x_wconf 91' lang='lat' dir='ltr'>velis</span> <span class='ocrx_word' id='word_1_186' title='bbox 1424 1069 1585 1105; x_wconf 81' lang='lat' dir='ltr'>diversam,</span> 
     </span>
     <span class='ocr_line' id='line_1_19' title="bbox 71 1121 1585 1162; baseline -0.003 -7"><span class='ocrx_word' id='word_1_187' title='bbox 71 1122 156 1162; x_wconf 79' lang='lat' dir='ltr'>quam</span> <span class='ocrx_word' id='word_1_188' title='bbox 177 1126 208 1155; x_wconf 88' lang='lat' dir='ltr'>in</span> <span class='ocrx_word' id='word_1_189' title='bbox 234 1126 359 1155; x_wconf 69' lang='lat' dir='ltr'>secunda</span> <span class='ocrx_word' id='word_1_190' title='bbox 378 1124 474 1162; x_wconf 81' lang='lat' dir='ltr'>specie</span> <span class='ocrx_word' id='word_1_191' title='bbox 494 1124 577 1153; x_wconf 87' lang='lat' dir='ltr'>etiam</span> <span class='ocrx_word' id='word_1_192' title='bbox 602 1130 737 1160; x_wconf 87' lang='lat' dir='ltr'>respectu</span> <span class='ocrx_word' id='word_1_193' title='bbox 754 1123 893 1152; x_wconf 79' lang='lat' dir='ltr'>acutioris</span> <span class='ocrx_word' id='word_1_194' title='bbox 912 1123 1029 1152; x_wconf 89' lang='lat' dir='ltr'>acromii</span> <span class='ocrx_word' id='word_1_195' title='bbox 1049 1122 1257 1159; x_wconf 83' lang='lat' dir='ltr'>prominentiae</span> <span class='ocrx_word' id='word_1_196' title='bbox 1277 1121 1441 1158; x_wconf 85' lang='lat' dir='ltr'>attigimus,</span> <span class='ocrx_word' id='word_1_197' title='bbox 1464 1121 1585 1150; x_wconf 83' lang='lat' dir='ltr'>formam</span> 
     </span>
     <span class='ocr_line' id='line_1_20' title="bbox 70 1171 1447 1218; baseline -0.004 -11"><span class='ocrx_word' id='word_1_198' title='bbox 70 1185 227 1218; x_wconf 78' lang='lat' dir='ltr'>processus</span> <span class='ocrx_word' id='word_1_199' title='bbox 252 1176 435 1211; x_wconf 82' lang='lat' dir='ltr'>coraco&#39;idei,</span> <span class='ocrx_word' id='word_1_200' title='bbox 462 1177 512 1211; x_wconf 89' lang='lat' dir='ltr'>qui</span> <span class='ocrx_word' id='word_1_201' title='bbox 537 1175 567 1204; x_wconf 91' lang='lat' dir='ltr'>in</span> <span class='ocrx_word' id='word_1_202' title='bbox 589 1175 736 1214; x_wconf 82' lang='lat' dir='ltr'>luxatione</span> <span class='ocrx_word' id='word_1_203' title='bbox 756 1174 918 1211; x_wconf 84' lang='lat' dir='ltr'>posteriora</span> <span class='ocrx_word' id='word_1_204' title='bbox 940 1182 1042 1204; x_wconf 88' lang='lat' dir='ltr'>versus</span> <span class='ocrx_word' id='word_1_205' title='bbox 1068 1173 1180 1203; x_wconf 85' lang='lat' dir='ltr'>acutior</span> <span class='ocrx_word' id='word_1_206' title='bbox 1206 1179 1325 1210; x_wconf 88' lang='lat' dir='ltr'>apparet</span> <span class='ocrx_word' id='word_1_207' title='bbox 1346 1171 1447 1213; x_wconf 85' lang='lat'>(52).</span> 
     </span>
    </p>

    <p class='ocr_par' dir='ltr' id='par_1_8' title="bbox 109 1225 991 1266">
     <span class='ocr_line' id='line_1_21' title="bbox 109 1225 991 1266; baseline -0.003 -10"><span class='ocrx_word' id='word_1_208' title='bbox 109 1228 153 1263; x_wconf 86' lang='lat'>2)</span> <span class='ocrx_word' id='word_1_209' title='bbox 183 1227 229 1256; x_wconf 84' lang='lat' dir='ltr'>De</span> <span class='ocrx_word' id='word_1_210' title='bbox 251 1226 478 1266; x_wconf 76' lang='lat' dir='ltr'>symptomatibus</span> <span class='ocrx_word' id='word_1_211' title='bbox 497 1227 529 1254; x_wconf 82' lang='lat' dir='ltr'>in</span> <span class='ocrx_word' id='word_1_212' title='bbox 552 1226 667 1256; x_wconf 78' lang='lat' dir='ltr'>humero</span> <span class='ocrx_word' id='word_1_213' title='bbox 692 1229 848 1254; x_wconf 72' lang='lat' dir='ltr'>retrorsum</span> <span class='ocrx_word' id='word_1_214' title='bbox 878 1225 991 1254; x_wconf 73' lang='lat' dir='ltr'>luxato.</span> 
     </span>
    </p>

    <p class='ocr_par' dir='ltr' id='par_1_9' title="bbox 67 1271 1585 1469">
     <span class='ocr_line' id='line_1_22' title="bbox 106 1271 1585 1315; baseline -0.003 -8"><span class='ocrx_word' id='word_1_215' title='bbox 106 1278 325 1307; x_wconf 84' lang='lat' dir='ltr'>Protuberantia</span> <span class='ocrx_word' id='word_1_216' title='bbox 346 1278 400 1307; x_wconf 88' lang='lat' dir='ltr'>sub</span> <span class='ocrx_word' id='word_1_217' title='bbox 423 1277 508 1315; x_wconf 74' lang='lat' dir='ltr'>spina</span> <span class='ocrx_word' id='word_1_218' title='bbox 535 1278 667 1314; x_wconf 81' lang='lat' dir='ltr'>scapulae</span> <span class='ocrx_word' id='word_1_219' title='bbox 694 1271 934 1314; x_wconf 76' lang='lat' dir='ltr'>reprelienditur,</span> <span class='ocrx_word' id='word_1_220' title='bbox 957 1284 1029 1312; x_wconf 83' lang='lat' dir='ltr'>quae</span> <span class='ocrx_word' id='word_1_221' title='bbox 1047 1281 1091 1304; x_wconf 89' lang='lat' dir='ltr'>est</span> <span class='ocrx_word' id='word_1_222' title='bbox 1106 1275 1207 1312; x_wconf 91' lang='lat' dir='ltr'>capitis</span> <span class='ocrx_word' id='word_1_223' title='bbox 1233 1275 1308 1303; x_wconf 86' lang='lat' dir='ltr'>ossis</span> <span class='ocrx_word' id='word_1_224' title='bbox 1333 1274 1442 1302; x_wconf 90' lang='lat' dir='ltr'>humeri</span> <span class='ocrx_word' id='word_1_225' title='bbox 1460 1274 1499 1302; x_wconf 88' lang='lat' dir='ltr'>ibi</span> <span class='ocrx_word' id='word_1_226' title='bbox 1518 1275 1585 1303; x_wconf 87' lang='lat' dir='ltr'>hae-</span> 
     </span>
     <span class='ocr_line' id='line_1_23' title="bbox 68 1320 1585 1367; baseline -0.004 -8"><span class='ocrx_word' id='word_1_227' title='bbox 68 1329 182 1366; x_wconf 84' lang='lat' dir='ltr'>rentis;</span> <span class='ocrx_word' id='word_1_228' title='bbox 210 1329 326 1359; x_wconf 87' lang='lat' dir='ltr'>cubitus</span> <span class='ocrx_word' id='word_1_229' title='bbox 359 1329 450 1358; x_wconf 84' lang='lat' dir='ltr'>flexus</span> <span class='ocrx_word' id='word_1_230' title='bbox 483 1337 583 1365; x_wconf 86' lang='lat' dir='ltr'>parum</span> <span class='ocrx_word' id='word_1_231' title='bbox 608 1337 623 1357; x_wconf 90' lang='lat' dir='ltr'>a</span> <span class='ocrx_word' id='word_1_232' title='bbox 652 1328 744 1357; x_wconf 91' lang='lat' dir='ltr'>costis</span> <span class='ocrx_word' id='word_1_233' title='bbox 770 1327 858 1356; x_wconf 88' lang='lat' dir='ltr'>distat</span> <span class='ocrx_word' id='word_1_234' title='bbox 888 1332 973 1367; x_wconf 79' lang='lat'>(53)</span> <span class='ocrx_word' id='word_1_235' title='bbox 1003 1327 1201 1362; x_wconf 74' lang='lat' dir='ltr'>humei-usque</span> <span class='ocrx_word' id='word_1_236' title='bbox 1233 1326 1267 1354; x_wconf 83' lang='lat' dir='ltr'>acl</span> <span class='ocrx_word' id='word_1_237' title='bbox 1295 1320 1397 1362; x_wconf 87' lang='lat' dir='ltr'>pectus</span> <span class='ocrx_word' id='word_1_238' title='bbox 1426 1334 1585 1354; x_wconf 84' lang='lat' dir='ltr'>conversus</span> 
     </span>
     <span class='ocr_line' id='line_1_24' title="bbox 69 1377 1584 1419; baseline -0.003 -10"><span class='ocrx_word' id='word_1_239' title='bbox 69 1388 114 1409; x_wconf 87' lang='lat' dir='ltr'>est</span> <span class='ocrx_word' id='word_1_240' title='bbox 135 1383 244 1419; x_wconf 83' lang='grc'>(54),</span> <span class='ocrx_word' id='word_1_241' title='bbox 267 1387 313 1417; x_wconf 89' lang='lat' dir='ltr'>et,</span> <span class='ocrx_word' id='word_1_242' title='bbox 334 1387 423 1417; x_wconf 88' lang='lat' dir='ltr'>prout</span> <span class='ocrx_word' id='word_1_243' title='bbox 443 1380 534 1417; x_wconf 88' lang='lat' dir='ltr'>magis</span> <span class='ocrx_word' id='word_1_244' title='bbox 555 1379 686 1409; x_wconf 89' lang='lat' dir='ltr'>minusve</span> <span class='ocrx_word' id='word_1_245' title='bbox 710 1388 726 1408; x_wconf 86' lang='lat' dir='ltr'>a</span> <span class='ocrx_word' id='word_1_246' title='bbox 749 1377 869 1408; x_wconf 85' lang='lat' dir='ltr'>cavitate</span> <span class='ocrx_word' id='word_1_247' title='bbox 894 1378 1043 1414; x_wconf 73' lang='lat' dir='ltr'>glenoidea</span> <span class='ocrx_word' id='word_1_248' title='bbox 1065 1378 1146 1415; x_wconf 85' lang='lat' dir='ltr'>juxta</span> <span class='ocrx_word' id='word_1_249' title='bbox 1170 1377 1279 1413; x_wconf 85' lang='lat' dir='ltr'>spinam</span> <span class='ocrx_word' id='word_1_250' title='bbox 1300 1378 1431 1413; x_wconf 85' lang='lat' dir='ltr'>scapulae</span> <span class='ocrx_word' id='word_1_251' title='bbox 1456 1377 1584 1408; x_wconf 68' lang='lat' dir='ltr'>recedit„</span> 
     </span>
     <span class='ocr_line' id='line_1_25' title="bbox 67 1431 1062 1469; baseline -0.002 -9"><span class='ocrx_word' id='word_1_252' title='bbox 67 1432 220 1469; x_wconf 83' lang='lat' dir='ltr'>longitudo</span> <span class='ocrx_word' id='word_1_253' title='bbox 247 1432 359 1461; x_wconf 84' lang='lat' dir='ltr'>differre</span> <span class='ocrx_word' id='word_1_254' title='bbox 378 1431 492 1460; x_wconf 86' lang='lat' dir='ltr'>videtur</span> <span class='ocrx_word' id='word_1_255' title='bbox 514 1433 530 1467; x_wconf 93' lang='lat'>(</span> <span class='ocrx_word' id='word_1_256' title='bbox 540 1435 611 1468; x_wconf 84' lang='lat'>55).</span> <span class='ocrx_word' id='word_1_257' title='bbox 1059 1465 1062 1467; x_wconf 65' lang='lat'>,</span> 
     </span>
    </p>

    <p class='ocr_par' dir='ltr' id='par_1_10' title="bbox 108 1478 1330 1522">
     <span class='ocr_line' id='line_1_26' title="bbox 108 1478 1330 1522; baseline -0.002 -11"><span class='ocrx_word' id='word_1_258' title='bbox 108 1487 150 1522; x_wconf 83' lang='grc'>3)</span> <span class='ocrx_word' id='word_1_259' title='bbox 179 1482 227 1511; x_wconf 78' lang='lat' dir='ltr'>De</span> <span class='ocrx_word' id='word_1_260' title='bbox 249 1482 478 1520; x_wconf 72' lang='lat' dir='ltr'>symptomatibus</span> <span class='ocrx_word' id='word_1_261' title='bbox 497 1481 533 1509; x_wconf 79' lang='lat' dir='ltr'>ab</span> <span class='ocrx_word' id='word_1_262' title='bbox 559 1482 706 1519; x_wconf 73' lang='lat' dir='ltr'>utriusque</span> <span class='ocrx_word' id='word_1_263' title='bbox 723 1480 820 1519; x_wconf 83' lang='lat' dir='ltr'>partis</span> <span class='ocrx_word' id='word_1_264' title='bbox 841 1481 933 1509; x_wconf 85' lang='lat' dir='ltr'>laesae</span> <span class='ocrx_word' id='word_1_265' title='bbox 957 1478 1140 1517; x_wconf 75' lang='lat' dir='ltr'>aegritudine</span> <span class='ocrx_word' id='word_1_266' title='bbox 1163 1478 1330 1516; x_wconf 79' lang='lat' dir='ltr'>repetendis.</span> 
     </span>
    </p>

    <p class='ocr_par' dir='ltr' id='par_1_11' title="bbox 67 1529 1584 1672">
     <span class='ocr_line' id='line_1_27' title="bbox 106 1529 1584 1569; baseline -0.003 -8"><span class='ocrx_word' id='word_1_267' title='bbox 106 1532 250 1569; x_wconf 89' lang='lat' dir='ltr'>Corporis</span> <span class='ocrx_word' id='word_1_268' title='bbox 277 1533 390 1561; x_wconf 86' lang='lat' dir='ltr'>habitus</span> <span class='ocrx_word' id='word_1_269' title='bbox 414 1540 474 1561; x_wconf 88' lang='lat' dir='ltr'>non</span> <span class='ocrx_word' id='word_1_270' title='bbox 496 1533 616 1560; x_wconf 87' lang='lat' dir='ltr'>multum</span> <span class='ocrx_word' id='word_1_271' title='bbox 636 1532 670 1560; x_wconf 89' lang='lat' dir='ltr'>ab</span> <span class='ocrx_word' id='word_1_272' title='bbox 693 1540 726 1560; x_wconf 89' lang='lat' dir='ltr'>eo</span> <span class='ocrx_word' id='word_1_273' title='bbox 750 1531 862 1566; x_wconf 85' lang='lat' dir='ltr'>differt,</span> <span class='ocrx_word' id='word_1_274' title='bbox 886 1539 970 1567; x_wconf 86' lang='lat' dir='ltr'>quern</span> <span class='ocrx_word' id='word_1_275' title='bbox 993 1530 1023 1559; x_wconf 93' lang='lat' dir='ltr'>in</span> <span class='ocrx_word' id='word_1_276' title='bbox 1048 1530 1140 1566; x_wconf 72' lang='lat' dir='ltr'>prima</span> <span class='ocrx_word' id='word_1_277' title='bbox 1162 1530 1325 1558; x_wconf 88' lang='lat' dir='ltr'>notavimus</span> <span class='ocrx_word' id='word_1_278' title='bbox 1345 1529 1499 1558; x_wconf 86' lang='lat' dir='ltr'>luxationis</span> <span class='ocrx_word' id='word_1_279' title='bbox 1515 1538 1584 1565; x_wconf 87' lang='lat' dir='ltr'>spe-</span> 
     </span>
     <span class='ocr_line' id='line_1_28' title="bbox 67 1576 1583 1620; baseline -0.003 -8"><span class='ocrx_word' id='word_1_280' title='bbox 67 1583 132 1618; x_wconf 88' lang='lat' dir='ltr'>cie,</span> <span class='ocrx_word' id='word_1_281' title='bbox 155 1589 184 1612; x_wconf 88' lang='lat' dir='ltr'>et</span> <span class='ocrx_word' id='word_1_282' title='bbox 207 1589 310 1620; x_wconf 78' lang='lat' dir='ltr'>aeger,</span> <span class='ocrx_word' id='word_1_283' title='bbox 331 1583 356 1612; x_wconf 88' lang='lat' dir='ltr'>si</span> <span class='ocrx_word' id='word_1_284' title='bbox 379 1583 466 1612; x_wconf 88' lang='lat' dir='ltr'>modo</span> <span class='ocrx_word' id='word_1_285' title='bbox 488 1576 590 1619; x_wconf 75' lang='lat' dir='ltr'>parum</span> <span class='ocrx_word' id='word_1_286' title='bbox 613 1591 628 1611; x_wconf 87' lang='lat' dir='ltr'>a</span> <span class='ocrx_word' id='word_1_287' title='bbox 653 1582 743 1611; x_wconf 86' lang='lat' dir='ltr'>costis</span> <span class='ocrx_word' id='word_1_288' title='bbox 764 1582 901 1610; x_wconf 87' lang='lat' dir='ltr'>humerus</span> <span class='ocrx_word' id='word_1_289' title='bbox 928 1581 1060 1617; x_wconf 87' lang='lat' dir='ltr'>recedat,</span> <span class='ocrx_word' id='word_1_290' title='bbox 1081 1580 1324 1610; x_wconf 84' lang='lat' dir='ltr'>vehementiorem</span> <span class='ocrx_word' id='word_1_291' title='bbox 1347 1581 1471 1617; x_wconf 88' lang='lat' dir='ltr'>percipit</span> <span class='ocrx_word' id='word_1_292' title='bbox 1499 1581 1583 1619; x_wconf 43' lang='lat' dir='ltr'>dolol-</span> 
     </span>
     <span class='ocr_line' id='line_1_29' title="bbox 67 1628 1173 1672; baseline -0.002 -10"><span class='ocrx_word' id='word_1_293' title='bbox 67 1642 126 1662; x_wconf 90' lang='lat' dir='ltr'>rem</span> <span class='ocrx_word' id='word_1_294' title='bbox 148 1629 248 1672; x_wconf 83' lang='grc'>(56)</span> <span class='ocrx_word' id='word_1_295' title='bbox 1169 1628 1173 1631; x_wconf 73' lang='grc'><strong>”</strong></span> 
     </span>
    </p>

    <p class='ocr_par' dir='ltr' id='par_1_12' title="bbox 104 1681 1578 1721">
     <span class='ocr_line' id='line_1_30' title="bbox 104 1681 1578 1721; baseline -0.002 -8"><span class='ocrx_word' id='word_1_296' title='bbox 104 1684 153 1714; x_wconf 85' lang='lat' dir='ltr'>Ex</span> <span class='ocrx_word' id='word_1_297' title='bbox 172 1685 217 1714; x_wconf 89' lang='lat' dir='ltr'>his</span> <span class='ocrx_word' id='word_1_298' title='bbox 239 1685 363 1715; x_wconf 87' lang='lat' dir='ltr'>breviter</span> <span class='ocrx_word' id='word_1_299' title='bbox 381 1685 416 1715; x_wconf 89' lang='lat' dir='ltr'>de</span> <span class='ocrx_word' id='word_1_300' title='bbox 434 1685 546 1714; x_wconf 89' lang='lat' dir='ltr'>humeri</span> <span class='ocrx_word' id='word_1_301' title='bbox 568 1684 657 1714; x_wconf 85' lang='lat' dir='ltr'>luxati</span> <span class='ocrx_word' id='word_1_302' title='bbox 678 1684 832 1721; x_wconf 88' lang='lat' dir='ltr'>speciebus</span> <span class='ocrx_word' id='word_1_303' title='bbox 857 1682 1005 1713; x_wconf 85' lang='lat' dir='ltr'>recensitis</span> <span class='ocrx_word' id='word_1_304' title='bbox 1027 1681 1087 1716; x_wconf 86' lang='lat' dir='ltr'>(ad</span> <span class='ocrx_word' id='word_1_305' title='bbox 1112 1691 1196 1719; x_wconf 86' lang='lat' dir='ltr'>quam</span> <span class='ocrx_word' id='word_1_306' title='bbox 1218 1682 1334 1712; x_wconf 89' lang='lat' dir='ltr'>brevem</span> <span class='ocrx_word' id='word_1_307' title='bbox 1360 1682 1578 1712; x_wconf 84' lang='lat' dir='ltr'>delineationem</span> 
     </span>
    </p>

    <p class='ocr_par' dir='ltr' id='par_1_13' title="bbox 1530 1743 1584 1762">
     <span class='ocr_line' id='line_1_31' title="bbox 1530 1743 1584 1762; baseline 0 0"><span class='ocrx_word' id='word_1_308' title='bbox 1530 1743 1584 1762; x_wconf 79' lang='lat' dir='ltr'>im-</span> 
     </span>
    </p>
   </div>
   <div class='ocr_carea' id='block_1_4' title="bbox 102 1816 1581 1901">
    <p class='ocr_par' dir='ltr' id='par_1_14' title="bbox 102 1816 1581 1901">
     <span class='ocr_line' id='line_1_32' title="bbox 102 1816 538 1854; baseline 0.005 -8"><span class='ocrx_word' id='word_1_309' title='bbox 102 1816 119 1853; x_wconf 91' lang='lat'>(</span> <span class='ocrx_word' id='word_1_310' title='bbox 129 1818 186 1853; x_wconf 79' lang='lat'>48)</span> <span class='ocrx_word' id='word_1_311' title='bbox 213 1820 327 1848; x_wconf 86' lang='lat' dir='ltr'>Desault.</span> <span class='ocrx_word' id='word_1_312' title='bbox 345 1822 364 1847; x_wconf 89' lang='lat'>1.</span> <span class='ocrx_word' id='word_1_313' title='bbox 381 1828 407 1847; x_wconf 89' lang='lat' dir='ltr'>c.</span> <span class='ocrx_word' id='word_1_314' title='bbox 433 1829 461 1854; x_wconf 89' lang='lat' dir='ltr'>p.</span> <span class='ocrx_word' id='word_1_315' title='bbox 478 1821 538 1854; x_wconf 73' lang='lat'>348.</span> 
     </span>
     <span class='ocr_line' id='line_1_33' title="bbox 103 1861 1581 1901; baseline -0.007 -4"><span class='ocrx_word' id='word_1_316' title='bbox 103 1863 188 1899; x_wconf 89' lang='lat'>(49)</span> <span class='ocrx_word' id='word_1_317' title='bbox 213 1867 297 1893; x_wconf 75' lang='lat' dir='ltr'>Bonfl-</span> <span class='ocrx_word' id='word_1_318' title='bbox 320 1868 339 1894; x_wconf 84' lang='lat' dir='ltr'>l·</span> <span class='ocrx_word' id='word_1_319' title='bbox 356 1875 382 1895; x_wconf 78' lang='lat' dir='ltr'>c.</span> <span class='ocrx_word' id='word_1_320' title='bbox 405 1876 432 1901; x_wconf 79' lang='lat' dir='ltr'>p-</span> <span class='ocrx_word' id='word_1_321' title='bbox 451 1876 492 1894; x_wconf 85' lang='lat'>10.</span> <span class='ocrx_word' id='word_1_322' title='bbox 527 1869 655 1894; x_wconf 79' lang='lat' dir='ltr'>Praeterea</span> <span class='ocrx_word' id='word_1_323' title='bbox 677 1866 786 1892; x_wconf 80' lang='lat' dir='ltr'>musculi</span> <span class='ocrx_word' id='word_1_324' title='bbox 807 1865 887 1891; x_wconf 86' lang='lat' dir='ltr'>vicini</span> <span class='ocrx_word' id='word_1_325' title='bbox 903 1866 939 1891; x_wconf 80' lang='lat' dir='ltr'>ita</span> <span class='ocrx_word' id='word_1_326' title='bbox 962 1872 1021 1891; x_wconf 81' lang='lat' dir='ltr'>sunt</span> <span class='ocrx_word' id='word_1_327' title='bbox 1041 1864 1180 1898; x_wconf 82' lang='lat' dir='ltr'>dispositi,</span> <span class='ocrx_word' id='word_1_328' title='bbox 1200 1870 1228 1890; x_wconf 91' lang='lat' dir='ltr'>ut</span> <span class='ocrx_word' id='word_1_329' title='bbox 1249 1863 1310 1888; x_wconf 80' lang='lat' dir='ltr'>nibil</span> <span class='ocrx_word' id='word_1_330' title='bbox 1339 1863 1461 1889; x_wconf 86' lang='lat' dir='ltr'>conferre</span> <span class='ocrx_word' id='word_1_331' title='bbox 1478 1861 1581 1887; x_wconf 80' lang='lat' dir='ltr'>videan-</span> 
     </span>
    </p>
   </div>
   <div class='ocr_carea' id='block_1_5' title="bbox 70 1910 1433 2182">
    <p class='ocr_par' dir='ltr' id='par_1_15' title="bbox 70 1910 1023 1945">
     <span class='ocr_line' id='line_1_34' title="bbox 70 1910 1023 1945; baseline 0.004 -10"><span class='ocrx_word' id='word_1_332' title='bbox 70 1916 108 1939; x_wconf 82' lang='lat' dir='ltr'>tur</span> <span class='ocrx_word' id='word_1_333' title='bbox 129 1910 160 1935; x_wconf 83' lang='lat' dir='ltr'>ad</span> <span class='ocrx_word' id='word_1_334' title='bbox 178 1911 242 1936; x_wconf 84' lang='lat' dir='ltr'>hanc</span> <span class='ocrx_word' id='word_1_335' title='bbox 261 1912 413 1940; x_wconf 80' lang='lat' dir='ltr'>luxationem</span> <span class='ocrx_word' id='word_1_336' title='bbox 432 1914 598 1940; x_wconf 78' lang='lat' dir='ltr'>efficiendam.</span> <span class='ocrx_word' id='word_1_337' title='bbox 626 1914 699 1941; x_wconf 85' lang='lat' dir='ltr'>conf.</span> <span class='ocrx_word' id='word_1_338' title='bbox 716 1914 812 1945; x_wconf 88' lang='lat' dir='ltr'>Boyer.</span> <span class='ocrx_word' id='word_1_339' title='bbox 835 1913 854 1938; x_wconf 89' lang='lat' dir='ltr'>l.</span> <span class='ocrx_word' id='word_1_340' title='bbox 872 1918 899 1938; x_wconf 87' lang='lat' dir='ltr'>c.</span> <span class='ocrx_word' id='word_1_341' title='bbox 921 1920 948 1945; x_wconf 86' lang='lat' dir='ltr'>p.</span> <span class='ocrx_word' id='word_1_342' title='bbox 967 1914 1023 1944; x_wconf 85' lang='lat'>183.</span> 
     </span>
    </p>

    <p class='ocr_par' dir='ltr' id='par_1_16' title="bbox 103 1949 687 1993">
     <span class='ocr_line' id='line_1_35' title="bbox 103 1949 687 1993; baseline 0.003 -10"><span class='ocrx_word' id='word_1_343' title='bbox 103 1955 188 1991; x_wconf 87' lang='lat'><strong>(50)</strong></span> <span class='ocrx_word' id='word_1_344' title='bbox 215 1957 374 1987; x_wconf 86' lang='lat' dir='ltr'>Richerand.</span> <span class='ocrx_word' id='word_1_345' title='bbox 397 1961 416 1987; x_wconf 92' lang='lat' dir='ltr'>l.</span> <span class='ocrx_word' id='word_1_346' title='bbox 434 1968 459 1988; x_wconf 89' lang='lat' dir='ltr'>c.</span> <span class='ocrx_word' id='word_1_347' title='bbox 485 1968 513 1993; x_wconf 78' lang='lat' dir='ltr'>p-</span> <span class='ocrx_word' id='word_1_348' title='bbox 530 1968 582 1987; x_wconf 84' lang='lat'>200</span> <span class='ocrx_word' id='word_1_349' title='bbox 599 1967 656 1992; x_wconf 88' lang='lat' dir='ltr'>seq.</span> <span class='ocrx_word' id='word_1_350' title='bbox 685 1949 687 1951; x_wconf 26' lang='grc' dir='ltr'>Ι</span> 
     </span>
    </p>

    <p class='ocr_par' dir='ltr' id='par_1_17' title="bbox 101 2001 728 2039">
     <span class='ocr_line' id='line_1_36' title="bbox 101 2001 728 2039; baseline 0.006 -11"><span class='ocrx_word' id='word_1_351' title='bbox 101 2001 301 2036; x_wconf 76' lang='lat' dir='ltr'>(51).Traite</span> <span class='ocrx_word' id='word_1_352' title='bbox 329 2005 372 2031; x_wconf 85' lang='lat' dir='ltr'>des</span> <span class='ocrx_word' id='word_1_353' title='bbox 396 2007 455 2032; x_wconf 86' lang='lat' dir='ltr'>mal.</span> <span class='ocrx_word' id='word_1_354' title='bbox 481 2006 527 2032; x_wconf 90' lang='lat' dir='ltr'>des</span> <span class='ocrx_word' id='word_1_355' title='bbox 556 2014 594 2033; x_wconf 89' lang='lat' dir='ltr'>os.</span> <span class='ocrx_word' id='word_1_356' title='bbox 620 2014 647 2039; x_wconf 88' lang='lat' dir='ltr'>p.</span> <span class='ocrx_word' id='word_1_357' title='bbox 669 2006 728 2033; x_wconf 89' lang='lat'>162.</span> 
     </span>
    </p>

    <p class='ocr_par' dir='ltr' id='par_1_18' title="bbox 86 2038 1433 2132">
     <span class='ocr_line' id='line_1_37' title="bbox 87 2038 1433 2090; baseline 0.001 -16"><span class='ocrx_word' id='word_1_358' title='bbox 87 2088 89 2090; x_wconf 21' lang='lat' dir='ltr'>v</span> <span class='ocrx_word' id='word_1_359' title='bbox 104 2045 186 2079; x_wconf 83' lang='lat'><strong>(52)</strong></span> <span class='ocrx_word' id='word_1_360' title='bbox 209 2049 242 2075; x_wconf 89' lang='lat' dir='ltr'>V.</span> <span class='ocrx_word' id='word_1_361' title='bbox 260 2049 394 2076; x_wconf 88' lang='lat' dir='ltr'>Gesseher</span> <span class='ocrx_word' id='word_1_362' title='bbox 419 2052 437 2079; x_wconf 88' lang='lat' dir='ltr'>l.</span> <span class='ocrx_word' id='word_1_363' title='bbox 455 2059 480 2078; x_wconf 92' lang='lat' dir='ltr'>c.</span> <span class='ocrx_word' id='word_1_364' title='bbox 504 2053 525 2083; x_wconf 86' lang='lat'>§.</span> <span class='ocrx_word' id='word_1_365' title='bbox 545 2058 617 2086; x_wconf 82' lang='lat'>1321.</span> <span class='ocrx_word' id='word_1_366' title='bbox 652 2052 796 2078; x_wconf 79' lang='lat' dir='ltr'>Bertrandi.</span> <span class='ocrx_word' id='word_1_367' title='bbox 821 2052 904 2078; x_wconf 85' lang='lat' dir='ltr'>Lehre</span> <span class='ocrx_word' id='word_1_368' title='bbox 922 2038 954 2079; x_wconf 49' lang='lat' dir='ltr'>vJ</span> <span class='ocrx_word' id='word_1_369' title='bbox 969 2051 996 2078; x_wconf 90' lang='lat' dir='ltr'>d.</span> <span class='ocrx_word' id='word_1_370' title='bbox 1015 2050 1186 2077; x_wconf 83' lang='lat' dir='ltr'>Knochenkr.</span> <span class='ocrx_word' id='word_1_371' title='bbox 1204 2050 1230 2084; x_wconf 87' lang='lat'>§.</span> <span class='ocrx_word' id='word_1_372' title='bbox 1248 2056 1306 2076; x_wconf 85' lang='lat'>220.</span> <span class='ocrx_word' id='word_1_373' title='bbox 1331 2056 1357 2081; x_wconf 87' lang='lat' dir='ltr'>p.</span> <span class='ocrx_word' id='word_1_374' title='bbox 1379 2055 1433 2081; x_wconf 81' lang='lat'>194·</span> 
     </span>
     <span class='ocr_line' id='line_1_38' title="bbox 86 2091 1137 2132; baseline 0.001 -8"><span class='ocrx_word' id='word_1_375' title='bbox 86 2091 186 2125; x_wconf 85' lang='lat'>&#39;(53)</span> <span class='ocrx_word' id='word_1_376' title='bbox 213 2095 318 2127; x_wconf 63' lang='lat' dir='ltr'>Caspari</span> <span class='ocrx_word' id='word_1_377' title='bbox 343 2096 360 2122; x_wconf 79' lang='grc' dir='ltr'>Ι.</span> <span class='ocrx_word' id='word_1_378' title='bbox 380 2103 404 2123; x_wconf 91' lang='lat' dir='ltr'>c.</span> <span class='ocrx_word' id='word_1_379' title='bbox 429 2104 455 2129; x_wconf 89' lang='lat' dir='ltr'>p.</span> <span class='ocrx_word' id='word_1_380' title='bbox 474 2099 517 2129; x_wconf 82' lang='lat'>89.</span> <span class='ocrx_word' id='word_1_381' title='bbox 722 2098 806 2132; x_wconf 84' lang='lat'><strong>(54)</strong></span> <span class='ocrx_word' id='word_1_382' title='bbox 833 2099 919 2131; x_wconf 86' lang='lat' dir='ltr'>Boyer</span> <span class='ocrx_word' id='word_1_383' title='bbox 943 2100 962 2125; x_wconf 73' lang='lat' dir='ltr'>l.</span> <span class='ocrx_word' id='word_1_384' title='bbox 981 2105 1006 2125; x_wconf 89' lang='lat' dir='ltr'>c.</span> <span class='ocrx_word' id='word_1_385' title='bbox 1030 2106 1058 2130; x_wconf 86' lang='lat' dir='ltr'>p.</span> <span class='ocrx_word' id='word_1_386' title='bbox 1078 2104 1137 2131; x_wconf 75' lang='lat'>139.</span> 
     </span>
    </p>

    <p class='ocr_par' dir='ltr' id='par_1_19' title="bbox 103 2139 1075 2182">
     <span class='ocr_line' id='line_1_39' title="bbox 103 2139 1075 2182; baseline -0.001 -12"><span class='ocrx_word' id='word_1_387' title='bbox 103 2139 186 2176; x_wconf 76' lang='lat'>(55)</span> <span class='ocrx_word' id='word_1_388' title='bbox 210 2144 277 2170; x_wconf 85' lang='lat' dir='ltr'>Petit</span> <span class='ocrx_word' id='word_1_389' title='bbox 301 2145 320 2172; x_wconf 92' lang='lat'>1.</span> <span class='ocrx_word' id='word_1_390' title='bbox 339 2151 364 2170; x_wconf 88' lang='lat' dir='ltr'>c.</span> <span class='ocrx_word' id='word_1_391' title='bbox 388 2152 415 2177; x_wconf 90' lang='lat' dir='ltr'>p.</span> <span class='ocrx_word' id='word_1_392' title='bbox 435 2146 494 2178; x_wconf 87' lang='lat'>167.</span> <span class='ocrx_word' id='word_1_393' title='bbox 695 2146 777 2182; x_wconf 84' lang='lat'><strong>(56)</strong></span> <span class='ocrx_word' id='word_1_394' title='bbox 805 2155 832 2174; x_wconf 91' lang='lat' dir='ltr'>v.</span> <span class='ocrx_word' id='word_1_395' title='bbox 856 2145 986 2172; x_wconf 85' lang='lat' dir='ltr'>Gescher.</span> <span class='ocrx_word' id='word_1_396' title='bbox 1011 2146 1031 2170; x_wconf 87' lang='lat'>1.</span> <span class='ocrx_word' id='word_1_397' title='bbox 1049 2150 1075 2169; x_wconf 84' lang='lat' dir='ltr'>c.</span> 
     </span>
    </p>
   </div>
  </div>
 </body>
</html>
