1919 2511
0 1979 2 2047 ὲ

0 2053 3 2131 ÷

0 2135 5 2340 ἓ

372 125 598 157 RESPONSIO
627 134 670 155 AD
703 123 1011 164 QUAE'STIONEM
1042 124 1323 156 LITERARIAM.
1572 134 1608 162 29

132 210 248 240 Musca.
286 209 394 240 Fabula
422 216 514 238 exstat
540 209 616 238 inter
634 208 813 245 Aesopicas,
836 217 905 245 quas
927 208 1014 237 edidit
1039 209 1078 237 de·
1101 207 1186 237 Furia
1212 207 1274 236 No.
1295 215 1360 243 117.
1384 208 1435 237 sed
1459 217 1524 237 cum
1548 209 1605 238 hoc

95 260 254 298 epimythio
274 269 375 297 parum
399 269 490 298 vero,
513 261 645 290 homines
670 268 732 290 tum
757 268 878 289 mortem
902 268 994 295 aequo
1020 259 1115 288 animo
1138 258 1284 295 perferre,
1306 267 1372 287 cum
1398 268 1457 287 eam
1474 259 1546 295 ‚sine
1563 259 1615 287 do-

94 312 206 342 loribus
234 312 444 347 adsequuntur.
499 312 532 342 In
557 314 638 349 vulg.
672 312 754 342 Coll.
787 311 889 340 similis
923 310 1020 339 fabula
1048 310 1128 345 (fab.
1146 310 1221 348 89.)
1253 309 1395 345 reperitur
1420 309 1455 339 de
1485 309 1610 346 muscis,

94 372 167 400 ‚quae
193 362 223 393 in
251 364 334 392 melle
352 363 488 400 apposito
511 363 664 400 peribant,
686 364 815 398 docens,
837 361 988 399 permultis
1010 363 1105 399 gulam
1126 360 1228 389 mortis
1250 369 1312 389 esse
1331 369 1461 391 causam.

131 414 244 443 Pessum
264 415 320 444 ire.
361 414 440 442 Haec
466 413 592 443 formula
617 416 695 452 apud
718 416 825 443 multos
852 419 980 442 veterum
1006 412 1133 442 occurrit
1152 420 1204 448 pro
1218 411 1347 446 fundum
1359 419 1467 450 petere.
1500 413 1607 442 Seneca

95 465 168 496 Nat.
191 465 313 503 Quaest.
353 464 425 494 Lib.
440 465 495 495 111.
517 475 583 503 cap.
599 475 647 504 25.
679 487 697 502 ‚,
713 473 745 495 ut
767 467 798 494 in
817 462 983 502 quibusdam
1002 464 1111 501 stagnis
1129 462 1235 501 lapides
1252 462 1364 501 quidem
1377 471 1488 502 pessum
1508 464 1610 494 eant-’⁹

93 517 214 547 Colum.
235 516 306 545 Lib.
323 516 390 546 ΧΠ.
412 525 478 553 cap.
497 518 524 547 6.
569 538 587 554 „
603 527 668 546 nam
688 517 736 545 ubi
758 516 866 546 dulcem
884 525 994 544 caseum
1019 514 1163 543 demiseris
1188 515 1242 551 (in
1267 515 1432 554 muriam),
1462 516 1487 543 st'
1504 522 1614 553 pessum

98 587 117 603 „
136 567 189 597 ibit
218 569 395 605 (caseus),
425 569 492 596 scies
521 568 615 597 adhuc
629 578 684 597 esse
708 567 827 597 crudam
857 566 1082 604 (n1uriam);’'
1115 565 1182 594 hine
1202 565 1315 602 tropice
1336 574 1389 602 pro
1405 568 1505 603 perite
1531 568 1608 603 apud

90 618 184 648 Plaut.
207 618 300 648 Truc.
327 617 399 648 Act.
416 620 445 647 Ι.
466 618 515 649 Sc.
535 627 562 649 1.
584 627 629 649 vs.
651 623 696 649 η.

377 669 478 707 Neque
497 671 554 698 nisi
570 672 639 708 quia
658 671 744 699 rm'ser
761 679 815 700 non
834 679 866 699 eo
880 677 989 708 pessum
1009 668 1081 698 mihi
1100 668 1161 697 ulla
1181 667 1258 696 abest

376 719 494 749 Perdito
508 723 661 759 pernicies.

90 772 167 802 Ptin.
187 771 229 802 H.
249 771 297 801 N.·
316 770 387 801 Lib.
400 772 481 801 le.
503 772 595 809 praef.
629 780 768 811 „pessum
796 773 855 801 iere
870 773 948 801 vitae
960 771 1099 810 pretia.’'
1119 770 1202 800 abire
1220 777 1333 809 pessum
1359 778 1412 807 pro
1440 771 1485 798 ire
1499 777 1608 808 pessum

93 831 136 852 est
156 824 231 860 apud
250 824 345 853 Plaut.
371 823 460 852 Truc.
483 823 553 852 Act.
572 823 596 852 1.
621 824 672 852 Sc.
693 834 720 854 ιθ
741 832 788 854 vs.
809 831 855 858 15.

379 874 500 912 Quando
516 874 589 903 abiit
608 881 682 904 recte
699 882 806 913 pessum
826 881 886 903 tum
907 873 1025 903 adducit
1045 875 1151 903 sinum.

91 925 167 954 idem
189 926 294 955 Aulul.
321 925 462 955 Act.1V.
486 926 536 957 Se.
557 935 583 955 1.
606 935 652 956 vs.
675 935 719 955 ια.
745 947 761 962 ,,
779 935 812 954 ne
826 933 936 964 pessum
957 925 1071 954 abeat”
1094 931 1122 953 et
1142 924 1224 954 Rud.
1243 923 1313 954 Act.
1332 924 1371 953 II.
1389 923 1437 953 Sc.
1456 931 1483 960 3.
1504 924 1612 959 v5.64.

380 975 469 1005 Nunc
488 986 550 1005 eam
569 986 631 1005 cum
652 978 721 1006 navi
739 978 844 1005 scilicet
863 977 981 1006 abivisse
997 983 1106 1014 pessum
1126 977 1157 1003 in
1180 976 1284 1007 altum.

92 1035 126 1057 ex
153 1035 212 1063 quo
235 1028 303 1056 loco
332 1033 417 1064 patet-¹
425 1035 535 1066 pessum
556 1036 616 1056 non
637 1036 701 1056 esse
722 1027 886 1056 adverbium
901 1048 910 1062 ‚
938 1034 969 1055 ut
991 1026 1105 1062 quidam
1123 1028 1249 1061 volunt,
1271 1026 1321 1055 sed
1339 1025 1457 1054 omnino
1481 1025 1614 1054 substan·

91 1077 206 1115 tivum,
232 1078 330 1107 eodem
353 1079 441 1107 modo
463 1087 494 1107 ac
521 1087 621 1108 venum
648 1085 676 1107 et
695 1078 760 1108 alia.
783 1095 818 1102 —
838 1077 988 1107 Subsidere
1006 1084 1117 1116 pessum
1143 1077 1269 1106 occurrit
1289 1077 1365 1114 apud
1385 1076 1516 1106 Lucret:

379 1131 496 1159 Multae
511 1137 567 1168 per
585 1139 666 1158 mare
682 1137 792 1168 pessum
811 1128 954 1158 subsedere
977 1128 1074 1158 urbes.

130 1180 280 1219 Oppetens.
321 1180 442 1217 Saepius
467 1182 543 1217 apud
568 1181 696 1218 optimos
721 1181 880 1217 scriptores
905 1180 1025 1209 verbum
1043 1186 1169 1219 oppetere
1193 1178 1235 1208 sic
1254 1179 1386 1210 absolute
1413 1179 1533 1217 ponitur
1556 1189 1610 1217 pro

89 1237 216 1269 oppetere
239 1237 368 1262 mortem.
395 1232 481 1269 Virg.
501 1231 570 1262 Lib.
588 1233 611 1262 1.
634 1232 711 1261 Aen.
733 1240 779 1261 VS.
792 1232 846 1269 96.

634 1283 658 1311 O
678 1290 777 1321 terque
795 1289 951 1321 quaterque
969 1281 1047 1311 beati

379 1333 470 1371 Queis
488 1340 555 1363 ante
574 1343 626 1363 ora
641 1340 763 1373 patrum
775 1354 785 1371 ‚
807 1333 832 1362 T
830 1333 909 1371 rojae
927 1333 977 1363 sub
996 1332 1134 1363 moenibus
1153 1332 1222 1362 altis
1233 1353 1247 1368 ‚1

375 1385 501 1423 Contigit
521 1392 659 1425 oppetere.

88 1434 161 1465 Lib.
181 1435 250 1465 XII.
269 1444 317 1466 vs»
337 1443 405 1473 543.

376 1487 413 1516 Te
432 1497 538 1526 quoque
558 1487 719 1518 Laurentes
741 1486 875 1518 viderunt
886 1507 898 1525 ,
917 1486 1024 1524 Awle,
1043 1488 1139 1526 campi

377 1538 513 1578 Oppetere

88 1589 192 1619 ibidem
212 1599 259 1620 vs.
275 1591 345 1627 640.

375 1641 447 1671 Vidi
466 1642 555 1671 oeulos
574 1649 642 1672 ante
661 1644 719 1681 ipse
739 1653 810 1672 meos
829 1652 872 1672 me
890 1651 954 1671 voce
971 1649 1116 1672 vocantem

372 1692 553 1722 Murranum
566 1714 577 1730 ‚
598 1704 652 1732 quo
670 1705 724 1724 non
742 1700 859 1734 superat
878 1694 950 1722 mihi
967 1695 1066 1722 carior
1084 1692 1162 1721 alter
1175 1712 1190 1728 ‚

374 1744 511 1782 Oppetere
529 1746 670 1783 ingentem

86 1820 89 1823 .
126 1793 216 1824 Lavi.
256 1794 389 1824 Plautum
412 1804 494 1823 suum
521 1797 654 1832 sequitur
678 1797 707 1827 in
732 1798 788 1827 hoc
816 1805 872 1826 usu
897 1795 979 1826 verbi
1004 1795 1125 1831 tavare;
1145 1802 1210 1823 nam
1234 1793 1260 1823 is
1287 1792 1419 1822 similiter
1438 1792 1473 1821 de
1493 1791 1603 1821 lotione

89 1844 181 1876 tozius
206 1846 339 1883 corporis
366 1845 456 1874 utitur
475 1846 532 1874 hoc
552 1847 642 1882 verbo
662 1848 692 1877 in
713 1848 807 1877 Truc.
829 1851 896 1877 Act.
913 1847 954 1877 11.
976 1847 1024 1876 Sc.
1048 1855 1077 1883 3.
1100 1847 1197 1883 prInc.

369 1897 474 1926 Piseet's
494 1906 541 1934 ego
560 1897 663 1934 credo,
683 1901 734 1936 qut·
753 1908 838 1936 usque
855 1898 923 1927 dum
943 1901 1066 1932 vivunt,
1089 1897 1209 1929 lavant,

370 1948 472 1977 Minus
491 1948 542 1977 diu
561 1949 662 1978 lavare
680 1959 766 1987 quam
786 1949 854 1978 haee
873 1950 955 1978 lavat
974 1949 1171 1977 Phronesium.

369 2000 402 2029 Si
416 1999 537 2039 proinde
557 2008 692 2029 amentur
710 2001 860 2036 mulieres,
882 2000 933 2029 diu
953 2008 1038 2038 quam
1058 1999 1184 2034 lavant,

372 2051 473 2079 Omnes
492 2058 619 2080 amantes
638 2051 813 2081 balneatores
828 2050 915 2086 fient·
1045 2040 1049 2044 .

83 2112 252 2141 quamquam
272 2104 364 2133 Varro
384 2104 418 2132 de
441 2102 482 2132 L.
497 2102 538 2133 L.
567 2102 637 2134 Lib.
657 2105 743 2134 Vssl.
765 2103 794 2138 ς.
811 2104 860 2132 60.
882 2101 1066 2139 reprehendit
1087 2099 1244 2137 Plautum,
1261 2099 1359 2130 dicens
1381 2098 1483 2128 lavare
1504 2103 1532 2127 et
1552 2098 1601 2126 la-

777 2154 805 2183 D
827 2162 844 2190 3
1548 2156 1600 2179 va·
