1919 2511
271 164 313 193 26
552 158 838 198 JOANNIS
899 156 1214 188 HERMANI
1273 155 1495 188 KROON

272 245 395 275 interdiu
412 252 443 274 se
460 243 608 273 ostendere
625 252 685 272 non
708 242 846 278 audeant;
869 247 945 270 certe
962 240 1106 277 Ulpianus
1125 238 1195 270 Lib.
1216 240 1295 271 XXI.
1312 240 1401 273 Pand.
1421 240 1485 271 Tit.
1505 239 1778 279 deEvictionibus,

271 297 490 335 vespertilionem
508 303 609 329 vocat,
630 295 679 332 qui
700 294 778 331 quod
793 294 949 330 stipulatus
960 292 1006 322 *sit
1017 312 1029 328 ,
1040 300 1107 323 *non
1124 294 1230 323 solvat.

309 349 412 387 Sponte
442 354 630 377 revertuntur
653 353 710 377 cet.
759 344 959 381 Epimythium
987 344 1129 372 Graecum
1153 344 1240 382 hujus
1268 343 1380 373 fabulae
1405 353 1509 381 parum*
1529 350 1573 374 est
1599 345 1783 383 appositum,

273 402 354 438 quasi
369 401 470 430 doceat
494 400 607 434 fabula,
632 398 711 434 quod
734 397 764 426 in
790 396 946 432 proverbio
965 402 1029 423 est:
1052 395 1158 424 Asinus
1176 395 1218 424 ad
1232 395 1353 434 lapidem
1378 405 1431 424 non
1450 395 1491 425 bis
1510 394 1624 433 offendit
1641 396 1755 436 eundern
1767 418 1776 429 ‚

272 452 404 482 homines
422 460 452 480 se
468 451 502 480 ab
520 450 555 478 iis
574 458 675 478 cavere
692 448 721 477 in
744 456 814 483 quae
833 446 913 483 prius
935 445 1098 477 inciderint.
1139 446 1228 476 Paulo
1251 446 1354 476 melius
1371 447 1495 477 Faernus
1514 447 1585 478 hanc
1603 447 1715 478 fabulae
1735 447 1783 477 ad·

269 503 363 542 junxit
383 501 572 536 sententiam,
600 508 684 536 quam
706 499 792 529 Publ.
815 498 919 535 Syrius
939 496 981 525 sic
1002 497 1103 526 effert:

557 551 621 580 Cito
640 550 682 580 ad
700 556 839 579 naturam
854 547 928 584 ficta
949 548 1110 578 reciderint
1129 557 1226 580 suam.

267 608 333 636 vel:

555 653 770 684 Gravissimum
793 658 834 682 est
853 653 1009 691 imperium
1029 651 1257 682 consuetudinis·

269 708 347 745 quod
367 706 472 736 Horat.
500 704 571 734 Lib.
591 706 615 735 Ι.
643 706 729 742 epist.
754 713 800 734 ιο.
831 713 878 734 vs.
898 712 945 742 24.
973 703 1063 732 dixit:

556 756 710 785 Naturam
731 756 857 793 expellas
876 755 972 791 furea
984 774 995 790 ‚
1016 760 1115 783 tamen
1135 763 1223 792 usque
1242 760 1390 785 recurret.

266 812 290 840 si
312 819 406 840 tamen
424 809 514 838 dicam
526 829 536 844 ‚
560 808 639 843 quod
655 806 769 842 sentio,
791 813 851 835 tota
872 805 969 834 fabula
987 805 1083 842 inepta
1108 805 1223 836 videtur
1242 812 1269 835 et
1289 814 1389 843 parum
1409 806 1512 837 habere
1529 807 1680 837 acuminis.
1722 805 1780 836 Est

264 863 317 892 alia
336 862 432 891 fabula
450 860 560 890 Graeca
577 859 612 888 de
631 858 687 887 fele
704 857 735 887 in
757 856 891 887 feminam
910 863 1037 893 mutata,
1059 865 1152 895 quae,
1173 865 1239 886 cum
1262 863 1353 887 noctu
1371 867 1466 889 mures
1487 858 1619 895 audiret,
1641 858 1784 894 extemplo

265 914 401 952 prosiluit
417 922 432 943 e
447 915 524 943 lecto
542 918 569 940 et
587 911 630 940 sic
650 916 761 941 veteres
781 917 875 938 mores
894 907 1036 946 prodidit.

968 1013 1081 1025 —

643 1090 907 1122 FABULA
983 1088 1406 1123 DUODECIMA.

827 1185 976 1207 coxzmx
1009 1185 1054 1204 Er
1088 1185 1218 1206 carus.

545 1266 655 1295 Corm'x
677 1264 835 1294 Minervae
854 1262 1025 1300 sacrificans
1037 1283 1047 1299 ,
1069 1263 1161 1302 epulis
1181 1271 1283 1291 canem

552 1319 707 1348 Convivam
729 1317 883 1352 adhibuit,
906 1316 958 1345 ille
977 1316 1069 1344 amice
1089 1324 1151 1343 eam
1172 1320 1304 1343 monens.·

548 1369 574 1397 Ο
593 1369 686 1404 bona,
708 1367 782 1406 quid
799 1374 865 1405 opus
886 1372 926 1395 est
947 1373 1008 1396 tam
1032 1367 1087 1396 tibi
1106 1367 1207 1395 iratae
1227 1365 1309 1394 Deae

547 1420 585 1449 Te
603 1429 693 1449 sacra
706 1420 839 1455 facere?
855 1417 977 1456 perdis,
997 1419 1115 1456 inquit,
1137 1418 1285 1446 victimas.

548 1471 665 1506 Abjecit
684 1471 740 1500 illa
761 1477 810 1506 tc,
832 1476 860 1499 et
875 1469 1075 1508 peculiaribus

551 1522 669 1550 Omnem
685 1521 772 1558 fidem
793 1522 948 1559 abrogavit
969 1521 1106 1558 auguriis
1126 1520 1202 1551 tuis.

550 1574 592 1602 Tu
612 1579 709 1601 cetera
732 1583 769 1602 ex
788 1574 839 1602 hoc
858 1573 990 1609 conjice,
1012 1578 1039 1599 et
1061 1571 1209 1608 dijudica.

546 1626 617 1654 Tum
638 1634 773 1662 magnum
793 1624 830 1653 ab
850 1623 910 1653 alto
930 1622 1015 1652 corde
1035 1631 1123 1660 agens
1142 1621 1299 1659 suspirium

553 1676 684 1705 Cornix:
705 1677 782 1711 seio,
803 1676 919 1713 inquit,
940 1683 1015 1712 quae
1035 1674 1129 1710 refers
1150 1672 1185 1702 de
1207 1671 1269 1701 odio
1289 1670 1395 1708 Deae3

548 1727 614 1765 ‚Ego
634 1733 732 1755 tamen
752 1728 919 1765 neutiquam
940 1728 1067 1754 animum
1087 1723 1260 1762 despondeo:

553 1778 636 1819 Quin
650 1775 748 1817 potius
767 1777 802 1806 id
818 1786 890 1815 ago,
911 1783 943 1805 ut
964 1774 1177 1811 sacrificanda,
1199 1781 1228 1803 et
1247 1781 1371 1803 munera

552 1829 658 1858 Crebro
679 1828 840 1866 offerendo,
861 1829 987 1865 mitigem
1008 1830 1123 1856 iratam
1146 1825 1262 1862 Deam,

552 1880 797 1919 Offensioncmque
816 1880 966 1918 obsequela
988 1878 1110 1908 leniam.

546 1981 611 2018 ,Qut
629 1982 743 2011 vincere
762 1980 966 2011 adversarium
999 1990 1036 2010 ex
1059 1985 1123 2009 tuto
1142 1979 1244 2017 cupit,

557 2032 704 2068 Beneficiis
724 2039 751 2061 et
768 2033 874 2070 gratia
894 2039 985 2061 certet
1005 2032 1091 2061 bona.

303 2087 411 2117 Cornix
429 2092 455 2114 et
476 2084 572 2115 Canis.
617 2084 722 2114 Fabula
741 2085 847 2122 legitur
868 2084 898 2114 in
922 2085 1004 2120 vulg.
1029 2082 1108 2113 Coll.
1130 2081 1245 2119 Aesop.
1270 2078 1330 2110 No.
1347 2087 1396 2118 99.
1419 2085 1538 2114 eamque
1555 2085 1634 2108 more
1653 2085 1707 2106 suo
1728 2078 1787 2105 ele-

267 2146 362 2177 ganter
383 2136 545 2174 ampliavit.

1706 2177 1787 2216 Epu-
