<?xml version="1.0" encoding="UTF-8"?>
<!DOCTYPE html PUBLIC "-//W3C//DTD XHTML 1.0 Transitional//EN"
    "http://www.w3.org/TR/xhtml1/DTD/xhtml1-transitional.dtd">
<html xmlns="http://www.w3.org/1999/xhtml" xml:lang="en" lang="en">
 <head>
  <title>
</title>
<meta http-equiv="Content-Type" content="text/html;charset=utf-8" />
  <meta name='ocr-system' content='tesseract 3.04.00' />
  <meta name='ocr-capabilities' content='ocr_page ocr_carea ocr_par ocr_line ocrx_word'/>
</head>
<body>
  <div class='ocr_page' id='page_1' title='image "annalesacademiae24rijk_0117.png"; bbox 0 0 1919 2511; ppageno 0'>
   <div class='ocr_carea' id='block_1_1' title="bbox 613 131 1610 188">
    <p class='ocr_par' dir='ltr' id='par_1_1' title="bbox 613 131 1610 188">
     <span class='ocr_line' id='line_1_1' title="bbox 613 131 1610 188; baseline 0.003 -24"><span class='ocrx_word' id='word_1_1' title='bbox 613 131 1034 165; x_wconf 77' lang='lat' dir='ltr'>ADNoTATIO.</span> <span class='ocrx_word' id='word_1_2' title='bbox 1533 151 1610 188; x_wconf 37' lang='lat'>17¹</span> 
     </span>
    </p>
   </div>
   <div class='ocr_carea' id='block_1_2' title="bbox 61 221 1564 1846">
    <p class='ocr_par' dir='ltr' id='par_1_2' title="bbox 87 221 1564 414">
     <span class='ocr_line' id='line_1_2' title="bbox 92 221 1564 266; baseline 0 -10"><span class='ocrx_word' id='word_1_3' title='bbox 92 233 184 264; x_wconf 86' lang='lat' dir='ltr'>genus</span> <span class='ocrx_word' id='word_1_4' title='bbox 213 226 388 259; x_wconf 83' lang='lat' dir='ltr'>humanum,</span> <span class='ocrx_word' id='word_1_5' title='bbox 415 223 441 252; x_wconf 91' lang='lat' dir='ltr'>si</span> <span class='ocrx_word' id='word_1_6' title='bbox 466 222 496 252; x_wconf 91' lang='lat' dir='ltr'>in</span> <span class='ocrx_word' id='word_1_7' title='bbox 515 221 650 251; x_wconf 87' lang='lat' dir='ltr'>Paradiso</span> <span class='ocrx_word' id='word_1_8' title='bbox 669 221 726 250; x_wconf 88' lang='lat' dir='ltr'>Dei</span> <span class='ocrx_word' id='word_1_9' title='bbox 745 222 908 251; x_wconf 87' lang='lat' dir='ltr'>mandatum</span> <span class='ocrx_word' id='word_1_10' title='bbox 934 230 996 252; x_wconf 92' lang='lat' dir='ltr'>non</span> <span class='ocrx_word' id='word_1_11' title='bbox 1023 222 1233 259; x_wconf 79' lang='lat' dir='ltr'>praeteriisset:</span> <span class='ocrx_word' id='word_1_12' title='bbox 1261 225 1311 254; x_wconf 86' lang='lat' dir='ltr'>tali</span> <span class='ocrx_word' id='word_1_13' title='bbox 1333 226 1414 256; x_wconf 84' lang='lat' dir='ltr'>etiam</span> <span class='ocrx_word' id='word_1_14' title='bbox 1437 229 1499 266; x_wconf 86' lang='lat' dir='ltr'>lege</span> <span class='ocrx_word' id='word_1_15' title='bbox 1519 239 1564 260; x_wconf 90' lang='lat' dir='ltr'>re.</span> 
     </span>
     <span class='ocr_line' id='line_1_3' title="bbox 88 272 1560 314; baseline 0.003 -9"><span class='ocrx_word' id='word_1_16' title='bbox 88 277 207 314; x_wconf 85' lang='lat' dir='ltr'>gebatur</span> <span class='ocrx_word' id='word_1_17' title='bbox 229 276 399 312; x_wconf 83' lang='lat' dir='ltr'>synagoga,</span> <span class='ocrx_word' id='word_1_18' title='bbox 431 273 475 311; x_wconf 91' lang='lat' dir='ltr'>[i.</span> <span class='ocrx_word' id='word_1_19' title='bbox 496 283 523 304; x_wconf 87' lang='lat' dir='ltr'>e.</span> <span class='ocrx_word' id='word_1_20' title='bbox 552 274 684 309; x_wconf 88' lang='lat' dir='ltr'>Populus</span> <span class='ocrx_word' id='word_1_21' title='bbox 701 272 864 312; x_wconf 81' lang='lat' dir='ltr'>Judai’cus]</span> <span class='ocrx_word' id='word_1_22' title='bbox 891 274 960 302; x_wconf 86' lang='lat' dir='ltr'>dum</span> <span class='ocrx_word' id='word_1_23' title='bbox 984 275 1038 303; x_wconf 90' lang='lat' dir='ltr'>sub</span> <span class='ocrx_word' id='word_1_24' title='bbox 1064 277 1129 304; x_wconf 89' lang='lat' dir='ltr'>solo</span> <span class='ocrx_word' id='word_1_25' title='bbox 1154 277 1216 305; x_wconf 88' lang='lat' dir='ltr'>Deo</span> <span class='ocrx_word' id='word_1_26' title='bbox 1242 278 1339 314; x_wconf 83' lang='lat' dir='ltr'>Rege,</span> <span class='ocrx_word' id='word_1_27' title='bbox 1362 279 1412 314; x_wconf 89' lang='lat' dir='ltr'>qui</span> <span class='ocrx_word' id='word_1_28' title='bbox 1443 289 1501 309; x_wconf 89' lang='lat' dir='ltr'>eam</span> <span class='ocrx_word' id='word_1_29' title='bbox 1529 284 1560 313; x_wconf 87' lang='lat' dir='ltr'>in</span> 
     </span>
     <span class='ocr_line' id='line_1_4' title="bbox 87 323 1555 366; baseline 0.002 -9"><span class='ocrx_word' id='word_1_30' title='bbox 87 337 203 365; x_wconf 85' lang='lat' dir='ltr'>regnum</span> <span class='ocrx_word' id='word_1_31' title='bbox 229 328 371 364; x_wconf 84' lang='lat' dir='ltr'><strong>peculiare</strong></span> <span class='ocrx_word' id='word_1_32' title='bbox 395 326 547 362; x_wconf 84' lang='lat' dir='ltr'>adoptabat</span> <span class='ocrx_word' id='word_1_33' title='bbox 563 345 573 360; x_wconf 89' lang='lat'>,</span> <span class='ocrx_word' id='word_1_34' title='bbox 595 325 643 354; x_wconf 89' lang='lat' dir='ltr'>illa</span> <span class='ocrx_word' id='word_1_35' title='bbox 669 323 829 361; x_wconf 84' lang='lat' dir='ltr'>1nilitabat3</span> <span class='ocrx_word' id='word_1_36' title='bbox 851 325 1039 354; x_wconf 82' lang='lat' dir='ltr'>sed·demum</span> <span class='ocrx_word' id='word_1_37' title='bbox 1064 327 1127 364; x_wconf 86' lang='lat' dir='ltr'>ejus</span> <span class='ocrx_word' id='word_1_38' title='bbox 1153 327 1315 364; x_wconf 88' lang='lat' dir='ltr'>petitione,</span> <span class='ocrx_word' id='word_1_39' title='bbox 1335 329 1415 366; x_wconf 85' lang='lat' dir='ltr'>Rege</span> <span class='ocrx_word' id='word_1_40' title='bbox 1439 331 1555 362; x_wconf 90' lang='lat' dir='ltr'>homine</span> 
     </span>
     <span class='ocr_line' id='line_1_5' title="bbox 88 374 1300 414; baseline -0.001 -5"><span class='ocrx_word' id='word_1_41' title='bbox 88 380 145 409; x_wconf 89' lang='lat' dir='ltr'><strong>sibi</strong></span> <span class='ocrx_word' id='word_1_42' title='bbox 171 379 352 414; x_wconf 86' lang='lat' dir='ltr'>constituto,</span> <span class='ocrx_word' id='word_1_43' title='bbox 373 378 427 407; x_wconf 79' lang='lat' dir='ltr'>sub</span> <span class='ocrx_word' id='word_1_44' title='bbox 459 378 521 414; x_wconf 86' lang='lat' dir='ltr'>lege</span> <span class='ocrx_word' id='word_1_45' title='bbox 545 383 654 406; x_wconf 89' lang='lat' dir='ltr'>tantum</span> <span class='ocrx_word' id='word_1_46' title='bbox 677 374 780 411; x_wconf 79' lang='lat' dir='ltr'>Regali</span> <span class='ocrx_word' id='word_1_47' title='bbox 802 374 864 409; x_wconf 85' lang='lat' dir='ltr'>ipsa</span> <span class='ocrx_word' id='word_1_48' title='bbox 894 375 1028 412; x_wconf 85' lang='lat' dir='ltr'>deinceps</span> <span class='ocrx_word' id='word_1_49' title='bbox 1054 376 1201 407; x_wconf 83' lang='lat' dir='ltr'>humillata</span> <span class='ocrx_word' id='word_1_50' title='bbox 1220 379 1300 408; x_wconf 87' lang='lat' dir='ltr'>est.’&#39;</span> 
     </span>
    </p>

    <p class='ocr_par' dir='ltr' id='par_1_3' title="bbox 284 424 1018 463">
     <span class='ocr_line' id='line_1_6' title="bbox 284 424 1018 463; baseline -0.01 -3"><span class='ocrx_word' id='word_1_51' title='bbox 284 424 287 427; x_wconf 45' lang='lat'><strong>¹</strong></span> <span class='ocrx_word' id='word_1_52' title='bbox 629 428 730 458; x_wconf 76' lang='lat' dir='ltr'><strong>CAP.</strong></span> <span class='ocrx_word' id='word_1_53' title='bbox 758 425 841 454; x_wconf 82' lang='lat' dir='ltr'>XIV·</span> <span class='ocrx_word' id='word_1_54' title='bbox 882 426 958 463; x_wconf 83' lang='lat' dir='ltr'>Pag.</span> <span class='ocrx_word' id='word_1_55' title='bbox 986 436 1018 463; x_wconf 88' lang='lat'>9.</span> 
     </span>
    </p>

    <p class='ocr_par' dir='ltr' id='par_1_4' title="bbox 80 479 1562 981">
     <span class='ocr_line' id='line_1_7' title="bbox 125 479 1560 521; baseline 0.003 -11"><span class='ocrx_word' id='word_1_56' title='bbox 125 503 146 518; x_wconf 77' lang='lat'>,‚</span> <span class='ocrx_word' id='word_1_57' title='bbox 163 481 328 511; x_wconf 85' lang='lat' dir='ltr'>clarissime</span> <span class='ocrx_word' id='word_1_58' title='bbox 344 482 400 519; x_wconf 87' lang='lat' dir='ltr'>jam</span> <span class='ocrx_word' id='word_1_59' title='bbox 423 480 573 517; x_wconf 85' lang='lat' dir='ltr'>conspicio</span> <span class='ocrx_word' id='word_1_60' title='bbox 586 501 598 516; x_wconf 89' lang='lat'>,</span> <span class='ocrx_word' id='word_1_61' title='bbox 621 480 700 515; x_wconf 85' lang='lat' dir='ltr'>quod</span> <span class='ocrx_word' id='word_1_62' title='bbox 716 488 775 509; x_wconf 91' lang='lat' dir='ltr'>non</span> <span class='ocrx_word' id='word_1_63' title='bbox 792 479 848 509; x_wconf 83' lang='lat' dir='ltr'>alio</span> <span class='ocrx_word' id='word_1_64' title='bbox 867 488 953 517; x_wconf 85' lang='lat' dir='ltr'>pacto</span> <span class='ocrx_word' id='word_1_65' title='bbox 970 481 1051 511; x_wconf 86' lang='lat' dir='ltr'>Gens</span> <span class='ocrx_word' id='word_1_66' title='bbox 1071 482 1187 519; x_wconf 87' lang='lat' dir='ltr'>aliqua,</span> <span class='ocrx_word' id='word_1_67' title='bbox 1205 484 1325 520; x_wconf 84' lang='lat' dir='ltr'>proprio</span> <span class='ocrx_word' id='word_1_68' title='bbox 1344 484 1461 514; x_wconf 85' lang='lat' dir='ltr'>arbitrio</span> <span class='ocrx_word' id='word_1_69' title='bbox 1473 506 1483 521; x_wconf 91' lang='lat'>,</span> <span class='ocrx_word' id='word_1_70' title='bbox 1507 495 1560 515; x_wconf 76' lang='lat' dir='ltr'>un-</span> 
     </span>
     <span class='ocr_line' id='line_1_8' title="bbox 87 531 1562 576; baseline 0.002 -14"><span class='ocrx_word' id='word_1_71' title='bbox 87 543 168 570; x_wconf 86' lang='lat' dir='ltr'><strong>quam</strong></span> <span class='ocrx_word' id='word_1_72' title='bbox 187 543 218 562; x_wconf 89' lang='lat' dir='ltr'>se</span> <span class='ocrx_word' id='word_1_73' title='bbox 235 533 264 562; x_wconf 93' lang='lat' dir='ltr'>in</span> <span class='ocrx_word' id='word_1_74' title='bbox 282 542 372 570; x_wconf 85' lang='lat' dir='ltr'>regno</span> <span class='ocrx_word' id='word_1_75' title='bbox 392 533 580 570; x_wconf 83' lang='lat' dir='ltr'>corporavit,</span> <span class='ocrx_word' id='word_1_76' title='bbox 597 531 653 562; x_wconf 86' lang='lat' dir='ltr'>nisi</span> <span class='ocrx_word' id='word_1_77' title='bbox 670 537 702 559; x_wconf 91' lang='lat' dir='ltr'>ut</span> <span class='ocrx_word' id='word_1_78' title='bbox 721 539 772 567; x_wconf 85' lang='lat' dir='ltr'>per</span> <span class='ocrx_word' id='word_1_79' title='bbox 789 531 844 560; x_wconf 86' lang='lat' dir='ltr'>hoc</span> <span class='ocrx_word' id='word_1_80' title='bbox 861 540 891 560; x_wconf 81' lang='lat' dir='ltr'>se</span> <span class='ocrx_word' id='word_1_81' title='bbox 909 540 938 561; x_wconf 91' lang='lat' dir='ltr'>et</span> <span class='ocrx_word' id='word_1_82' title='bbox 955 542 1024 568; x_wconf 88' lang='lat' dir='ltr'>sua,</span> <span class='ocrx_word' id='word_1_83' title='bbox 1044 542 1164 569; x_wconf 87' lang='lat' dir='ltr'>quorum</span> <span class='ocrx_word' id='word_1_84' title='bbox 1185 535 1332 571; x_wconf 83' lang='lat' dir='ltr'>dispendia</span> <span class='ocrx_word' id='word_1_85' title='bbox 1349 535 1539 566; x_wconf 83' lang='lat' dir='ltr'>formidabant</span> <span class='ocrx_word' id='word_1_86' title='bbox 1552 561 1562 576; x_wconf 79' lang='lat'>‚</span> 
     </span>
     <span class='ocr_line' id='line_1_9' title="bbox 86 583 1557 624; baseline 0.002 -10"><span class='ocrx_word' id='word_1_87' title='bbox 86 585 176 614; x_wconf 85' lang='lat' dir='ltr'>tutius</span> <span class='ocrx_word' id='word_1_88' title='bbox 197 593 279 620; x_wconf 85' lang='lat' dir='ltr'>quam</span> <span class='ocrx_word' id='word_1_89' title='bbox 304 592 384 613; x_wconf 84' lang='lat' dir='ltr'>antea</span> <span class='ocrx_word' id='word_1_90' title='bbox 408 584 608 621; x_wconf 81' lang='lat' dir='ltr'>possiderent3</span> <span class='ocrx_word' id='word_1_91' title='bbox 625 583 709 619; x_wconf 80' lang='lat' dir='ltr'>quasi</span> <span class='ocrx_word' id='word_1_92' title='bbox 724 583 769 619; x_wconf 86' lang='lat' dir='ltr'>(l.</span> <span class='ocrx_word' id='word_1_93' title='bbox 784 583 884 620; x_wconf 85' lang='lat' dir='ltr'>quali)</span> <span class='ocrx_word' id='word_1_94' title='bbox 901 585 1056 620; x_wconf 87' lang='lat' dir='ltr'>proposito</span> <span class='ocrx_word' id='word_1_95' title='bbox 1074 584 1156 614; x_wconf 91' lang='lat' dir='ltr'>Gens</span> <span class='ocrx_word' id='word_1_96' title='bbox 1174 586 1339 623; x_wconf 82' lang='lat' dir='ltr'>hujusmodi</span> <span class='ocrx_word' id='word_1_97' title='bbox 1355 586 1534 617; x_wconf 82' lang='lat' dir='ltr'>fraudaretur</span> <span class='ocrx_word' id='word_1_98' title='bbox 1546 608 1557 624; x_wconf 90' lang='lat'><em>‚</em></span> 
     </span>
     <span class='ocr_line' id='line_1_10' title="bbox 85 634 1559 672; baseline 0.001 -7"><span class='ocrx_word' id='word_1_99' title='bbox 85 636 109 665; x_wconf 87' lang='lat' dir='ltr'>si</span> <span class='ocrx_word' id='word_1_100' title='bbox 130 637 229 665; x_wconf 81' lang='lat' dir='ltr'>exinde</span> <span class='ocrx_word' id='word_1_101' title='bbox 256 635 406 664; x_wconf 85' lang='lat' dir='ltr'>facultates</span> <span class='ocrx_word' id='word_1_102' title='bbox 432 644 531 664; x_wconf 87' lang='lat' dir='ltr'>eorum</span> <span class='ocrx_word' id='word_1_103' title='bbox 561 636 669 671; x_wconf 74' lang='lat' dir='ltr'>eripere</span> <span class='ocrx_word' id='word_1_104' title='bbox 694 634 786 670; x_wconf 83' lang='lat' dir='ltr'>possit</span> <span class='ocrx_word' id='word_1_105' title='bbox 809 634 876 664; x_wconf 82' lang='lat' dir='ltr'>R-ex</span> <span class='ocrx_word' id='word_1_106' title='bbox 899 645 991 671; x_wconf 85' lang='lat' dir='ltr'>suus,</span> <span class='ocrx_word' id='word_1_107' title='bbox 1015 636 1094 672; x_wconf 86' lang='lat' dir='ltr'>quod</span> <span class='ocrx_word' id='word_1_108' title='bbox 1116 643 1196 665; x_wconf 88' lang='lat' dir='ltr'>antea</span> <span class='ocrx_word' id='word_1_109' title='bbox 1214 635 1307 665; x_wconf 88' lang='lat' dir='ltr'>facere</span> <span class='ocrx_word' id='word_1_110' title='bbox 1328 638 1379 666; x_wconf 87' lang='lat' dir='ltr'>ulli</span> <span class='ocrx_word' id='word_1_111' title='bbox 1402 639 1559 668; x_wconf 84' lang='lat' dir='ltr'>Hominum</span> 
     </span>
     <span class='ocr_line' id='line_1_11' title="bbox 83 686 1552 726; baseline 0.001 -10"><span class='ocrx_word' id='word_1_112' title='bbox 83 695 141 716; x_wconf 88' lang='lat' dir='ltr'>non</span> <span class='ocrx_word' id='word_1_113' title='bbox 171 686 285 715; x_wconf 84' lang='lat' dir='ltr'>licebat.</span> <span class='ocrx_word' id='word_1_114' title='bbox 333 687 375 715; x_wconf 90' lang='lat' dir='ltr'>Et</span> <span class='ocrx_word' id='word_1_115' title='bbox 398 687 489 715; x_wconf 89' lang='lat' dir='ltr'>adhuc</span> <span class='ocrx_word' id='word_1_116' title='bbox 515 686 629 723; x_wconf 88' lang='lat' dir='ltr'>gravius</span> <span class='ocrx_word' id='word_1_117' title='bbox 652 687 745 715; x_wconf 82' lang='lat' dir='ltr'>multo</span> <span class='ocrx_word' id='word_1_118' title='bbox 765 686 897 722; x_wconf 80' lang='lat' dir='ltr'>Populus</span> <span class='ocrx_word' id='word_1_119' title='bbox 920 688 984 717; x_wconf 89' lang='lat' dir='ltr'>talis</span> <span class='ocrx_word' id='word_1_120' title='bbox 1009 688 1183 723; x_wconf 80' lang='lat' dir='ltr'>laederetur,</span> <span class='ocrx_word' id='word_1_121' title='bbox 1214 688 1239 716; x_wconf 87' lang='lat' dir='ltr'>si</span> <span class='ocrx_word' id='word_1_122' title='bbox 1265 688 1366 717; x_wconf 87' lang='lat' dir='ltr'>deinde</span> <span class='ocrx_word' id='word_1_123' title='bbox 1394 690 1552 726; x_wconf 82' lang='lat' dir='ltr'>peregrinis</span> 
     </span>
     <span class='ocr_line' id='line_1_12' title="bbox 83 737 1556 775; baseline 0.003 -9"><span class='ocrx_word' id='word_1_124' title='bbox 83 737 217 773; x_wconf 87' lang='lat' dir='ltr'>legibus,</span> <span class='ocrx_word' id='word_1_125' title='bbox 243 738 325 766; x_wconf 87' lang='lat' dir='ltr'>etiam</span> <span class='ocrx_word' id='word_1_126' title='bbox 345 737 417 774; x_wconf 88' lang='lat' dir='ltr'>ipsis</span> <span class='ocrx_word' id='word_1_127' title='bbox 443 737 566 767; x_wconf 83' lang='lat' dir='ltr'>forsitan</span> <span class='ocrx_word' id='word_1_128' title='bbox 589 738 708 774; x_wconf 79' lang='lat' dir='ltr'>exosis,</span> <span class='ocrx_word' id='word_1_129' title='bbox 735 745 914 774; x_wconf 84' lang='lat' dir='ltr'>regerentur.</span> <span class='ocrx_word' id='word_1_130' title='bbox 962 739 1003 768; x_wconf 87' lang='lat' dir='ltr'>Et</span> <span class='ocrx_word' id='word_1_131' title='bbox 1028 739 1170 774; x_wconf 83' lang='lat' dir='ltr'>maxime,</span> <span class='ocrx_word' id='word_1_132' title='bbox 1193 739 1218 767; x_wconf 87' lang='lat' dir='ltr'>si</span> <span class='ocrx_word' id='word_1_133' title='bbox 1237 739 1349 775; x_wconf 86' lang='lat' dir='ltr'>legibus</span> <span class='ocrx_word' id='word_1_134' title='bbox 1374 740 1432 769; x_wconf 89' lang='lat' dir='ltr'>illis</span> <span class='ocrx_word' id='word_1_135' title='bbox 1458 750 1556 771; x_wconf 90' lang='lat' dir='ltr'>eorum</span> 
     </span>
     <span class='ocr_line' id='line_1_13' title="bbox 83 787 1557 827; baseline 0.004 -12"><span class='ocrx_word' id='word_1_136' title='bbox 83 787 271 816; x_wconf 85' lang='lat' dir='ltr'>minoraretur</span> <span class='ocrx_word' id='word_1_137' title='bbox 294 789 474 824; x_wconf 88' lang='lat' dir='ltr'>substantia,</span> <span class='ocrx_word' id='word_1_138' title='bbox 499 798 553 825; x_wconf 89' lang='lat' dir='ltr'>pro</span> <span class='ocrx_word' id='word_1_139' title='bbox 579 790 663 826; x_wconf 88' lang='lat' dir='ltr'>cujus</span> <span class='ocrx_word' id='word_1_140' title='bbox 689 789 805 818; x_wconf 74' lang='lat' dir='ltr'>vitanda</span> <span class='ocrx_word' id='word_1_141' title='bbox 826 791 956 827; x_wconf 65' lang='lat' dir='ltr'>jactura,</span> <span class='ocrx_word' id='word_1_142' title='bbox 983 797 1016 820; x_wconf 86' lang='lat' dir='ltr'>ut</span> <span class='ocrx_word' id='word_1_143' title='bbox 1044 800 1098 827; x_wconf 89' lang='lat' dir='ltr'>pro</span> <span class='ocrx_word' id='word_1_144' title='bbox 1120 799 1238 819; x_wconf 89' lang='lat' dir='ltr'>suorum</span> <span class='ocrx_word' id='word_1_145' title='bbox 1266 792 1355 819; x_wconf 69' lang='lat' dir='ltr'>tutela</span> <span class='ocrx_word' id='word_1_146' title='bbox 1380 800 1532 827; x_wconf 88' lang='lat' dir='ltr'>corporum</span> <span class='ocrx_word' id='word_1_147' title='bbox 1547 814 1557 826; x_wconf 97' lang='lat'>,</span> 
     </span>
     <span class='ocr_line' id='line_1_14' title="bbox 83 839 1557 877; baseline 0.003 -10"><span class='ocrx_word' id='word_1_148' title='bbox 83 839 139 876; x_wconf 88' lang='lat' dir='ltr'>ipsi</span> <span class='ocrx_word' id='word_1_149' title='bbox 165 848 196 867; x_wconf 90' lang='lat' dir='ltr'>se</span> <span class='ocrx_word' id='word_1_150' title='bbox 219 840 307 876; x_wconf 83' lang='lat' dir='ltr'>Regis</span> <span class='ocrx_word' id='word_1_151' title='bbox 327 840 466 875; x_wconf 86' lang='lat' dir='ltr'>imperio,</span> <span class='ocrx_word' id='word_1_152' title='bbox 489 840 609 869; x_wconf 87' lang='lat' dir='ltr'>arbitrio</span> <span class='ocrx_word' id='word_1_153' title='bbox 631 840 751 877; x_wconf 78' lang='lat' dir='ltr'>proprio</span> <span class='ocrx_word' id='word_1_154' title='bbox 776 841 991 870; x_wconf 84' lang='lat' dir='ltr'>submiserunt:</span> <span class='ocrx_word' id='word_1_155' title='bbox 1024 850 1084 870; x_wconf 91' lang='lat' dir='ltr'>non</span> <span class='ocrx_word' id='word_1_156' title='bbox 1111 841 1206 877; x_wconf 87' lang='lat' dir='ltr'>potuit</span> <span class='ocrx_word' id='word_1_157' title='bbox 1227 849 1324 869; x_wconf 84' lang='lat' dir='ltr'>revera</span> <span class='ocrx_word' id='word_1_158' title='bbox 1351 848 1478 877; x_wconf 88' lang='lat' dir='ltr'>potestas</span> <span class='ocrx_word' id='word_1_159' title='bbox 1503 843 1557 871; x_wconf 90' lang='lat' dir='ltr'>hu-</span> 
     </span>
     <span class='ocr_line' id='line_1_15' title="bbox 80 888 1553 930; baseline 0.003 -13"><span class='ocrx_word' id='word_1_160' title='bbox 80 890 205 927; x_wconf 82' lang='lat' dir='ltr'>jusmodi</span> <span class='ocrx_word' id='word_1_161' title='bbox 234 890 269 917; x_wconf 87' lang='lat' dir='ltr'>ab</span> <span class='ocrx_word' id='word_1_162' title='bbox 302 888 372 924; x_wconf 84' lang='lat' dir='ltr'>ipsis</span> <span class='ocrx_word' id='word_1_163' title='bbox 397 891 548 927; x_wconf 80' lang='lat' dir='ltr'>erupisse;</span> <span class='ocrx_word' id='word_1_164' title='bbox 575 897 605 919; x_wconf 83' lang='lat' dir='ltr'>et</span> <span class='ocrx_word' id='word_1_165' title='bbox 631 897 724 920; x_wconf 87' lang='lat' dir='ltr'>tamen</span> <span class='ocrx_word' id='word_1_166' title='bbox 754 891 779 920; x_wconf 89' lang='lat' dir='ltr'>si</span> <span class='ocrx_word' id='word_1_167' title='bbox 804 900 863 921; x_wconf 91' lang='lat' dir='ltr'>non</span> <span class='ocrx_word' id='word_1_168' title='bbox 893 892 927 920; x_wconf 89' lang='lat' dir='ltr'>ab</span> <span class='ocrx_word' id='word_1_169' title='bbox 955 892 1048 928; x_wconf 86' lang='lat' dir='ltr'>ipsis,</span> <span class='ocrx_word' id='word_1_170' title='bbox 1080 893 1145 920; x_wconf 85' lang='lat' dir='ltr'>Rex</span> <span class='ocrx_word' id='word_1_171' title='bbox 1165 892 1331 929; x_wconf 87' lang='lat' dir='ltr'>hujusmodi</span> <span class='ocrx_word' id='word_1_172' title='bbox 1352 901 1448 929; x_wconf 22' lang='lat' dir='ltr'>,super</span> <span class='ocrx_word' id='word_1_173' title='bbox 1471 894 1553 930; x_wconf 88' lang='lat' dir='ltr'>ipsos</span> 
     </span>
     <span class='ocr_line' id='line_1_16' title="bbox 81 939 1556 981; baseline 0.003 -12"><span class='ocrx_word' id='word_1_174' title='bbox 81 940 186 969; x_wconf 79' lang='lat' dir='ltr'>nullam</span> <span class='ocrx_word' id='word_1_175' title='bbox 211 939 354 968; x_wconf 86' lang='lat' dir='ltr'>obtineret</span> <span class='ocrx_word' id='word_1_176' title='bbox 375 946 559 974; x_wconf 86' lang='lat' dir='ltr'>potestatem.</span> <span class='ocrx_word' id='word_1_177' title='bbox 601 940 627 969; x_wconf 89' lang='lat' dir='ltr'><strong>E</strong></span> <span class='ocrx_word' id='word_1_178' title='bbox 649 940 788 977; x_wconf 85' lang='lat' dir='ltr'>regione,</span> <span class='ocrx_word' id='word_1_179' title='bbox 811 941 891 970; x_wconf 85' lang='lat' dir='ltr'>aliter</span> <span class='ocrx_word' id='word_1_180' title='bbox 917 951 980 971; x_wconf 85' lang='lat' dir='ltr'>esse</span> <span class='ocrx_word' id='word_1_181' title='bbox 1003 942 1138 978; x_wconf 83' lang='lat' dir='ltr'>concipio</span> <span class='ocrx_word' id='word_1_182' title='bbox 1159 943 1194 971; x_wconf 90' lang='lat' dir='ltr'>de</span> <span class='ocrx_word' id='word_1_183' title='bbox 1219 951 1332 979; x_wconf 85' lang='lat' dir='ltr'>regno,</span> <span class='ocrx_word' id='word_1_184' title='bbox 1362 944 1440 979; x_wconf 89' lang='lat' dir='ltr'>quod</span> <span class='ocrx_word' id='word_1_185' title='bbox 1464 944 1556 981; x_wconf 87' lang='lat' dir='ltr'>Regis</span> 
     </span>
    </p>

    <p class='ocr_par' dir='ltr' id='par_1_5' title="bbox 61 989 1558 1594">
     <span class='ocr_line' id='line_1_17' title="bbox 61 989 1558 1030; baseline 0.004 -12"><span class='ocrx_word' id='word_1_186' title='bbox 61 1015 62 1019; x_wconf 75' lang='grc'>,</span> <span class='ocrx_word' id='word_1_187' title='bbox 81 991 175 1018; x_wconf 89' lang='lat' dir='ltr'>solum</span> <span class='ocrx_word' id='word_1_188' title='bbox 198 989 368 1018; x_wconf 85' lang='lat' dir='ltr'>auctoritate</span> <span class='ocrx_word' id='word_1_189' title='bbox 386 997 415 1018; x_wconf 87' lang='lat' dir='ltr'>et</span> <span class='ocrx_word' id='word_1_190' title='bbox 435 991 567 1026; x_wconf 76' lang='lat' dir='ltr'>potentia</span> <span class='ocrx_word' id='word_1_191' title='bbox 591 992 806 1028; x_wconf 86' lang='lat' dir='ltr'>incorporatum</span> <span class='ocrx_word' id='word_1_192' title='bbox 827 999 890 1029; x_wconf 67' lang='grc' dir='ltr'>θεῖς,</span> <span class='ocrx_word' id='word_1_193' title='bbox 915 993 1057 1029; x_wconf 83' lang='lat' dir='ltr'>quianon</span> <span class='ocrx_word' id='word_1_194' title='bbox 1076 994 1132 1022; x_wconf 90' lang='lat' dir='ltr'>alio</span> <span class='ocrx_word' id='word_1_195' title='bbox 1151 1000 1234 1030; x_wconf 88' lang='lat' dir='ltr'>pacto</span> <span class='ocrx_word' id='word_1_196' title='bbox 1256 994 1337 1023; x_wconf 88' lang='lat' dir='ltr'>Gens</span> <span class='ocrx_word' id='word_1_197' title='bbox 1360 994 1424 1023; x_wconf 87' lang='lat' dir='ltr'>talis</span> <span class='ocrx_word' id='word_1_198' title='bbox 1445 995 1470 1024; x_wconf 92' lang='lat' dir='ltr'>ei</span> <span class='ocrx_word' id='word_1_199' title='bbox 1487 995 1558 1024; x_wconf 88' lang='lat' dir='ltr'>sub·</span> 
     </span>
     <span class='ocr_line' id='line_1_18' title="bbox 79 1041 1556 1083; baseline 0.003 -13"><span class='ocrx_word' id='word_1_200' title='bbox 79 1042 154 1079; x_wconf 84' lang='lat' dir='ltr'>jecta</span> <span class='ocrx_word' id='word_1_201' title='bbox 178 1047 241 1077; x_wconf 86' lang='lat' dir='ltr'>est,</span> <span class='ocrx_word' id='word_1_202' title='bbox 263 1041 321 1071; x_wconf 89' lang='lat' dir='ltr'>nisi</span> <span class='ocrx_word' id='word_1_203' title='bbox 341 1047 372 1069; x_wconf 83' lang='lat' dir='ltr'>ut</span> <span class='ocrx_word' id='word_1_204' title='bbox 390 1042 451 1079; x_wconf 84' lang='lat' dir='ltr'>ejus</span> <span class='ocrx_word' id='word_1_205' title='bbox 474 1042 588 1080; x_wconf 81' lang='lat' dir='ltr'>leg-ibus</span> <span class='ocrx_word' id='word_1_206' title='bbox 602 1063 612 1079; x_wconf 89' lang='lat'>,</span> <span class='ocrx_word' id='word_1_207' title='bbox 636 1052 708 1080; x_wconf 90' lang='lat' dir='ltr'>quae</span> <span class='ocrx_word' id='word_1_208' title='bbox 728 1049 796 1073; x_wconf 90' lang='lat' dir='ltr'>sunt</span> <span class='ocrx_word' id='word_1_209' title='bbox 819 1043 898 1073; x_wconf 87' lang='lat' dir='ltr'>illius</span> <span class='ocrx_word' id='word_1_210' title='bbox 923 1044 1048 1080; x_wconf 83' lang='lat' dir='ltr'>placita,</span> <span class='ocrx_word' id='word_1_211' title='bbox 1069 1044 1152 1074; x_wconf 85' lang='lat' dir='ltr'>Gens</span> <span class='ocrx_word' id='word_1_212' title='bbox 1174 1045 1236 1081; x_wconf 85' lang='lat' dir='ltr'>ipsa</span> <span class='ocrx_word' id='word_1_213' title='bbox 1252 1065 1261 1080; x_wconf 89' lang='lat'>,</span> <span class='ocrx_word' id='word_1_214' title='bbox 1284 1054 1355 1081; x_wconf 88' lang='lat' dir='ltr'>quae</span> <span class='ocrx_word' id='word_1_215' title='bbox 1375 1045 1472 1075; x_wconf 88' lang='lat' dir='ltr'>eodem</span> <span class='ocrx_word' id='word_1_216' title='bbox 1495 1048 1556 1083; x_wconf 87' lang='lat' dir='ltr'>pla-</span> 
     </span>
     <span class='ocr_line' id='line_1_19' title="bbox 80 1092 1556 1135; baseline 0.005 -14"><span class='ocrx_word' id='word_1_217' title='bbox 80 1093 139 1121; x_wconf 87' lang='lat' dir='ltr'>cito</span> <span class='ocrx_word' id='word_1_218' title='bbox 156 1092 290 1129; x_wconf 84' lang='lat' dir='ltr'>Regnum</span> <span class='ocrx_word' id='word_1_219' title='bbox 306 1094 366 1130; x_wconf 83' lang='lat' dir='ltr'>eJ&#39;us</span> <span class='ocrx_word' id='word_1_220' title='bbox 386 1092 485 1122; x_wconf 82' lang='lat' dir='ltr'>effecta</span> <span class='ocrx_word' id='word_1_221' title='bbox 501 1100 561 1126; x_wconf 89' lang='lat' dir='ltr'>est,</span> <span class='ocrx_word' id='word_1_222' title='bbox 583 1094 794 1131; x_wconf 88' lang='lat' dir='ltr'>obtemperaret</span> <span class='ocrx_word' id='word_1_223' title='bbox 813 1104 840 1126; x_wconf 92' lang='lat' dir='ltr'>et</span> <span class='ocrx_word' id='word_1_224' title='bbox 857 1105 1016 1135; x_wconf 86' lang='lat' dir='ltr'>regeretur.</span> <span class='ocrx_word' id='word_1_225' title='bbox 1039 1115 1076 1120; x_wconf 94' lang='lat'>—-</span> <span class='ocrx_word' id='word_1_226' title='bbox 1095 1098 1202 1134; x_wconf 87' lang='lat' dir='ltr'>Neque</span> <span class='ocrx_word' id='word_1_227' title='bbox 1214 1118 1224 1134; x_wconf 91' lang='lat'>,</span> <span class='ocrx_word' id='word_1_228' title='bbox 1243 1098 1436 1128; x_wconf 84' lang='lat' dir='ltr'>Cancellarie!</span> <span class='ocrx_word' id='word_1_229' title='bbox 1458 1108 1473 1128; x_wconf 85' lang='lat' dir='ltr'>a</span> <span class='ocrx_word' id='word_1_230' title='bbox 1494 1100 1556 1128; x_wconf 65' lang='lat' dir='ltr'>mea</span> 
     </span>
     <span class='ocr_line' id='line_1_20' title="bbox 80 1144 1551 1187; baseline 0.004 -15"><span class='ocrx_word' id='word_1_231' title='bbox 80 1144 232 1180; x_wconf 79' lang='lat' dir='ltr'>hucusque</span> <span class='ocrx_word' id='word_1_232' title='bbox 251 1144 387 1173; x_wconf 69' lang='lat' dir='ltr'>memoria</span> <span class='ocrx_word' id='word_1_233' title='bbox 402 1146 534 1181; x_wconf 81' lang='lat' dir='ltr'>elapsum</span> <span class='ocrx_word' id='word_1_234' title='bbox 551 1152 614 1182; x_wconf 87' lang='lat' dir='ltr'>est,</span> <span class='ocrx_word' id='word_1_235' title='bbox 639 1149 717 1183; x_wconf 91' lang='lat' dir='ltr'>quod</span> <span class='ocrx_word' id='word_1_236' title='bbox 740 1149 809 1178; x_wconf 88' lang='lat' dir='ltr'>alias</span> <span class='ocrx_word' id='word_1_237' title='bbox 831 1149 861 1179; x_wconf 88' lang='lat' dir='ltr'>in</span> <span class='ocrx_word' id='word_1_238' title='bbox 881 1156 1002 1179; x_wconf 82' lang='lat' dir='ltr'>tractatu</span> <span class='ocrx_word' id='word_1_239' title='bbox 1023 1150 1059 1179; x_wconf 88' lang='lat' dir='ltr'>de</span> <span class='ocrx_word' id='word_1_240' title='bbox 1077 1149 1189 1178; x_wconf 68' lang='lat' dir='ltr'>Natura</span> <span class='ocrx_word' id='word_1_241' title='bbox 1209 1149 1297 1186; x_wconf 78' lang='lat' dir='ltr'>Leg1s</span> <span class='ocrx_word' id='word_1_242' title='bbox 1317 1150 1446 1179; x_wconf 83' lang='lat' dir='ltr'>Naturae</span> <span class='ocrx_word' id='word_1_243' title='bbox 1466 1150 1481 1187; x_wconf 94' lang='lat'>(</span> <span class='ocrx_word' id='word_1_244' title='bbox 1492 1150 1551 1186; x_wconf 81' lang='lat'>*)‚</span> 
     </span>
     <span class='ocr_line' id='line_1_21' title="bbox 80 1194 1552 1236; baseline 0.005 -12"><span class='ocrx_word' id='word_1_245' title='bbox 80 1194 183 1224; x_wconf 80' lang='lat' dir='ltr'>horum</span> <span class='ocrx_word' id='word_1_246' title='bbox 209 1196 332 1224; x_wconf 86' lang='lat' dir='ltr'>duorum</span> <span class='ocrx_word' id='word_1_247' title='bbox 364 1196 479 1233; x_wconf 86' lang='lat' dir='ltr'>Regum</span> <span class='ocrx_word' id='word_1_248' title='bbox 507 1199 652 1232; x_wconf 84' lang='lat' dir='ltr'>aequalem</span> <span class='ocrx_word' id='word_1_249' title='bbox 682 1207 744 1228; x_wconf 90' lang='lat' dir='ltr'>esse</span> <span class='ocrx_word' id='word_1_250' title='bbox 776 1201 933 1236; x_wconf 81' lang='lat' dir='ltr'>potentiam</span> <span class='ocrx_word' id='word_1_251' title='bbox 968 1202 1061 1231; x_wconf 89' lang='lat' dir='ltr'>doctis</span> <span class='ocrx_word' id='word_1_252' title='bbox 1094 1201 1253 1231; x_wconf 82' lang='lat' dir='ltr'>rationibus</span> <span class='ocrx_word' id='word_1_253' title='bbox 1284 1202 1453 1232; x_wconf 88' lang='lat' dir='ltr'>ostendisti:</span> <span class='ocrx_word' id='word_1_254' title='bbox 1484 1203 1552 1232; x_wconf 88' lang='lat' dir='ltr'>dum</span> 
     </span>
     <span class='ocr_line' id='line_1_22' title="bbox 78 1245 1551 1291; baseline 0.005 -17"><span class='ocrx_word' id='word_1_255' title='bbox 78 1245 231 1282; x_wconf 86' lang='lat' dir='ltr'>Potestas,</span> <span class='ocrx_word' id='word_1_256' title='bbox 261 1247 319 1282; x_wconf 69' lang='lat' dir='ltr'>qua</span> <span class='ocrx_word' id='word_1_257' title='bbox 347 1255 445 1276; x_wconf 85' lang='lat' dir='ltr'>eorum</span> <span class='ocrx_word' id='word_1_258' title='bbox 467 1248 538 1277; x_wconf 80' lang='lat' dir='ltr'>alter</span> <span class='ocrx_word' id='word_1_259' title='bbox 557 1257 705 1286; x_wconf 84' lang='lat' dir='ltr'>perperam</span> <span class='ocrx_word' id='word_1_260' title='bbox 733 1260 816 1288; x_wconf 87' lang='lat' dir='ltr'>agere</span> <span class='ocrx_word' id='word_1_261' title='bbox 841 1253 914 1282; x_wconf 90' lang='lat' dir='ltr'>liber</span> <span class='ocrx_word' id='word_1_262' title='bbox 939 1259 1004 1290; x_wconf 77' lang='lat' dir='ltr'>est,</span> <span class='ocrx_word' id='word_1_263' title='bbox 1036 1252 1167 1285; x_wconf 86' lang='lat' dir='ltr'>libertate</span> <span class='ocrx_word' id='word_1_264' title='bbox 1192 1253 1359 1291; x_wconf 76' lang='lat' dir='ltr'>hujusmodi</span> <span class='ocrx_word' id='word_1_265' title='bbox 1382 1262 1551 1290; x_wconf 79' lang='lat' dir='ltr'>nonauge-</span> 
     </span>
     <span class='ocr_line' id='line_1_23' title="bbox 78 1299 1551 1340; baseline 0.007 -16"><span class='ocrx_word' id='word_1_266' title='bbox 78 1302 147 1332; x_wconf 71' lang='lat' dir='ltr'>tur,</span> <span class='ocrx_word' id='word_1_267' title='bbox 171 1303 203 1324; x_wconf 92' lang='lat' dir='ltr'>ut</span> <span class='ocrx_word' id='word_1_268' title='bbox 225 1305 311 1332; x_wconf 82' lang='lat' dir='ltr'>posse</span> <span class='ocrx_word' id='word_1_269' title='bbox 337 1299 522 1334; x_wconf 84' lang='lat' dir='ltr'>languescere</span> <span class='ocrx_word' id='word_1_270' title='bbox 544 1299 678 1336; x_wconf 84' lang='lat' dir='ltr'>morive,</span> <span class='ocrx_word' id='word_1_271' title='bbox 700 1303 830 1338; x_wconf 82' lang='lat' dir='ltr'>potentia</span> <span class='ocrx_word' id='word_1_272' title='bbox 856 1313 916 1333; x_wconf 89' lang='lat' dir='ltr'>non</span> <span class='ocrx_word' id='word_1_273' title='bbox 942 1310 1005 1338; x_wconf 86' lang='lat' dir='ltr'>est,</span> <span class='ocrx_word' id='word_1_274' title='bbox 1035 1304 1085 1333; x_wconf 87' lang='lat' dir='ltr'>sed</span> <span class='ocrx_word' id='word_1_275' title='bbox 1110 1311 1227 1340; x_wconf 87' lang='lat' dir='ltr'>propter</span> <span class='ocrx_word' id='word_1_276' title='bbox 1250 1304 1425 1339; x_wconf 83' lang='lat' dir='ltr'>privationes</span> <span class='ocrx_word' id='word_1_277' title='bbox 1450 1305 1480 1336; x_wconf 74' lang='lat' dir='ltr'>In</span> <span class='ocrx_word' id='word_1_278' title='bbox 1502 1306 1551 1334; x_wconf 84' lang='lat' dir='ltr'>ad-</span> 
     </span>
     <span class='ocr_line' id='line_1_24' title="bbox 80 1351 1550 1393; baseline 0.005 -15"><span class='ocrx_word' id='word_1_279' title='bbox 80 1352 156 1388; x_wconf 72' lang='lat' dir='ltr'>iecto</span> <span class='ocrx_word' id='word_1_280' title='bbox 168 1370 179 1386; x_wconf 87' lang='lat'>,</span> <span class='ocrx_word' id='word_1_281' title='bbox 201 1351 373 1387; x_wconf 72' lang='lat' dir='ltr'>impotentia</span> <span class='ocrx_word' id='word_1_282' title='bbox 392 1352 490 1388; x_wconf 87' lang='lat' dir='ltr'>potius</span> <span class='ocrx_word' id='word_1_283' title='bbox 510 1352 758 1384; x_wconf 84' lang='lat' dir='ltr'>denominandum.</span> <span class='ocrx_word' id='word_1_284' title='bbox 800 1355 876 1393; x_wconf 84' lang='lat' dir='ltr'>Quia</span> <span class='ocrx_word' id='word_1_285' title='bbox 889 1375 899 1391; x_wconf 90' lang='lat'><strong>‚</strong></span> <span class='ocrx_word' id='word_1_286' title='bbox 922 1361 956 1383; x_wconf 90' lang='lat' dir='ltr'>ut</span> <span class='ocrx_word' id='word_1_287' title='bbox 975 1354 1044 1384; x_wconf 88' lang='lat' dir='ltr'>dicit</span> <span class='ocrx_word' id='word_1_288' title='bbox 1065 1355 1136 1383; x_wconf 74' lang='grc' dir='ltr'>Βοέ</span> <span class='ocrx_word' id='word_1_289' title='bbox 1148 1363 1218 1383; x_wconf 80' lang='lat' dir='ltr'>Tru</span> <span class='ocrx_word' id='word_1_290' title='bbox 1231 1363 1245 1383; x_wconf 87' lang='lat' dir='ltr'>s</span> <span class='ocrx_word' id='word_1_291' title='bbox 1260 1374 1270 1390; x_wconf 85' lang='lat'>,</span> <span class='ocrx_word' id='word_1_292' title='bbox 1299 1375 1317 1391; x_wconf 82' lang='lat'>‚‚</span> <span class='ocrx_word' id='word_1_293' title='bbox 1336 1356 1467 1384; x_wconf 86' lang='lat' dir='ltr'>Potentia</span> <span class='ocrx_word' id='word_1_294' title='bbox 1491 1365 1550 1386; x_wconf 90' lang='lat' dir='ltr'>non</span> 
     </span>
     <span class='ocr_line' id='line_1_25' title="bbox 81 1401 1550 1442; baseline 0.001 -10"><span class='ocrx_word' id='word_1_295' title='bbox 81 1410 124 1431; x_wconf 83' lang='lat' dir='ltr'>est</span> <span class='ocrx_word' id='word_1_296' title='bbox 141 1401 199 1432; x_wconf 86' lang='lat' dir='ltr'>nisi</span> <span class='ocrx_word' id='word_1_297' title='bbox 225 1402 260 1430; x_wconf 89' lang='lat' dir='ltr'>ad</span> <span class='ocrx_word' id='word_1_298' title='bbox 278 1402 429 1438; x_wconf 81' lang='lat' dir='ltr'>bonum&#39;’;</span> <span class='ocrx_word' id='word_1_299' title='bbox 453 1403 531 1438; x_wconf 83' lang='lat' dir='ltr'>quod</span> <span class='ocrx_word' id='word_1_300' title='bbox 556 1411 642 1439; x_wconf 82' lang='lat' dir='ltr'>posse</span> <span class='ocrx_word' id='word_1_301' title='bbox 668 1406 739 1433; x_wconf 86' lang='lat' dir='ltr'>male</span> <span class='ocrx_word' id='word_1_302' title='bbox 763 1415 864 1442; x_wconf 80' lang='lat' dir='ltr'>agere,</span> <span class='ocrx_word' id='word_1_303' title='bbox 886 1413 918 1435; x_wconf 85' lang='lat' dir='ltr'>ut</span> <span class='ocrx_word' id='word_1_304' title='bbox 944 1412 1041 1442; x_wconf 85' lang='lat' dir='ltr'>potest</span> <span class='ocrx_word' id='word_1_305' title='bbox 1060 1405 1125 1434; x_wconf 87' lang='lat' dir='ltr'>Rex</span> <span class='ocrx_word' id='word_1_306' title='bbox 1154 1406 1284 1442; x_wconf 83' lang='lat' dir='ltr'>regaliter</span> <span class='ocrx_word' id='word_1_307' title='bbox 1310 1415 1449 1442; x_wconf 84' lang='lat' dir='ltr'>regnans,</span> <span class='ocrx_word' id='word_1_308' title='bbox 1480 1407 1550 1435; x_wconf 86' lang='lat' dir='ltr'>libe·</span> 
     </span>
     <span class='ocr_line' id='line_1_26' title="bbox 78 1452 1548 1493; baseline 0.002 -10"><span class='ocrx_word' id='word_1_309' title='bbox 78 1455 139 1483; x_wconf 75' lang='lat' dir='ltr'>rius</span> <span class='ocrx_word' id='word_1_310' title='bbox 163 1462 246 1489; x_wconf 81' lang='lat' dir='ltr'>quam</span> <span class='ocrx_word' id='word_1_311' title='bbox 270 1452 333 1481; x_wconf 86' lang='lat' dir='ltr'>Rex</span> <span class='ocrx_word' id='word_1_312' title='bbox 361 1453 480 1489; x_wconf 87' lang='lat' dir='ltr'>politice</span> <span class='ocrx_word' id='word_1_313' title='bbox 505 1454 654 1483; x_wconf 83' lang='lat' dir='ltr'>dominans</span> <span class='ocrx_word' id='word_1_314' title='bbox 674 1458 785 1492; x_wconf 88' lang='lat' dir='ltr'>populo</span> <span class='ocrx_word' id='word_1_315' title='bbox 812 1465 887 1492; x_wconf 80' lang='lat' dir='ltr'>suo,</span> <span class='ocrx_word' id='word_1_316' title='bbox 910 1457 1008 1492; x_wconf 86' lang='lat' dir='ltr'>potius</span> <span class='ocrx_word' id='word_1_317' title='bbox 1032 1458 1094 1493; x_wconf 85' lang='lat' dir='ltr'>ejus</span> <span class='ocrx_word' id='word_1_318' title='bbox 1115 1461 1286 1491; x_wconf 82' lang='lat' dir='ltr'>potestatem</span> <span class='ocrx_word' id='word_1_319' title='bbox 1312 1456 1434 1491; x_wconf 89' lang='lat' dir='ltr'>minuit,</span> <span class='ocrx_word' id='word_1_320' title='bbox 1465 1462 1548 1491; x_wconf 83' lang='lat' dir='ltr'>quam</span> 
     </span>
     <span class='ocr_line' id='line_1_27' title="bbox 78 1502 1550 1545; baseline 0.003 -12"><span class='ocrx_word' id='word_1_321' title='bbox 78 1510 251 1540; x_wconf 84' lang='lat' dir='ltr'>augmentat.</span> <span class='ocrx_word' id='word_1_322' title='bbox 298 1502 374 1531; x_wconf 90' lang='lat' dir='ltr'>Nam</span> <span class='ocrx_word' id='word_1_323' title='bbox 399 1503 489 1532; x_wconf 90' lang='lat' dir='ltr'>sancti</span> <span class='ocrx_word' id='word_1_324' title='bbox 517 1504 664 1541; x_wconf 79' lang='lat' dir='ltr'>Spiritus,</span> <span class='ocrx_word' id='word_1_325' title='bbox 691 1507 748 1544; x_wconf 87' lang='lat' dir='ltr'>jam</span> <span class='ocrx_word' id='word_1_326' title='bbox 773 1507 935 1536; x_wconf 83' lang='lat' dir='ltr'>confirmati</span> <span class='ocrx_word' id='word_1_327' title='bbox 965 1508 995 1536; x_wconf 89' lang='lat' dir='ltr'>in</span> <span class='ocrx_word' id='word_1_328' title='bbox 1019 1506 1129 1544; x_wconf 66' lang='lat' dir='ltr'>gloria,</span> <span class='ocrx_word' id='word_1_329' title='bbox 1159 1506 1209 1542; x_wconf 85' lang='lat' dir='ltr'>qui</span> <span class='ocrx_word' id='word_1_330' title='bbox 1239 1515 1358 1542; x_wconf 84' lang='lat' dir='ltr'>peccare</span> <span class='ocrx_word' id='word_1_331' title='bbox 1382 1515 1550 1545; x_wconf 84' lang='lat' dir='ltr'>nequeunt,</span> 
     </span>
     <span class='ocr_line' id='line_1_28' title="bbox 78 1553 1332 1594; baseline 0.001 -9"><span class='ocrx_word' id='word_1_332' title='bbox 78 1555 257 1593; x_wconf 75' lang='lat' dir='ltr'>potentiores</span> <span class='ocrx_word' id='word_1_333' title='bbox 284 1553 371 1583; x_wconf 86' lang='lat' dir='ltr'>nobis</span> <span class='ocrx_word' id='word_1_334' title='bbox 392 1560 481 1590; x_wconf 87' lang='lat' dir='ltr'>sunt,</span> <span class='ocrx_word' id='word_1_335' title='bbox 502 1555 551 1590; x_wconf 85' lang='lat' dir='ltr'>qui</span> <span class='ocrx_word' id='word_1_336' title='bbox 573 1556 608 1583; x_wconf 88' lang='lat' dir='ltr'>ad</span> <span class='ocrx_word' id='word_1_337' title='bbox 631 1565 716 1585; x_wconf 89' lang='lat' dir='ltr'>omne</span> <span class='ocrx_word' id='word_1_338' title='bbox 738 1556 850 1587; x_wconf 84' lang='lat' dir='ltr'>facinus</span> <span class='ocrx_word' id='word_1_339' title='bbox 871 1557 1152 1594; x_wconf 69' lang='lat' dir='ltr'>liberisgaudemus</span> <span class='ocrx_word' id='word_1_340' title='bbox 1177 1557 1332 1586; x_wconf 80' lang='lat' dir='ltr'>habeniS.&#39;’</span> 
     </span>
    </p>

    <p class='ocr_par' dir='ltr' id='par_1_6' title="bbox 80 1606 1544 1751">
     <span class='ocr_line' id='line_1_29' title="bbox 584 1606 1041 1647; baseline 0.009 -12"><span class='ocrx_word' id='word_1_341' title='bbox 584 1606 680 1636; x_wconf 78' lang='lat' dir='ltr'>CAP.</span> <span class='ocrx_word' id='word_1_342' title='bbox 706 1608 846 1638; x_wconf 84' lang='lat' dir='ltr'>XXXIV.</span> <span class='ocrx_word' id='word_1_343' title='bbox 888 1609 965 1647; x_wconf 81' lang='lat' dir='ltr'>Pag.</span> <span class='ocrx_word' id='word_1_344' title='bbox 993 1618 1041 1639; x_wconf 83' lang='lat'>21.</span> 
     </span>
     <span class='ocr_line' id='line_1_30' title="bbox 87 1656 1544 1697; baseline 0.003 -11"><span class='ocrx_word' id='word_1_345' title='bbox 87 1667 90 1669; x_wconf 87' lang='lat'>·</span> <span class='ocrx_word' id='word_1_346' title='bbox 119 1677 138 1693; x_wconf 84' lang='lat'>„</span> <span class='ocrx_word' id='word_1_347' title='bbox 156 1656 272 1686; x_wconf 83' lang='lat' dir='ltr'>Audisti</span> <span class='ocrx_word' id='word_1_348' title='bbox 299 1664 423 1692; x_wconf 85' lang='lat' dir='ltr'>namque</span> <span class='ocrx_word' id='word_1_349' title='bbox 448 1657 604 1694; x_wconf 83' lang='lat' dir='ltr'>superius,</span> <span class='ocrx_word' id='word_1_350' title='bbox 626 1661 772 1695; x_wconf 86' lang='lat' dir='ltr'>quomodo</span> <span class='ocrx_word' id='word_1_351' title='bbox 794 1661 869 1690; x_wconf 85' lang='lat' dir='ltr'>inter</span> <span class='ocrx_word' id='word_1_352' title='bbox 891 1661 985 1697; x_wconf 87' lang='lat' dir='ltr'>Leges</span> <span class='ocrx_word' id='word_1_353' title='bbox 1007 1659 1119 1689; x_wconf 89' lang='lat' dir='ltr'>Civiles</span> <span class='ocrx_word' id='word_1_354' title='bbox 1144 1660 1298 1696; x_wconf 84' lang='lat' dir='ltr'>praecipua</span> <span class='ocrx_word' id='word_1_355' title='bbox 1321 1660 1460 1690; x_wconf 84' lang='lat' dir='ltr'>sententia</span> <span class='ocrx_word' id='word_1_356' title='bbox 1483 1668 1544 1697; x_wconf 88' lang='lat' dir='ltr'>est,</span> 
     </span>
     <span class='ocr_line' id='line_1_31' title="bbox 80 1707 1543 1751; baseline 0.004 -14"><span class='ocrx_word' id='word_1_357' title='bbox 80 1709 199 1737; x_wconf 80' lang='lat' dir='ltr'>maxima</span> <span class='ocrx_word' id='word_1_358' title='bbox 215 1716 282 1737; x_wconf 89' lang='lat' dir='ltr'>sane</span> <span class='ocrx_word' id='word_1_359' title='bbox 300 1709 397 1743; x_wconf 85' lang='lat' dir='ltr'>regula</span> <span class='ocrx_word' id='word_1_360' title='bbox 407 1727 417 1742; x_wconf 91' lang='lat'><strong><em>‚</em></strong></span> <span class='ocrx_word' id='word_1_361' title='bbox 436 1707 484 1736; x_wconf 86' lang='lat' dir='ltr'>illa</span> <span class='ocrx_word' id='word_1_362' title='bbox 501 1717 572 1744; x_wconf 87' lang='lat' dir='ltr'>quae</span> <span class='ocrx_word' id='word_1_363' title='bbox 588 1709 630 1738; x_wconf 85' lang='lat' dir='ltr'>sic</span> <span class='ocrx_word' id='word_1_364' title='bbox 645 1711 738 1741; x_wconf 86' lang='lat' dir='ltr'>canit:</span> <span class='ocrx_word' id='word_1_365' title='bbox 761 1733 781 1749; x_wconf 86' lang='lat'>„</span> <span class='ocrx_word' id='word_1_366' title='bbox 793 1713 875 1751; x_wconf 74' lang='lat' dir='ltr'><em>Quod</em></span> <span class='ocrx_word' id='word_1_367' title='bbox 888 1713 1020 1751; x_wconf 77' lang='lat' dir='ltr'>Principi</span> <span class='ocrx_word' id='word_1_368' title='bbox 1031 1713 1164 1750; x_wconf 81' lang='lat' dir='ltr'>placuit,</span> <span class='ocrx_word' id='word_1_369' title='bbox 1185 1713 1272 1749; x_wconf 80' lang='lat' dir='ltr'>Legis</span> <span class='ocrx_word' id='word_1_370' title='bbox 1286 1713 1370 1741; x_wconf 79' lang='lat' dir='ltr'>habet</span> <span class='ocrx_word' id='word_1_371' title='bbox 1386 1713 1543 1750; x_wconf 70' lang='lat' dir='ltr'>vigorem.’&#39;</span> 
     </span>
    </p>

    <p class='ocr_par' dir='ltr' id='par_1_7' title="bbox 75 1758 1543 1802">
     <span class='ocr_line' id='line_1_32' title="bbox 75 1758 1543 1802; baseline 0.003 -13"><span class='ocrx_word' id='word_1_372' title='bbox 75 1759 209 1799; x_wconf 81' lang='lat' dir='ltr'>Qualiter</span> <span class='ocrx_word' id='word_1_373' title='bbox 228 1767 288 1789; x_wconf 89' lang='lat' dir='ltr'>non</span> <span class='ocrx_word' id='word_1_374' title='bbox 312 1758 443 1789; x_wconf 80' lang='lat' dir='ltr'>sanciunt</span> <span class='ocrx_word' id='word_1_375' title='bbox 460 1761 538 1797; x_wconf 89' lang='lat' dir='ltr'>leges</span> <span class='ocrx_word' id='word_1_376' title='bbox 557 1761 696 1799; x_wconf 88' lang='lat' dir='ltr'>Angliae,</span> <span class='ocrx_word' id='word_1_377' title='bbox 716 1764 784 1793; x_wconf 88' lang='lat' dir='ltr'>dum</span> <span class='ocrx_word' id='word_1_378' title='bbox 806 1765 913 1794; x_wconf 83' lang='lat' dir='ltr'>nedum</span> <span class='ocrx_word' id='word_1_379' title='bbox 935 1763 1107 1801; x_wconf 53' lang='lat' dir='ltr'>&amp;gamem</span> <span class='ocrx_word' id='word_1_380' title='bbox 1128 1763 1180 1792; x_wconf 88' lang='lat' dir='ltr'>sed</span> <span class='ocrx_word' id='word_1_381' title='bbox 1195 1769 1223 1792; x_wconf 91' lang='lat' dir='ltr'>et</span> <span class='ocrx_word' id='word_1_382' title='bbox 1243 1764 1361 1792; x_wconf 70' lang='lat' dir='ltr'>Politice</span> <span class='ocrx_word' id='word_1_383' title='bbox 1383 1763 1447 1793; x_wconf 79' lang='lat' dir='ltr'>Rex</span> <span class='ocrx_word' id='word_1_384' title='bbox 1468 1765 1543 1802; x_wconf 88' lang='lat' dir='ltr'>ejus-</span> 
     </span>
    </p>

    <p class='ocr_par' dir='ltr' id='par_1_8' title="bbox 499 1815 1545 1846">
     <span class='ocr_line' id='line_1_33' title="bbox 499 1815 1545 1846; baseline 0.006 -6"><span class='ocrx_word' id='word_1_385' title='bbox 499 1819 502 1824; x_wconf 59' lang='lat'>*</span> <span class='ocrx_word' id='word_1_386' title='bbox 1481 1815 1545 1846; x_wconf 86' lang='lat' dir='ltr'>dem</span> 
     </span>
    </p>
   </div>
   <div class='ocr_carea' id='block_1_3' title="bbox 69 1909 1549 2106">
    <p class='ocr_par' dir='ltr' id='par_1_9' title="bbox 69 1909 1549 2106">
     <span class='ocr_line' id='line_1_34' title="bbox 114 1909 1549 1943; baseline 0.004 -10"><span class='ocrx_word' id='word_1_387' title='bbox 114 1910 166 1940; x_wconf 71' lang='lat'>(⁸)</span> <span class='ocrx_word' id='word_1_388' title='bbox 186 1909 344 1938; x_wconf 80' lang='lat' dir='ltr'>[Opuscutum</span> <span class='ocrx_word' id='word_1_389' title='bbox 362 1911 421 1937; x_wconf 81' lang='lat' dir='ltr'>hoc,</span> <span class='ocrx_word' id='word_1_390' title='bbox 435 1920 463 1930; x_wconf 82' lang='lat'>—</span> <span class='ocrx_word' id='word_1_391' title='bbox 476 1910 589 1933; x_wconf 79' lang='lat' dir='ltr'>diversum</span> <span class='ocrx_word' id='word_1_392' title='bbox 608 1919 620 1936; x_wconf 73' lang='lat' dir='ltr'>a</span> <span class='ocrx_word' id='word_1_393' title='bbox 634 1913 660 1936; x_wconf 72' lang='lat'>1⁷.</span> <span class='ocrx_word' id='word_1_394' title='bbox 675 1919 766 1939; x_wconf 65' lang='lat' dir='ltr'>tractatu</span> <span class='ocrx_word' id='word_1_395' title='bbox 783 1914 808 1935; x_wconf 69' lang='lat' dir='ltr'>de</span> <span class='ocrx_word' id='word_1_396' title='bbox 819 1914 877 1940; x_wconf 74' lang='lat' dir='ltr'>Jure</span> <span class='ocrx_word' id='word_1_397' title='bbox 893 1915 976 1942; x_wconf 73' lang='lat' dir='ltr'>Regali</span> <span class='ocrx_word' id='word_1_398' title='bbox 989 1920 1013 1936; x_wconf 75' lang='lat' dir='ltr'>et</span> <span class='ocrx_word' id='word_1_399' title='bbox 1027 1914 1141 1943; x_wconf 64' lang='lat' dir='ltr'>Polfn&#39;w,</span> <span class='ocrx_word' id='word_1_400' title='bbox 1162 1915 1186 1937; x_wconf 80' lang='lat' dir='ltr'>in</span> <span class='ocrx_word' id='word_1_401' title='bbox 1200 1915 1273 1937; x_wconf 80' lang='lat' dir='ltr'>lucem</span> <span class='ocrx_word' id='word_1_402' title='bbox 1289 1915 1352 1938; x_wconf 82' lang='lat' dir='ltr'>edito</span> <span class='ocrx_word' id='word_1_403' title='bbox 1369 1917 1440 1939; x_wconf 81' lang='lat' dir='ltr'>Loud.</span> <span class='ocrx_word' id='word_1_404' title='bbox 1456 1921 1510 1943; x_wconf 82' lang='lat'><em>¹7¹4</em></span> <span class='ocrx_word' id='word_1_405' title='bbox 1526 1922 1549 1939; x_wconf 79' lang='grc' dir='ltr'>ει</span> 
     </span>
     <span class='ocr_line' id='line_1_35' title="bbox 73 1952 1548 1985; baseline 0.005 -12"><span class='ocrx_word' id='word_1_406' title='bbox 73 1957 144 1980; x_wconf 79' lang='lat'>1719,</span> <span class='ocrx_word' id='word_1_407' title='bbox 159 1953 212 1975; x_wconf 67' lang='lat' dir='ltr'>avo.</span> <span class='ocrx_word' id='word_1_408' title='bbox 225 1963 251 1970; x_wconf 87' lang='lat'><em>-</em></span> <span class='ocrx_word' id='word_1_409' title='bbox 268 1957 340 1974; x_wconf 76' lang='lat' dir='ltr'>exstat</span> <span class='ocrx_word' id='word_1_410' title='bbox 354 1952 419 1978; x_wconf 72' lang='lat' dir='ltr'>Ms„</span> <span class='ocrx_word' id='word_1_411' title='bbox 438 1958 500 1974; x_wconf 81' lang='lat' dir='ltr'>certe</span> <span class='ocrx_word' id='word_1_412' title='bbox 514 1955 614 1977; x_wconf 77' lang='lat' dir='ltr'>exstabat</span> <span class='ocrx_word' id='word_1_413' title='bbox 629 1961 664 1978; x_wconf 82' lang='lat' dir='ltr'>an.</span> <span class='ocrx_word' id='word_1_414' title='bbox 677 1962 730 1982; x_wconf 74' lang='lat'>¹7³2</span> <span class='ocrx_word' id='word_1_415' title='bbox 739 1972 747 1985; x_wconf 92' lang='lat'>,</span> <span class='ocrx_word' id='word_1_416' title='bbox 762 1957 786 1979; x_wconf 84' lang='lat' dir='ltr'>in</span> <span class='ocrx_word' id='word_1_417' title='bbox 798 1956 962 1984; x_wconf 80' lang='lat' dir='ltr'>Bibliothecis,</span> <span class='ocrx_word' id='word_1_418' title='bbox 977 1957 1043 1979; x_wconf 77' lang='lat' dir='ltr'>etlam</span> <span class='ocrx_word' id='word_1_419' title='bbox 1056 1956 1155 1978; x_wconf 82' lang='lat' dir='ltr'>Publicis</span> <span class='ocrx_word' id='word_1_420' title='bbox 1168 1957 1276 1983; x_wconf 74' lang='lat' dir='ltr'>Angliae,</span> <span class='ocrx_word' id='word_1_421' title='bbox 1289 1958 1439 1985; x_wconf 66' lang='lat' dir='ltr'>laudibusque</span> <span class='ocrx_word' id='word_1_422' title='bbox 1450 1959 1548 1981; x_wconf 75' lang='lat' dir='ltr'>celebra·</span> 
     </span>
     <span class='ocr_line' id='line_1_36' title="bbox 70 1993 1547 2025; baseline 0.005 -10"><span class='ocrx_word' id='word_1_423' title='bbox 70 1998 108 2015; x_wconf 72' lang='lat' dir='ltr'>tur</span> <span class='ocrx_word' id='word_1_424' title='bbox 121 1999 134 2015; x_wconf 78' lang='lat' dir='ltr'><strong>a</strong></span> <span class='ocrx_word' id='word_1_425' title='bbox 143 1993 204 2016; x_wconf 78' lang='lat' dir='ltr'>Vitis</span> <span class='ocrx_word' id='word_1_426' title='bbox 212 1993 311 2018; x_wconf 79' lang='lat' dir='ltr'>Doctls;</span> <span class='ocrx_word' id='word_1_427' title='bbox 326 1994 394 2015; x_wconf 80' lang='lat' dir='ltr'>Conf-</span> <span class='ocrx_word' id='word_1_428' title='bbox 403 1994 519 2020; x_wconf 74' lang='lat' dir='ltr'>Catalague</span> <span class='ocrx_word' id='word_1_429' title='bbox 531 1996 625 2021; x_wconf 76' lang='lat' dir='ltr'>operum</span> <span class='ocrx_word' id='word_1_430' title='bbox 638 2001 661 2016; x_wconf 80' lang='lat' dir='ltr'>et</span> <span class='ocrx_word' id='word_1_431' title='bbox 675 1996 778 2019; x_wconf 65' lang='lat' dir='ltr'>librorum</span> <span class='ocrx_word' id='word_1_432' title='bbox 793 2000 821 2020; x_wconf 82' lang='lat' dir='ltr'>ab</span> <span class='ocrx_word' id='word_1_433' title='bbox 836 2004 875 2025; x_wconf 83' lang='lat' dir='ltr'>Jo.</span> <span class='ocrx_word' id='word_1_434' title='bbox 891 2003 1013 2021; x_wconf 66' lang='grc' dir='ltr'>Ροιιτκε</span> <span class='ocrx_word' id='word_1_435' title='bbox 1022 2004 1078 2020; x_wconf 68' lang='lat' dir='ltr'>cuz</span> <span class='ocrx_word' id='word_1_436' title='bbox 1093 1998 1239 2025; x_wconf 75' lang='lat' dir='ltr'>scriptorum,</span> <span class='ocrx_word' id='word_1_437' title='bbox 1255 1999 1278 2020; x_wconf 82' lang='lat' dir='ltr'>in</span> <span class='ocrx_word' id='word_1_438' title='bbox 1292 1999 1337 2021; x_wconf 86' lang='lat' dir='ltr'>fine</span> <span class='ocrx_word' id='word_1_439' title='bbox 1352 1999 1496 2022; x_wconf 74' lang='lat' dir='ltr'>praefationis</span> <span class='ocrx_word' id='word_1_440' title='bbox 1502 2001 1547 2022; x_wconf 88' lang='lat' dir='ltr'>An-</span> 
     </span>
     <span class='ocr_line' id='line_1_37' title="bbox 69 2035 1546 2071; baseline 0.003 -14"><span class='ocrx_word' id='word_1_441' title='bbox 69 2035 156 2063; x_wconf 68' lang='lat' dir='ltr'>glicae.</span> <span class='ocrx_word' id='word_1_442' title='bbox 171 2036 271 2059; x_wconf 80' lang='lat' dir='ltr'>versioni</span> <span class='ocrx_word' id='word_1_443' title='bbox 286 2035 352 2063; x_wconf 83' lang='lat' dir='ltr'>hujus</span> <span class='ocrx_word' id='word_1_444' title='bbox 369 2037 445 2066; x_wconf 70' lang='lat' dir='ltr'>operi·</span> <span class='ocrx_word' id='word_1_445' title='bbox 456 2039 485 2061; x_wconf 85' lang='lat' dir='ltr'>de</span> <span class='ocrx_word' id='word_1_446' title='bbox 500 2038 570 2064; x_wconf 76' lang='lat' dir='ltr'><em>Laud.</em></span> <span class='ocrx_word' id='word_1_447' title='bbox 587 2039 641 2071; x_wconf 62' lang='lat' dir='ltr'>Lag,</span> <span class='ocrx_word' id='word_1_448' title='bbox 654 2042 725 2068; x_wconf 62' lang='lat' dir='ltr'>angl.</span> <span class='ocrx_word' id='word_1_449' title='bbox 740 2041 888 2071; x_wconf 65' lang='lat' dir='ltr'>praemissae,</span> <span class='ocrx_word' id='word_1_450' title='bbox 903 2045 954 2067; x_wconf 78' lang='lat' dir='ltr'>pag.</span> <span class='ocrx_word' id='word_1_451' title='bbox 969 2040 1000 2062; x_wconf 84' lang='lat' dir='ltr'>lv.</span> <span class='ocrx_word' id='word_1_452' title='bbox 1018 2039 1185 2068; x_wconf 74' lang='lat' dir='ltr'>optandumque</span> <span class='ocrx_word' id='word_1_453' title='bbox 1195 2045 1278 2063; x_wconf 79' lang='lat' dir='ltr'>censeo</span> <span class='ocrx_word' id='word_1_454' title='bbox 1295 2045 1322 2062; x_wconf 79' lang='lat' dir='ltr'>ut</span> <span class='ocrx_word' id='word_1_455' title='bbox 1339 2040 1362 2063; x_wconf 87' lang='lat' dir='ltr'>in</span> <span class='ocrx_word' id='word_1_456' title='bbox 1383 2042 1457 2063; x_wconf 76' lang='lat' dir='ltr'>iucem</span> <span class='ocrx_word' id='word_1_457' title='bbox 1475 2042 1546 2062; x_wconf 72' lang='lat' dir='ltr'>adhuc</span> 
     </span>
     <span class='ocr_line' id='line_1_38' title="bbox 71 2076 710 2106; baseline 0.005 -8"><span class='ocrx_word' id='word_1_458' title='bbox 71 2076 175 2106; x_wconf 69' lang='lat' dir='ltr'>etiamn]</span> <span class='ocrx_word' id='word_1_459' title='bbox 709 2085 710 2089; x_wconf 56' lang='lat'>¹</span> 
     </span>
    </p>
   </div>
   <div class='ocr_carea' id='block_1_4' title="bbox 841 2123 871 2153">
    <p class='ocr_par' dir='ltr' id='par_1_10' title="bbox 841 2123 871 2153">
     <span class='ocr_line' id='line_1_39' title="bbox 841 2123 871 2153; baseline 0 0"><span class='ocrx_word' id='word_1_460' title='bbox 841 2123 871 2153; x_wconf 88' lang='lat' dir='ltr'>C</span> 
     </span>
    </p>
   </div>
  </div>
 </body>
</html>
