1919 2511
533 151 1226 189 DISSERTATIONUM.
1577 166 1623 204 1⁹9

213 242 309 275 1824.

343 296 425 330 blio
456 299 600 339 Sexto,
633 296 805 330 defensum
837 298 871 331 in
905 298 1120 332 Auditorio
1142 298 1311 340 Maiori,
1341 297 1382 331 ab
1406 299 1622 335 Ysbrando

340 353 534 387 Diderico
554 365 632 388 van
655 357 778 396 Dam,
801 354 1108 398 Lugduno-Batavo
1122 380 1131 398 ,
1160 366 1221 400 pro
1243 354 1329 389 Phil.
1353 355 1477 390 Theor.
1501 357 1622 402 Magis-

340 410 422 443 terio
446 416 479 443 et
501 412 685 444 Doctoratu
707 411 899 445 Literarum
927 412 1190 446 Humaniorum.

144 516 216 550 eod.
240 517 274 551 d.
320 517 530 561 Specimen
557 517 803 560 Juridieum‚
833 518 880 552 de
903 519 1121 561 Mandato,
1153 518 1327 552 defensum
1350 520 1385 553 in
1413 521 1622 555 Auditorio

339 575 509 616 Maiori,
534 572 576 606 ab
605 573 819 608 Ysbrando
848 575 1039 609 Diderico
1065 586 1141 610 van
1174 578 1300 615 Bam,
1334 576 1623 620 Lugduno-Bata-

341 640 402 672 νο,
425 640 486 674 pro
517 632 702 664 Doctoratu
723 633 811 664 Juris
833 634 976 666 Romani
1001 638 1033 666 et
1062 632 1233 665 Hodierni.

142 734 214 769 eod.
237 736 269 770 d.
321 735 539 780 Specimen
569 736 877 780 Academicum,
901 739 948 772 de
971 737 1359 782 antiquissimorum
1387 740 1464 772 Dei
1485 740 1622 774 culto-

338 802 456 834 rum,
491 794 556 837 qui
587 794 629 826 in
659 795 877 836 Epistolae
905 796 953 828 ad
979 795 1195 828 Hebraeos
1228 795 1369 839 Capite
1395 798 1446 828 XI
1480 807 1624 829 memo·

341 854 508 888 rantur,
531 849 614 881 fide
639 849 806 883 diversa
835 851 1057 894 eademque
1077 861 1177 891 una,
1201 850 1374 883 defensum
1395 853 1430 885 in
1452 853 1622 886 Audito-

338 904 403 937 rio
425 906 606 946 Majori,
630 908 649 937 ἐι
671 907 795 938 Petro
820 909 941 939 Josua
972 906 1185 939 Ludovico
1214 909 1337 949 Huet,
1369 909 1624 941 Amsteloda-

338 961 467 1000 mensi,
492 963 527 993 in
551 962 700 994 Ecclesia
723 963 870 996 Wallon.
896 962 1114 996 Dordracena
1139 964 1182 996 V.
1207 965 1252 996 D.
1277 965 1326 996 M.
1352 963 1538 1007 designato,
1561 975 1623 1009 pro

337 1019 522 1050 Doctoratu
544 1016 753 1061 Theologiae.

143 1122 179 1160 d.
214 1124 256 1156 24
274 1120 377 1156 Junij.
423 1123 673 1166 Disputatio
702 1122 1131 1166 Literario—Juridica,
1162 1123 1209 1157 de
1238 1126 1288 1157 M.
1314 1125 1441 1157 Tullii
1469 1126 1623 1160 Cicero-

337 1179 404 1213 nis
434 1178 634 1213 Oratione
657 1180 698 1214 in
729 1184 766 1215 C.
799 1181 1032 1215 Cornelium
1056 1182 1228 1214 Verrem
1255 1181 1303 1214 de
1330 1181 1624 1216 surisdictione

341 1234 571 1276 Siciliensi,
608 1235 742 1270 defensa
767 1237 804 1271 in
832 1237 1047 1270 Auditorio
1076 1235 1245 1279 Maiori,
1279 1241 1298 1270 ἐι
1332 1240 1452 1271 Petro
1484 1238 1624 1271 carolo

339 1294 495 1335 Massd,
519 1294 767 1328 Demerariensi
780 1319 790 1337 ,
813 1304 874 1338 pro
893 1296 1079 1327 Doctoratu
1096 1294 1184 1326 Jur1s
1206 1295 1351 1327 Romani
1374 1299 1405 1328 ct
1426 1293 1599 1328 Hodiemi.

142 1395 176 1430 d.
210 1399 253 1430 25
272 1399 372 1432 Junii.
417 1398 649 1433 Dissertatio
666 1399 859 1441 Jaridica,
890 1398 1081 1432 continens
1104 1397 1148 1431 de
1163 1402 1294 1432 Poena
1315 1399 1480 1443 Capitali
1500 1399 1625 1444 dispu-

341 1454 520 1487 tationem
545 1453 583 1486 in
622 1461 818 1498 utramque
841 1460 1012 1498 partem,
1047 1453 1181 1486 defensa
1215 1457 1234 1487 ὲ
1268 1456 1412 1489 Carolo
1445 1457 1621 1490 Henrico

337 1511 437 1542 Imm
447 1511 606 1552 erzeel,
629 1512 890 1554 Haga-Batavo,
917 1520 980 1552 pro
1008 1511 1194 1543 Doctomtu
1218 1510 1306 1544 suris
1327 1513 1473 1546 Romani
1494 1518 1527 1546 et
1547 1514 1623 1553 Ho—

332 1565 448 1598 (lierni.

144 1667 216 1703 eod.
240 1669 278 1703 d:
324 1672 565 1711 Quaestiones
589 1672 784 1707 Jaridicae
814 1671 914 1708 varii
942 1672 1176 1717 argumenti,
1206 1673 1359 1708 defensae
1379 1674 1421 1708 ab
1440 1674 1620 1708 ⁴Alberto

337 1728 530 1762 Gerardo
552 1731 692 1774 Tegel,
717 1741 759 1763 ex
783 1731 855 1764 vico
876 1733 1050 1764 cattorum
1081 1730 1125 1764 ad
1147 1730 1325 1773 Rhenum,
1356 1742 1417 1776 pro
1438 1734 1621 1766 Doctoratu

331 1784 419 1818 suris
448 1787 595 1819 Romani
615 1792 647 1820 et
667 1786 842 1821 Hodierni.

140 1889 172 1923 d.
210 1894 251 1925 26
272 1891 369 1925 Junii.
414 1891 643 1926 Dzssertatio
663 1891 838 1935 Medica,
871 1891 916 1926 cle
936 1893 1170 1937 Plearz'tide,
1201 1893 1337 1927 defensa
1364 1897 1383 1926 ὲ
1408 1894 1620 1928 Leonardo

337 1949 356 1981 S
363 1958 435 1992 pru
442 1954 504 1992 yt,
526 1949 895 1994 Vlaardinga-Batavo,
918 1959 979 1994 pro
1000 1952 1185 1984 Doctoratu
1212 1949 1412 1983 Medicinae.

142 2047 214 2082 eod.
238 2046 272 2082 d.
317 2048 543 2084 Dissertatio
564 2049 1085 2094 Anatomico-Plzysiologica,
1116 2050 1159 2085 de
1185 2052 1225 2084 V
1223 2049 1363 2084 esicula
1386 2048 1618 2092 Umbilicalz,

938 2109 965 2139 C
989 2119 1007 2140 2
1565 2107 1621 2140 de·
