1919 2511
318 197 335 224 8
624 195 820 227 PETRI
867 197 1510 237 ABRAHAMIJELTES

318 279 463 307 Serrarum
483 278 619 308 minorem
636 280 652 315 (
661 280 952 310 Costo-coracoidien.
979 280 1134 309 chaussier
1153 287 1181 310 et
1200 282 1316 311 Dumas.
1328 285 1344 318 )
1363 289 1390 311 et
1407 281 1576 319 Tricipitem
1598 281 1820 322 (Scapula-lm·

318 330 587 360 mero-ole'cranien.
629 331 796 366 chaussier.
827 331 852 359 T
850 333 879 360 ri
886 331 1354 369 ·scapulo—humero-oldcraniem
1379 333 1528 370 Damas.)
1558 342 1632 369 quos
1655 335 1817 364 nominasse

316 379 456 416 sufficiat,
472 389 536 409 cum
555 381 690 418 longius,
711 391 794 418 quam
817 383 928 419 ceteri,
949 381 984 411 ab
996 381 1194 412 articulatione
1212 383 1340 419 distent,
1361 393 1412 413 nec
1430 391 1484 413 tam
1504 392 1610 414 arctum
1628 384 1705 414 illius
1722 385 1823 414 vincu-

317 432 374 459 lum
392 432 580 462 constituant.

835 512 867 548 §-
889 519 919 549 4.
958 510 1005 540 Dc
1024 510 1107 539 Vasis
1126 517 1153 539 et
1173 510 1290 540 Nervis.

355 585 429 613 Vasa
443 605 452 619 ‚
474 594 546 621 quae
569 585 700 622 inprimis
723 587 769 615 hic
798 587 897 616 referri
920 594 1064 616 merentur
1084 595 1152 617 sunt
1170 587 1294 616 Arteria
1307 587 1444 616 axillaris
1465 588 1482 622 <
1490 586 1573 624 43),
1605 595 1676 623 quae
1701 587 1821 616 cavitate

315 636 440 665 thoracis
461 645 512 672 per
534 639 694 666 musculum
711 638 859 667 Stalenum
881 639 896 673 (
908 638 1178 667 Costa-trocheum.
1201 638 1370 667 Chaussier.
1395 638 1654 666 Trachelo-costal.
1680 637 1821 674 Dumas.)

313 688 438 716 anticum
456 693 484 715 et
504 687 624 715 medium
644 697 754 724 egressa
770 688 985 727 Subscapularis
1000 697 1105 717 nornen
1130 688 1266 724 deponit,
1290 689 1453 724 diciturque
1471 688 1638 724 Axillurt's3
1661 696 1731 717 vena
1747 689 1822 726 ejus-

314 739 377 766 dem
395 737 519 767 nominis
531 758 541 773 ‚
566 747 637 773 quae
660 747 674 767 a
690 740 763 767 vena
780 739 916 767 brachiali
933 739 1098 775 sanguinem
1115 739 1234 768 refluum
1250 740 1284 767 ad
1301 749 1399 768 venam
1419 740 1598 768 Subclaviam
1620 739 1748 774 reducit;
1770 739 1822 768 mi-

313 796 385 817 nora
405 788 478 817 enim
501 797 568 817 vasa
590 788 751 824 sanguisera
768 795 796 817 et
816 789 947 817 tenuiora
967 787 1164 823 absorbentia,
1187 798 1258 825 quae
1281 791 1310 818 in
1330 791 1430 819 axillae
1448 799 1518 819 cavo
1541 790 1726 820 inveniuntur
1739 810 1750 826 ,
1771 790 1821 818 hic

312 840 417 868 nullam
441 838 542 867 mereri
562 838 695 867 videntur
710 839 876 876 ampliorem
898 838 1091 877 mentionem,
1115 846 1143 869 et
1158 847 1272 871 notasse
1289 841 1372 870 eiiam
1393 841 1515 870 sufficiat
1530 842 1686 877 permultas
1707 840 1747 869 ibi
1764 840 1821 870 loci

311 892 409 920 adesse
429 890 576 927 glandulas
600 890 735 919 Axillares
749 911 760 927 ,
782 891 982 928 lymphaticas.

350 941 467 976 Nervi,
489 941 539 976 qui
563 941 648 977 hujus
675 942 730 970 loci
755 949 844 977 sunt,
865 951 880 970 a
906 943 993 978 plexu
1016 942 1152 972 brachiali
1171 943 1255 980 (44)
1276 942 1416 979 originem
1441 943 1570 978 ducunt,
1589 948 1617 971 et
1639 949 1708 972 sunt
1732 941 1820 980 inpri-

310 993 364 1022 mis
388 993 468 1022 nervi
487 994 619 1025 emanet,
640 993 795 1028 axillaris,
817 993 987 1028 medtanus,
1008 994 1136 1028 ultraris,
1156 993 1291 1023 radialis.

349 1043 484 1079 Denique
510 1038 683 1073 mentionem
705 1044 818 1073 ‘faciunt
839 1046 984 1073 Auctores
1004 1044 1091 1080 (45)
1115 1045 1150 1072 de
1174 1044 1306 1074 folliculo
1332 1045 1411 1074 tenui
1437 1045 1672 1080 membranaceo,
1695 1053 1747 1073 seu
1773 1052 1822 1080 sy-

314 1097 420 1126 noviali
436 1095 554 1131 Burni,
579 1105 650 1132 qnae
674 1097 748 1126 inter
775 1106 815 1126 m.
837 1097 1024 1126 Deltoideum
1042 1102 1068 1124 et
1086 1095 1308 1132 Supra-spinati
1328 1097 1470 1125 tendinem
1487 1095 1607 1125 inveniri
1623 1097 1717 1131 solet,
1737 1095 1820 1131 cujus

311 1156 381 1176 usus
404 1154 478 1176 esset
502 1147 671 1183 praecipuus
698 1148 727 1176 in
753 1148 864 1177 humeri
891 1148 1050 1177 elevatione
1077 1148 1112 1177 ad
1140 1153 1235 1184 partes
1258 1147 1383 1177 internas
1408 1149 1530 1184 quodam
1556 1153 1734 1183 smegmate,
1761 1153 1821 1175 non

306 1198 352 1226 illi
376 1198 561 1227 articulorum
586 1198 727 1234 absimili,
749 1199 961 1228 lubrificandas.

348 1248 439 1278 Hisce
458 1255 571 1285 autem,
595 1257 667 1285 quae
691 1250 761 1279 mihi
781 1250 907 1279 breviter
930 1249 1138 1287 praemonenda
1164 1249 1349 1285 videbantur,
1370 1248 1555 1286 praemissis,
1576 1248 1709 1284 sequitur

490 1351 629 1383 ORDO
658 1351 721 1382 ET
747 1350 1118 1382 ARGUMENTUM
1148 1347 1636 1380 COMMENTATIONIS.

831 1460 1045 1483 SEC'I'lO
1105 1459 1296 1481 PRIMA.

346 1527 391 1557 De
410 1528 567 1564 definitione
590 1531 745 1559 laxationis
772 1531 837 1559 ossis
863 1530 996 1566 humeri,
1017 1528 1128 1566 ejusque
1146 1525 1325 1556 diversarum
1342 1527 1515 1565 specierum,
1537 1533 1586 1554 nec
1601 1533 1655 1554 non
1671 1523 1705 1553 de
1723 1522 1818 1553 diver-

310 1587 337 1607 so
360 1581 416 1607 situ
438 1580 605 1618 diversdque
625 1580 778 1609 directione
802 1582 888 1619 ipsius
915 1581 980 1609 ossis
1004 1580 1133 1614 humeri,
1154 1579 1396 1615 musculorumque
1413 1578 1486 1606 banc
1508 1576 1740 1606 articulationem
1762 1583 1819 1603 mo·

310 1631 433 1659 ventilem
453 1630 495 1661 ad
510 1637 637 1660 centrum
662 1631 798 1660 cavitatis
816 1631 947 1670 scapulae
971 1632 1002 1659 in
1024 1630 1144 1667 singulis
1163 1629 1320 1658 laxationis
1338 1628 1485 1666 speciebus.

823 1739 1005 1761 capu'r
1063 1738 1302 1760 PR1MUM.

745 1808 793 1837 De
811 1806 971 1843 definitione
994 1807 1150 1836 laxationis
1177 1807 1242 1836 ossis
1258 1805 1381 1835 humeri.

409 1902 433 1927 1.
472 1894 598 1924 Luxatio
622 1894 748 1932 perfecta
768 1902 796 1924 et
817 1896 994 1932 imperfecta.

366 1968 374 1976 .
403 1953 432 1975 α.
474 1945 598 1975 Luxatio
622 1946 743 1982 simplex
769 1953 797 1975 et
814 1947 997 1982 complicata.

368 2018 376 2026 .
398 2005 429 2034 3.
468 1996 593 2026 Luxatio
613 2006 712 2027 recens
732 2003 760 2027 et
782 2004 906 2028 vetusta.

346 1897 376 2035 &mayn

1734 2045 1763 2082 §-
1784 2052 1815 2080 4.

341 2128 424 2164 (43)
450 2129 543 2157 Loder.
572 2131 623 2158 tab.
639 2136 699 2163 109„
723 2138 759 2158 m.
773 2138 817 2164 92.
1044 2165 1047 2169 ἢ
1087 2129 1166 2165 (44)
1192 2129 1265 2157 Idem
1289 2136 1308 2156 t.
1323 2135 1381 2163 ¹77·

343 2173 422 2210 (45)
446 2176 545 2205 Sandis.
571 2178 589 2205 l.
606 2184 631 2205 c.
650 2184 677 2211 p.
690 2184 751 2211 224.
786 2178 872 2205 Bonn.
892 2177 995 2205 Comm.
1013 2176 1045 2204 de
1061 2177 1131 2205 hum.
1150 2179 1230 2205 luxat.
1256 2184 1285 2210 p.
1302 2183 1329 2210 7.
1351 2173 1437 2208 Lugd.
1457 2175 1515 2201 Bat.
1534 2173 1606 2207 1782.
