1919 2511
275 184 295 211 4
583 170 783 203 PETRI
829 170 1183 204 ABRAHAMI
1228 172 1476 212 JELTES

272 260 456 292 mentorum,
471 254 668 284 musculorum
690 260 748 285 cet.
777 262 850 291 quae
878 253 986 284 exordii
1007 253 1120 292 instar,
1142 254 1221 292 quod
1242 254 1459 294 vlamsternit,
1482 263 1566 294 quam
1588 256 1653 288 dein
1668 256 1778 296 ingredi

274 307 431 344 debemus,
451 306 631 345 praemittere
653 307 725 337 mihi
749 306 844 338 liceat.

650 384 680 420 ς.
704 393 732 414 ι.
774 384 819 412 De
838 385 961 423 Scapula
973 404 982 419 ,
1009 383 1149 412 clavicula
1169 389 1198 412 et
1216 392 1271 412 osse
1289 384 1410 412 lammeri.

312 460 434 498 Scapula
454 468 476 488 s.
500 459 650 497 Omoplata
671 459 740 496 (1)
763 467 805 488 est
827 469 860 489 os
887 462 994 496 larum,
1015 460 1199 495 trangulare,
1223 460 1301 495 quod
1328 459 1362 488 ab
1387 458 1521 487 interiore
1548 467 1724 496 concavum,
1744 462 1779 490 ab

275 510 413 539 exteriore
435 518 591 538 convexum
616 509 653 538 ita
679 510 813 539 exteriori
836 512 962 540 thoracis
990 512 1064 547 parti
1094 511 1265 547 applicatum
1289 518 1352 547 est,
1383 516 1415 539 ut
1440 511 1524 539 latior
1549 511 1684 547 trianguli
1705 512 1782 541 basis

275 561 645 593 columnammertebralem
675 561 827 599 respiciat,
850 569 878 591 et
896 563 998 598 spina,
1020 571 1092 599 quae
1108 563 1138 591 in
1159 570 1302 590 summum
1319 562 1467 590 humerum
1488 570 1515 590 s.
1535 562 1682 591 acromion
1702 563 1782 598 abit,

275 611 361 640 situm
383 611 591 641 horizontalem
619 610 720 640 habeat
747 613 783 641 ad
804 614 955 642 articulum
983 614 1058 643 ossis
1083 612 1206 642 humeri.
1248 614 1382 649 Angulus
1410 614 1533 641 exterior
1557 613 1617 642 abit
1639 614 1668 642 in
1692 614 1785 642 cervi-

275 671 335 691 cem
364 663 499 698 brevem,
521 664 624 695 latam,
645 671 784 696 crassam,
807 673 879 700 quae
905 664 1091 700 intumescit,
1116 670 1144 692 et
1171 664 1263 692 sinum
1287 663 1393 693 format
1420 665 1568 700 amplum,
1600 664 1786 699 quodammo-

276 713 313 742 do
339 715 467 749 ovalem,
491 713 654 749 cartilagine
673 714 769 742 crassa
794 714 825 742 in
850 715 992 750 circuitu,
1022 715 1095 744 intra
1120 715 1214 743 sinum
1241 716 1391 744 extenuata
1412 715 1499 753 (2),
1526 721 1651 744 auctum.
1693 716 1785 752 Supe-

274 764 344 791 1101‘i
363 764 484 793 cervicis
508 763 602 799 parti,
620 763 761 794 anterIOra
783 772 905 800 versus,
931 765 1142 802 supereminet,
1168 774 1322 802 processus
1344 765 1540 795 Coracoideus
1567 768 1629 795 sive
1656 766 1787 796 uncifor-

275 821 329 841 mis
350 815 388 849 (3
404 814 432 849 ).

313 863 462 893 clavicula
482 863 552 901 (4)
582 863 728 901 oblonga,
757 864 941 901 sigmo'sdeam
971 867 1090 905 figuram
1122 868 1332 905 quodammodo
1365 867 1514 903 referens,
1544 868 1677 905 gracilis,
1707 868 1785 898 intus

274 924 418 949 concava,
442 922 524 943 extus
544 923 672 944 convexa
687 917 891 946 extremitatem
913 918 998 947 habet
1022 921 1216 955 pectoralem,
1238 919 1303 954 cui,
1325 918 1517 947 intercedente
1538 919 1674 955 singulari
1692 921 1786 949 lamel-

274 968 302 994 la
330 965 533 1002 cartilaginea,
565 965 653 994 sterni
681 967 859 995 manubrium
886 969 1041 1005 jungitur,
1072 978 1099 998 et
1119 970 1323 998 extremitatem
1347 969 1545 1005 acromialem‚
1568 971 1691 1004 quacum
1709 976 1786 999 suin-

280 1025 344 1045 mus
363 1017 519 1052 humerus,
541 1024 569 1046 et
585 1026 719 1053 quoque,
742 1019 958 1055 lIgamentorum
977 1030 1052 1058 ope,
1078 1030 1232 1058 processus
1252 1021 1438 1049 coracoideus
1461 1021 1643 1050 connectitur
1662 1021 1745 1057 (5).

320 1067 357 1095 Os
374 1067 484 1095 humeri
504 1077 528 1096 s.
550 1067 661 1096 brachii
682 1069 749 1106 (6)
771 1069 799 1098 in
819 1071 1011 1100 extremitates
1032 1079 1060 1100 et
1087 1081 1194 1107 corpus
1222 1071 1415 1107 distinguitur.
1456 1071 1630 1100 EXtremitas
1655 1071 1786 1107 superior

278 1119 363 1147 habet
381 1126 468 1155 caput
492 1128 637 1154 crassum,
658 1120 909 1157 semirotundum‚
930 1123 1112 1159 cartilaginea
1136 1124 1234 1151 crusta
1258 1122 1434 1158 obductum,
1456 1122 1504 1150 cui
1525 1123 1636 1150 adstant
1659 1123 1717 1150 duo
1741 1130 1786 1150 tu-

280 1170 416 1205 hercula,
438 1171 529 1207 majus
545 1170 654 1198 scilicet
669 1171 703 1198 ad
722 1171 888 1200 exteriorem
908 1173 985 1202 ossis
1007 1180 1114 1208 partem
1128 1194 1138 1207 ‚
1161 1173 1254 1201 minus
1280 1173 1314 1200 ad
1341 1173 1523 1208 interiorem,
1544 1172 1679 1201 distincta
1699 1174 1786 1201 semi-

280 1221 389 1256 canali,
419 1221 468 1256 qui
496 1221 638 1249 tendinem
665 1221 826 1257 longiorem
857 1223 980 1251 musculi
1008 1223 1137 1258 ssicipitis
1157 1223 1264 1251 brachii
1283 1223 1413 1251 continet
1433 1223 1514 1260 (7).
1555 1223 1691 1259 Corpus,
1710 1224 1785 1252 ossis

281 1280 346 1306 pars
368 1272 477 1306 media,
499 1278 594 1307 teres,
612 1272 705 1307 primo
730 1273 856 1308 rectiUS,
879 1274 943 1303 dein
962 1283 1059 1310 parum
1078 1274 1229 1303 incurvum
1243 1293 1253 1308 ,
1276 1273 1357 1302 lineis
1379 1274 1487 1309 asperis
1511 1280 1638 1302 notatum
1662 1283 1676 1302 a
1694 1274 1786 1302 valida

278 1323 470 1350 musculorum
496 1323 625 1358 actione,
647 1323 777 1358 latescit,
799 1324 873 1353 etin
900 1325 1103 1354 extremitatem
1131 1323 1294 1354 inferiorem
1319 1324 1399 1360 abit,
1430 1333 1501 1360 quae
1527 1324 1630 1361 partim
1656 1324 1691 1353 ad
1719 1323 1786 1352 arti-

280 1375 374 1402 culum
397 1373 486 1402 cubiti
501 1375 643 1411 pertinet,
665 1374 766 1410 partim
785 1375 814 1404 in
835 1377 976 1412 condylos
996 1377 1101 1406 desinit
1122 1374 1202 1412 (8).

555 1452 582 1488 S.
605 1459 634 1481 2.
675 1452 721 1481 De
738 1454 941 1482 articulatione
963 1455 1027 1482 ossis
1048 1453 1160 1482 humeri
1186 1459 1212 1481 et
1234 1453 1311 1482 illius
1332 1452 1507 1490 ligamentis.

315 1525 491 1555 Articulatio
515 1529 578 1556 ossis
602 1528 713 1556 humeri
738 1538 802 1558 cum
827 1531 944 1566 scapula
971 1539 1021 1566 per
1047 1529 1230 1559 arthrodiam
1260 1529 1314 1565 fit;
1336 1536 1423 1566 caput
1451 1529 1525 1558 enim
1550 1537 1681 1566 magnum
1711 1529 1785 1558 ossis

280 1576 389 1603 humeri
411 1577 439 1605 in
457 1578 578 1606 cavitate
601 1579 773 1614 superficiali
791 1583 944 1616 scapulae,
964 1583 1053 1619 γλήνη
1080 1582 1155 1610 dicta
1176 1581 1267 1617 (9),
1289 1580 1455 1615 invenitur,
1477 1580 1559 1617 cujus
1579 1579 1785 1609 articulationis

280 1634 335 1665 ope
352 1626 488 1656 liberrimi
511 1636 635 1665 possunt
660 1630 759 1666 perfici
781 1639 888 1662 motus.
925 1632 986 1669 Jam
1004 1640 1096 1668 vero,
1117 1637 1150 1660 ut
1167 1631 1196 1659 hi
1221 1638 1316 1660 motus
1342 1630 1476 1660 faciIIIme
1497 1638 1686 1668 peragantur,
1710 1638 1787 1660 utra·

314 1744 384 1778 (ι)
416 1745 474 1771 Alb.
502 1746 553 1771 tab.
581 1746 621 1774 16.

314 1791 376 1825 (2)
400 1792 466 1819 Xav.
485 1793 594 1824 Bichat,
611 1796 684 1823 Anat.
705 1803 790 1829 gener.
816 1804 834 1823 t.
853 1806 878 1823 2.
896 1805 921 1830 p.
936 1803 996 1829 233.
1023 1797 1107 1823 Paris.
1126 1797 1197 1823 1818.
1219 1795 1297 1821 dicit:
1325 1797 1346 1821 la
1365 1796 1458 1821 crodte
1481 1800 1617 1826 convexe‚
1632 1794 1677 1828 qui
1694 1800 1786 1819 recou-

279 1845 325 1864 vre
344 1839 367 1863 la
386 1840 438 1864 tete
454 1846 574 1872 ossense‚
593 1842 710 1873 presente
728 1843 759 1868 de
777 1844 929 1876 l'epaisseur
952 1851 982 1868 au
1004 1851 1107 1875 cencre,
1126 1844 1186 1868 mais
1209 1844 1258 1869 tres
1276 1849 1329 1876 peu
1348 1844 1361 1867 a
1380 1843 1402 1867 la
1419 1841 1623 1868 circonference.
1658 1841 1716 1868 Une
1734 1839 1786 1865 dis-

279 1885 395 1916 position
412 1886 511 1910 inverse
530 1893 558 1911 se
577 1894 714 1920 remarque
733 1890 747 1914 a
765 1890 985 1916 1'eucrontement
1007 1898 1138 1921 concave,
1156 1892 1201 1923 qui
1215 1899 1286 1918 cette
1304 1892 1359 1918 tete
1377 1893 1479 1924 recoit3
1498 1898 1549 1917 cet.

315 1929 384 1964 (3)
409 1931 508 1958 Sandif.
526 1932 652 1966 descript.
671 1942 722 1962 oss.
746 1943 773 1967 p.
789 1944 835 1966 129
852 1944 907 1967 seq.
923 1950 958 1955 —
976 1938 1026 1962 Alb
1051 1936 1084 1961 de
1101 1939 1193 1964 sceler.
1212 1937 1282 1964 hum.
1310 1945 1334 1964 c.
1353 1944 1395 1969 92.
1419 1944 1446 1969 p.
1464 1937 1513 1970 367
1531 1943 1587 1969 seq.

313 1975 380 2010 (4)
409 1978 468 2003 Alb.
487 1984 505 2004 t.
524 1986 565 2010 15.
752 1980 815 2014 (5)
836 1982 931 2009 Sandif.
950 1983 968 2009 1.
981 1990 1006 2009 c.
1026 1991 1052 2015 p.
1069 1990 1111 2015 ¹31
1133 1990 1189 2016 seq.
1207 1984 1266 2010 Alb.
1291 1984 1308 2010 1.
1326 1991 1350 2009 c.
1375 1991 1402 2015 p.
1414 1990 1461 2016 375
1480 1990 1536 2015 seq.

315 2021 380 2055 (6)
405 2023 467 2049 Alb.
490 2031 508 2050 t.
523 2031 564 2058 17.
699 2026 764 2060 (7)
793 2028 890 2055 Saudif.
910 2029 927 2054 l.
944 2035 969 2054 c.
992 2036 1018 2061 p.
1033 2035 1090 2061 133.
1227 2027 1294 2063 (8)
1320 2030 1379 2055 Alb.
1404 2030 1421 2056 1.
1438 2037 1461 2056 c.
1485 2037 1512 2056 c.
1527 2036 1570 2062 94.
1594 2036 1621 2061 p·
1636 2029 1695 2061 378.

315 2067 382 2103 (9)
407 2069 530 2097 Thesaur.
559 2072 623 2099 diss.
649 2074 713 2099 coll.
734 2074 764 2099 ab
790 2074 842 2101 Ed.
864 2074 960 2102 Sandis.
986 2075 1042 2103 vol.
1061 2082 1084 2101 1.
1108 2083 1135 2109 p.
1151 2077 1192 2108 38.
1222 2077 1247 2101 in
1275 2075 1336 2103 diss.
1363 2075 1448 2102 Dahlii
1474 2075 1505 2101 de
1536 2075 1605 2102 hum.
1635 2080 1731 2107 amput.
1754 2079 1787 2099 ex

281 2114 352 2141 artic.
377 2115 401 2148 §.
415 2122 442 2149 3.
