1919 2511
329 181 366 207 40
662 165 842 202 ANTONH
862 168 1039 200 HENRICI
1057 169 1123 198 'vnn
1143 175 1210 199 neu
1232 166 1346 200 BOON
1362 167 1508 199 MESCH

429 267 431 271 ¹
463 262 560 283 verum
582 248 662 282 etiam
689 250 786 289 patet,
808 260 894 289 quare
917 252 1003 290 hujus
1024 250 1156 281 fertilitas
1177 258 1233 281 tarn
1254 252 1384 282 celeriter
1406 252 1599 289 diminuatur,
1626 252 1705 282 humi
1726 254 1836 291 princi.

463 307 519 343 piis
538 305 661 341 solutis,
682 306 833 340 multoque
857 304 982 341 indigeat
1006 303 1088 333 fimo.

342 357 437 388 XVII.
459 357 511 386 Uti
536 364 603 392 ergo
619 355 699 385 hisce
715 352 837 385 criteriis
857 354 940 384 facile
955 355 990 383 ab
1009 353 1143 383 omnibus
1163 354 1269 390 terris,
1289 362 1362 390 quae
1382 356 1446 384 solo
1467 355 1567 384 insunt
1579 373 1592 391 ,
1612 356 1716 385 humus
1733 355 1836 385 distin-

462 409 511 445 gui
530 414 645 444 potest,
668 407 710 436 sic
735 407 817 435 etiam
840 406 911 435 solis
938 405 1163 442 proprietatibus
1180 405 1308 443 physicis
1328 406 1363 436 ab
1390 406 1425 434 iis
1451 405 1590 443 distingui
1620 412 1730 443 potest.

327 459 436 488 XVIII.
460 459 514 488 Est
539 465 632 488 autem
657 457 736 486 humi
753 457 875 494 pondus
893 456 1061 494 specificam
1089 463 1199 492 1‚225·

362 511 440 538 XlX.
465 519 517 539 reo
541 516 635 545 partes
654 508 733 536 humi
761 507 887 536 retinent
910 516 1000 543 aquae
1025 513 1121 544 partes
1143 516 1219 544 190,
1239 509 1386 539 volumina
1402 509 1487 546 69,2.

372 561 440 590 XX.
460 560 608 588 Absorbet
626 560 730 587 humus
746 567 779 587 ex
803 566 866 587 aere
893 567 984 594 aquae
1007 560 1045 588 80
1060 567 1145 596 grana
1162 559 1191 588 in
1219 568 1253 589 12
1270 561 1371 597 horis,
1391 567 1429 598 97
1447 568 1533 597 grana
1550 560 1579 589 in
1600 568 1637 594 24
1657 560 1756 596 horis,
1780 567 1834 591 110

460 620 545 649 grana
566 611 599 640 in
610 612 658 648 48.
699 608 794 639 Habet
812 610 899 647 igitur
918 610 1023 639 humus
1035 611 1065 639 si
1084 617 1266 647 comparetur
1287 620 1352 640 cum
1372 611 1436 641 aliis
1456 610 1559 647 terris,
1581 611 1729 640 maximam
1746 618 1835 646 aquae

456 662 651 691 absorbendae
670 661 853 697 facultatem,
875 668 924 696 et,
943 662 1007 690 sola
1029 662 1172 699 magnesia
1193 664 1333 699 excepta,
1358 671 1448 699 aquae
1470 662 1606 692 tenendae
1632 662 1702 692 vim.
1745 661 1834 690 Hisce

455 712 543 748 igitur
563 707 807 748 proprietatibus,
825 711 850 740 si
875 719 934 741 non
956 712 1025 740 alias
1050 712 1188 749 haberet,
1210 714 1343 742 maximas
1365 715 1421 752 jam
1445 719 1542 750 ageret
1564 719 1660 749 partes
1684 713 1788 753 humus
1805 713 1834 742 in

457 762 602 792 fertilitate
627 771 760 799 agrorum
780 763 926 799 augenda3
948 763 1022 791 unde
1045 764 1103 800 jam
1128 770 1237 794 veteres
1262 765 1391 801 inprimis
1411 763 1555 799 Romani,
1577 772 1611 792 ex
1630 771 1720 793 terrae
1747 771 1835 800 aquae

451 816 646 845 absorbendae
668 822 695 844 et
719 815 880 844 retinendae
903 813 1040 843 facultate
1062 815 1097 843 ad
1121 816 1182 852 ejus
1204 814 1380 844 fertilitatem
1403 815 1625 844 concludebant.

355 868 433 898 XXI.
455 868 488 897 Si
506 867 582 896 sicca
602 860 708 895 humus
734 874 796 902 est,
818 866 870 894 hac
891 865 1026 901 oxygenii
1043 865 1198 901 arripiendi
1221 866 1358 896 facultate
1381 874 1483 895 omnes
1503 865 1626 902 reliquas
1647 871 1763 905 superat
1781 871 1836 894 ter-

403 918 406 924 '
432 921 520 955 'ras;
543 925 571 947 et
589 921 695 948 ‘revera
719 917 760 946 sic
787 917 852 947 talia
875 917 1034 954 producit,
1055 917 1152 954 qualia
1176 918 1338 953 plantarum
1365 917 1545 949 incremento
1573 917 1654 945 valde
1679 916 1788 951 favent.

338 972 432 1001 XXII.
454 969 552 998 Radiis
578 969 650 998 solis
673 968 778 998 caloris
806 975 987 1005 augmentum
1010 968 1039 997 in
1064 969 1153 997 humo
1180 976 1321 997 summum
1354 975 1398 997 est
1415 987 1426 1004 ,
1463 976 1533 1004 prae
1562 967 1696 997 omnibus
1720 967 1804 997 terris
1823 987 1834 1002 ,

450 1022 559 1059 quippe
587 1022 690 1050 humus
718 1027 763 1049 est
789 1020 889 1056 nigrag,
921 1019 972 1055 qui
990 1020 1067 1048 calor
1090 1018 1169 1049 favet
1188 1027 1248 1049 non
1273 1020 1392 1056 solum,
1421 1028 1520 1049 verum
1548 1019 1631 1048 etiam
1655 1018 1833 1055 requiritur,

454 1079 487 1100 ut
511 1073 574 1100 ae're
598 1071 710 1101 facilius
735 1076 872 1100 mntetur.
1768 1108 1770 1111 y

320 1125 428 1154 XXIII.
452 1124 483 1153 Si
505 1125 610 1152 humus
635 1123 665 1152 vi
696 1121 841 1159 gaivanica
874 1121 1032 1157 tentetur3
1070 1121 1184 1150 diversa
1210 1122 1294 1158 etiarn
1318 1129 1402 1157 quam
1429 1121 1557 1158 reliquae
1580 1128 1670 1151 terrae
1695 1127 1834 1152 monstrat

449 1175 657 1212 phaenomena.
699 1173 770 1209 *Hae
799 1171 871 1201 enim
898 1171 1086 1227 adtrabuntur
1113 1176 1184 1209 polo
1212 1173 1368 1211 negativo,
1398 1173 1447 1202 illa
1477 1181 1548 1203 vero
1579 1173 1737 1202 adtrahitur
1763 1175 1832 1210 polo

450 1229 590 1266 positivo·

320 1281 481 1314 XX1V‚Si
506 1282 609 1309 humus
633 1279 698 1316 igne
726 1285 844 1315 uratur,
875 1278 989 1308 exhalat
1017 1283 1140 1316 vapores
1169 1277 1317 1314 ingratos,
1343 1275 1515 1313 ingratiores
1544 1283 1608 1304 cum
1636 1274 1710 1304 facta
1734 1275 1772 1304 sit
1799 1283 1832 1304 ex

449 1332 624 1368 corp01ibus
653 1331 841 1366 animalibus,
864 1330 1006 1366 spirantes
1023 1331 1155 1359 adustum
1176 1336 1279 1357 cornu.
1320 1327 1395 1356 Cum
1424 1335 1492 1355 vero
1515 1334 1738 1362 comparentur,
1762 1333 1833 1360 quae

454 1385 496 1413 sic
525 1383 760 1419 protruduntur‚
797 1387 866 1411 sunt
889 1381 999 1410 acidum
1026 1380 1238 1415 carbunicam,
1260 1378 1470 1415 hydrogenium
1495 1377 1678 1407 carbonicum
1695 1397 1706 1413 2
1738 1377 1832 1404 oleum

453 1444 552 1472 pyro·
540 1434 698 1470 -animale‚
720 1433 843 1469 aliaque.

702 1678 988 1721 crA-*P
1081 1679 1120 1717 U
1206 1680 1242 1737 'r
1373 1679 1442 1718 11⁶

923 1783 975 1804 DE
1004 1783 1118 1804 ΗυΜι
1136 1782 1236 1812 vusu.

321 1854 454 1915 Lubet
483 1883 538 1919 jam
571 1879 702 1919 indagare
726 1888 754 1911 et
781 1882 931 1911 ostendere
957 1877 1037 1910 humi
1064 1886 1171 1914 usum,
1202 1879 1273 1915 qui,
1302 1880 1344 1908 uti
1372 1879 1499 1908 omnium
1534 1885 1648 1912 rerum,
1681 1876 1722 1905 sic
1748 1875 1830 1903 etiam

324 1935 409 1970 liujus
429 1933 531 1961 fertihs
556 1940 665 1969 terrae,
685 1943 744 1963 non
767 1933 825 1962 nisi
845 1941 877 1960 ex
898 1932 991 1968 ipsius
1004 1928 1141 1957 materiei
1167 1936 1266 1959 natura
1286 1937 1314 1959 et
1337 1930 1434 1958 indole
1454 1928 1588 1965 explicari
1607 1934 1714 1964 potest.
1753 1926 1834 1954 Con-

323 1992 377 2013 srat
405 1985 535 2021 inprimis
561 1993 595 2013 ex
617 1985 808 2014 recentiorum
831 1983 873 2013 rei
895 1982 1019 2012 rusticae
1041 1988 1195 2011 auctorum
1221 1982 1443 2019 experimentis,
1463 1981 1591 2010 omnium
1618 1986 1754 2008 terrarum
1776 1977 1832 2005 fer·

322 2035 452 2063 tilitatem
476 2035 654 2071 repetendam
681 2044 743 2064 esse
760 2044 775 2063 a
800 2034 898 2063 multis
922 2032 1054 2068 caussis,
1086 2033 1241 2069 praecipue
1267 2042 1333 2062 vero
1354 2033 1389 2061 ab
1421 2032 1509 2060 humo
1534 2030 1693 2062 contenta,
1724 2028 1831 2064 quippe

328 2094 399 2120 quae
426 2086 528 2115 idonea
556 2086 673 2123 praebet
697 2086 803 2123 plantis
826 2085 969 2122 alimenta.
1011 2085 1086 2116 Cum
1114 2084 1210 2122 itaque
1235 2085 1270 2114 de
1296 2085 1376 2115 humi
1408 2092 1462 2114 usu
1489 2082 1597 2120 agimus
1615 2103 1625 2120 ,
1657 2080 1777 2110 dicimus
1799 2079 1834 2107 de

1777 2130 1832 2159 fer-
