<?xml version="1.0" encoding="UTF-8"?>
<!DOCTYPE html PUBLIC "-//W3C//DTD XHTML 1.0 Transitional//EN"
    "http://www.w3.org/TR/xhtml1/DTD/xhtml1-transitional.dtd">
<html xmlns="http://www.w3.org/1999/xhtml" xml:lang="en" lang="en">
 <head>
  <title>
</title>
<meta http-equiv="Content-Type" content="text/html;charset=utf-8" />
  <meta name='ocr-system' content='tesseract 3.04.00' />
  <meta name='ocr-capabilities' content='ocr_page ocr_carea ocr_par ocr_line ocrx_word'/>
</head>
<body>
  <div class='ocr_page' id='page_1' title='image "annalesacademiae24rijk_0053.png"; bbox 0 0 1919 2511; ppageno 0'>
   <div class='ocr_carea' id='block_1_1' title="bbox 645 105 1588 152">
    <p class='ocr_par' dir='ltr' id='par_1_1' title="bbox 645 105 1588 152">
     <span class='ocr_line' id='line_1_1' title="bbox 645 105 1588 152; baseline 0.005 -16"><span class='ocrx_word' id='word_1_1' title='bbox 645 105 1051 139; x_wconf 68' lang='lat' dir='ltr'>ORATIO.</span> <span class='ocrx_word' id='word_1_2' title='bbox 1220 116 1223 117; x_wconf 37' lang='lat'><em>⁷</em></span> <span class='ocrx_word' id='word_1_3' title='bbox 1567 120 1588 152; x_wconf 81' lang='lat'><strong>9</strong></span> 
     </span>
    </p>
   </div>
   <div class='ocr_carea' id='block_1_2' title="bbox 98 194 1607 2041">
    <p class='ocr_par' dir='ltr' id='par_1_2' title="bbox 117 194 1586 290">
     <span class='ocr_line' id='line_1_2' title="bbox 119 194 1586 242; baseline 0.002 -9"><span class='ocrx_word' id='word_1_4' title='bbox 119 199 236 241; x_wconf 74' lang='lat' dir='ltr'>fluxit,</span> <span class='ocrx_word' id='word_1_5' title='bbox 260 200 355 241; x_wconf 82' lang='lat' dir='ltr'>cujus</span> <span class='ocrx_word' id='word_1_6' title='bbox 371 195 557 230; x_wconf 87' lang='lat' dir='ltr'>celebrandi</span> <span class='ocrx_word' id='word_1_7' title='bbox 573 194 680 230; x_wconf 85' lang='lat' dir='ltr'>honos</span> <span class='ocrx_word' id='word_1_8' title='bbox 705 197 838 240; x_wconf 85' lang='lat' dir='ltr'>contigit</span> <span class='ocrx_word' id='word_1_9' title='bbox 861 209 1054 232; x_wconf 52' lang='lat' dir='ltr'>aurionno</span> <span class='ocrx_word' id='word_1_10' title='bbox 1075 211 1227 242; x_wconf 65' lang='lat' dir='ltr'>sveno,</span> <span class='ocrx_word' id='word_1_11' title='bbox 1252 200 1436 235; x_wconf 81' lang='lat' dir='ltr'>Medicinae</span> <span class='ocrx_word' id='word_1_12' title='bbox 1457 201 1586 236; x_wconf 76' lang='lat' dir='ltr'>Profes-</span> 
     </span>
     <span class='ocr_line' id='line_1_3' title="bbox 117 255 436 290; baseline -0.016 0"><span class='ocrx_word' id='word_1_13' title='bbox 117 257 192 290; x_wconf 74' lang='lat' dir='ltr'>-sori</span> <span class='ocrx_word' id='word_1_14' title='bbox 214 255 436 289; x_wconf 90' lang='lat' dir='ltr'>celeberrimo.</span> 
     </span>
    </p>

    <p class='ocr_par' dir='ltr' id='par_1_3' title="bbox 113 310 1588 582">
     <span class='ocr_line' id='line_1_4' title="bbox 187 310 1587 355; baseline 0.004 -11"><span class='ocrx_word' id='word_1_15' title='bbox 187 311 351 355; x_wconf 80' lang='lat' dir='ltr'>Quamvis</span> <span class='ocrx_word' id='word_1_16' title='bbox 386 311 471 343; x_wconf 80' lang='lat' dir='ltr'>inter</span> <span class='ocrx_word' id='word_1_17' title='bbox 491 320 678 343; x_wconf 60' lang='lat' dir='ltr'>„armorum</span> <span class='ocrx_word' id='word_1_18' title='bbox 712 310 867 353; x_wconf 85' lang='lat' dir='ltr'>strepitus</span> <span class='ocrx_word' id='word_1_19' title='bbox 905 310 1015 344; x_wconf 74' lang='lat' dir='ltr'>coacti</span> <span class='ocrx_word' id='word_1_20' title='bbox 1052 311 1143 345; x_wconf 83' lang='lat' dir='ltr'>hunc</span> <span class='ocrx_word' id='word_1_21' title='bbox 1180 312 1270 346; x_wconf 84' lang='lat' dir='ltr'>diem</span> <span class='ocrx_word' id='word_1_22' title='bbox 1304 313 1468 348; x_wconf 83' lang='lat' dir='ltr'>celebrare</span> <span class='ocrx_word' id='word_1_23' title='bbox 1510 318 1587 350; x_wconf 87' lang='lat' dir='ltr'>Ma-</span> 
     </span>
     <span class='ocr_line' id='line_1_5' title="bbox 113 367 1587 414; baseline 0.002 -12"><span class='ocrx_word' id='word_1_24' title='bbox 113 370 209 411; x_wconf 56' lang='lat' dir='ltr'>{ores</span> <span class='ocrx_word' id='word_1_25' title='bbox 236 368 362 409; x_wconf 81' lang='lat' dir='ltr'><strong>nostri,</strong></span> <span class='ocrx_word' id='word_1_26' title='bbox 395 372 509 400; x_wconf 88' lang='lat' dir='ltr'>tamen</span> <span class='ocrx_word' id='word_1_27' title='bbox 540 368 748 399; x_wconf 79' lang='lat' dir='ltr'>occasionem</span> <span class='ocrx_word' id='word_1_28' title='bbox 773 367 950 400; x_wconf 87' lang='lat' dir='ltr'>noluerunt</span> <span class='ocrx_word' id='word_1_29' title='bbox 975 370 1255 412; x_wconf 75' lang='lat' dir='ltr'><strong>praetermittere,</strong></span> <span class='ocrx_word' id='word_1_30' title='bbox 1278 376 1409 414; x_wconf 84' lang='lat' dir='ltr'>gratum</span> <span class='ocrx_word' id='word_1_31' title='bbox 1437 373 1587 406; x_wconf 81' lang='lat' dir='ltr'>animum</span> 
     </span>
     <span class='ocr_line' id='line_1_6' title="bbox 120 422 1588 470; baseline 0.003 -13"><span class='ocrx_word' id='word_1_32' title='bbox 120 436 267 457; x_wconf 77' lang='lat' dir='ltr'>RERUM</span> <span class='ocrx_word' id='word_1_33' title='bbox 288 435 568 456; x_wconf 69' lang='lat' dir='ltr'>monnnAzrom</span> <span class='ocrx_word' id='word_1_34' title='bbox 588 422 800 464; x_wconf 81' lang='lat' dir='ltr'>testificandi,</span> <span class='ocrx_word' id='word_1_35' title='bbox 822 424 880 456; x_wconf 79' lang='lat' dir='ltr'>eui</span> <span class='ocrx_word' id='word_1_36' title='bbox 899 423 1134 467; x_wconf 75' lang='lat' dir='ltr'>benignissime</span> <span class='ocrx_word' id='word_1_37' title='bbox 1159 427 1330 469; x_wconf 84' lang='lat' dir='ltr'>placuerat</span> <span class='ocrx_word' id='word_1_38' title='bbox 1352 427 1588 470; x_wconf 80' lang='lat' dir='ltr'>Academiam,</span> 
     </span>
     <span class='ocr_line' id='line_1_7' title="bbox 117 477 1586 525; baseline 0.003 -12"><span class='ocrx_word' id='word_1_39' title='bbox 117 481 194 513; x_wconf 69' lang='lat' dir='ltr'>licet</span> <span class='ocrx_word' id='word_1_40' title='bbox 219 481 351 524; x_wconf 88' lang='lat' dir='ltr'>saepius</span> <span class='ocrx_word' id='word_1_41' title='bbox 375 486 650 524; x_wconf 75' lang='lat' dir='ltr'>conquassatam,</span> <span class='ocrx_word' id='word_1_42' title='bbox 680 479 723 512; x_wconf 85' lang='lat' dir='ltr'>ab</span> <span class='ocrx_word' id='word_1_43' title='bbox 747 477 827 523; x_wconf 83' lang='lat' dir='ltr'>ipsis</span> <span class='ocrx_word' id='word_1_44' title='bbox 853 480 1063 514; x_wconf 83' lang='lat' dir='ltr'>incunabulis</span> <span class='ocrx_word' id='word_1_45' title='bbox 1090 492 1307 525; x_wconf 85' lang='lat' dir='ltr'>conservare,</span> <span class='ocrx_word' id='word_1_46' title='bbox 1341 489 1372 515; x_wconf 85' lang='lat' dir='ltr'>et</span> <span class='ocrx_word' id='word_1_47' title='bbox 1400 494 1423 515; x_wconf 83' lang='lat' dir='ltr'>a</span> <span class='ocrx_word' id='word_1_48' title='bbox 1447 486 1586 517; x_wconf 85' lang='lat' dir='ltr'>Summo</span> 
     </span>
     <span class='ocr_line' id='line_1_8' title="bbox 114 536 1513 582; baseline 0.002 -13"><span class='ocrx_word' id='word_1_49' title='bbox 114 538 265 570; x_wconf 84' lang='lat' dir='ltr'>-Numine</span> <span class='ocrx_word' id='word_1_50' title='bbox 282 537 441 569; x_wconf 81' lang='lat' dir='ltr'>auxilium</span> <span class='ocrx_word' id='word_1_51' title='bbox 460 542 498 569; x_wconf 86' lang='lat' dir='ltr'>et</span> <span class='ocrx_word' id='word_1_52' title='bbox 514 537 649 569; x_wconf 89' lang='lat' dir='ltr'>tutelam</span> <span class='ocrx_word' id='word_1_53' title='bbox 668 541 864 579; x_wconf 80' lang='lat' dir='ltr'>perpetuam</span> <span class='ocrx_word' id='word_1_54' title='bbox 884 536 1030 581; x_wconf 62' lang='lat' dir='ltr'>religiosa</span> <span class='ocrx_word' id='word_1_55' title='bbox 1056 548 1135 571; x_wconf 92' lang='lat' dir='ltr'>cum</span> <span class='ocrx_word' id='word_1_56' title='bbox 1163 539 1284 572; x_wconf 67' lang='lat' dir='ltr'>fiducia</span> <span class='ocrx_word' id='word_1_57' title='bbox 1304 539 1513 582; x_wconf 88' lang='lat' dir='ltr'>deprecandi.</span> 
     </span>
    </p>

    <p class='ocr_par' dir='ltr' id='par_1_4' title="bbox 111 594 1607 795">
     <span class='ocr_line' id='line_1_9' title="bbox 183 594 1583 637; baseline 0.003 -12"><span class='ocrx_word' id='word_1_58' title='bbox 183 596 254 626; x_wconf 90' lang='lat' dir='ltr'>Nec</span> <span class='ocrx_word' id='word_1_59' title='bbox 280 594 402 626; x_wconf 87' lang='lat' dir='ltr'>frustra</span> <span class='ocrx_word' id='word_1_60' title='bbox 433 605 561 626; x_wconf 71' lang='lat' dir='ltr'>suunt</span> <span class='ocrx_word' id='word_1_61' title='bbox 583 604 757 625; x_wconf 83' lang='lat' dir='ltr'>NUMINIS</span> <span class='ocrx_word' id='word_1_62' title='bbox 787 594 948 626; x_wconf 82' lang='lat' dir='ltr'>auxilium</span> <span class='ocrx_word' id='word_1_63' title='bbox 979 600 1233 637; x_wconf 81' lang='lat' dir='ltr'>exspectarunt3</span> <span class='ocrx_word' id='word_1_64' title='bbox 1266 595 1473 629; x_wconf 88' lang='lat' dir='ltr'>atrocissimo</span> <span class='ocrx_word' id='word_1_65' title='bbox 1498 596 1583 630; x_wconf 85' lang='lat' dir='ltr'>bello</span> 
     </span>
     <span class='ocr_line' id='line_1_10' title="bbox 115 647 1607 694; baseline 0.001 -11"><span class='ocrx_word' id='word_1_66' title='bbox 115 650 252 683; x_wconf 80' lang='lat' dir='ltr'>feliciter</span> <span class='ocrx_word' id='word_1_67' title='bbox 279 650 322 683; x_wconf 88' lang='lat' dir='ltr'>ad</span> <span class='ocrx_word' id='word_1_68' title='bbox 346 650 448 682; x_wconf 84' lang='lat' dir='ltr'>finem</span> <span class='ocrx_word' id='word_1_69' title='bbox 473 649 652 693; x_wconf 86' lang='lat' dir='ltr'>perducto,</span> <span class='ocrx_word' id='word_1_70' title='bbox 675 660 822 692; x_wconf 83' lang='lat' dir='ltr'>paceque</span> <span class='ocrx_word' id='word_1_71' title='bbox 844 647 971 682; x_wconf 77' lang='lat' dir='ltr'>reddita</span> <span class='ocrx_word' id='word_1_72' title='bbox 986 674 995 691; x_wconf 94' lang='lat'>‚</span> <span class='ocrx_word' id='word_1_73' title='bbox 1018 651 1126 683; x_wconf 85' lang='lat' dir='ltr'>Musis</span> <span class='ocrx_word' id='word_1_74' title='bbox 1153 651 1392 691; x_wconf 82' lang='lat' dir='ltr'>Leidensihus,</span> <span class='ocrx_word' id='word_1_75' title='bbox 1418 661 1503 694; x_wconf 83' lang='lat' dir='ltr'>quac</span> <span class='ocrx_word' id='word_1_76' title='bbox 1527 658 1582 685; x_wconf 42' lang='lat' dir='ltr'>tae</span> <span class='ocrx_word' id='word_1_77' title='bbox 1604 658 1607 660; x_wconf 85' lang='lat'>&#39;</span> 
     </span>
     <span class='ocr_line' id='line_1_11' title="bbox 117 703 1583 750; baseline 0.002 -12"><span class='ocrx_word' id='word_1_78' title='bbox 117 716 196 739; x_wconf 87' lang='lat' dir='ltr'>men</span> <span class='ocrx_word' id='word_1_79' title='bbox 218 707 306 740; x_wconf 79' lang='lat' dir='ltr'>inter</span> <span class='ocrx_word' id='word_1_80' title='bbox 326 716 422 738; x_wconf 77' lang='lat' dir='ltr'>arma</span> <span class='ocrx_word' id='word_1_81' title='bbox 442 716 511 738; x_wconf 88' lang='lat' dir='ltr'>non</span> <span class='ocrx_word' id='word_1_82' title='bbox 526 706 700 746; x_wconf 80' lang='lat' dir='ltr'>siluerant,</span> <span class='ocrx_word' id='word_1_83' title='bbox 724 703 831 738; x_wconf 79' lang='lat' dir='ltr'>otium</span> <span class='ocrx_word' id='word_1_84' title='bbox 846 705 926 739; x_wconf 85' lang='lat' dir='ltr'>illud</span> <span class='ocrx_word' id='word_1_85' title='bbox 941 704 1124 739; x_wconf 87' lang='lat' dir='ltr'>literarium</span> <span class='ocrx_word' id='word_1_86' title='bbox 1141 707 1407 750; x_wconf 80' lang='lat' dir='ltr'>concedebatur,</span> <span class='ocrx_word' id='word_1_87' title='bbox 1425 708 1513 750; x_wconf 84' lang='lat' dir='ltr'>quod</span> <span class='ocrx_word' id='word_1_88' title='bbox 1535 710 1583 741; x_wconf 85' lang='lat' dir='ltr'>in-</span> 
     </span>
     <span class='ocr_line' id='line_1_12' title="bbox 111 761 670 795; baseline 0.002 -1"><span class='ocrx_word' id='word_1_89' title='bbox 111 767 164 794; x_wconf 72' lang='lat' dir='ltr'>ter</span> <span class='ocrx_word' id='word_1_90' title='bbox 186 772 281 794; x_wconf 87' lang='lat' dir='ltr'>arma</span> <span class='ocrx_word' id='word_1_91' title='bbox 303 762 430 794; x_wconf 40' lang='lat' dir='ltr'>*frustra</span> <span class='ocrx_word' id='word_1_92' title='bbox 454 761 670 795; x_wconf 78' lang='lat' dir='ltr'>desideratur.</span> 
     </span>
    </p>

    <p class='ocr_par' dir='ltr' id='par_1_5' title="bbox 107 817 1583 1254">
     <span class='ocr_line' id='line_1_13' title="bbox 131 817 1583 865; baseline 0.003 -14"><span class='ocrx_word' id='word_1_93' title='bbox 131 841 134 844; x_wconf 80' lang='lat'><em>-</em></span> <span class='ocrx_word' id='word_1_94' title='bbox 177 819 274 861; x_wconf 81' lang='lat' dir='ltr'>Quae</span> <span class='ocrx_word' id='word_1_95' title='bbox 301 820 391 851; x_wconf 86' lang='lat' dir='ltr'>enim</span> <span class='ocrx_word' id='word_1_96' title='bbox 417 817 526 860; x_wconf 88' lang='lat' dir='ltr'>primo</span> <span class='ocrx_word' id='word_1_97' title='bbox 543 819 652 850; x_wconf 85' lang='lat' dir='ltr'>seculo</span> <span class='ocrx_word' id='word_1_98' title='bbox 670 823 867 860; x_wconf 79' lang='lat' dir='ltr'>praeparata</span> <span class='ocrx_word' id='word_1_99' title='bbox 888 828 928 851; x_wconf 90' lang='lat' dir='ltr'>ac</span> <span class='ocrx_word' id='word_1_100' title='bbox 943 818 1081 853; x_wconf 84' lang='lat' dir='ltr'>fundata</span> <span class='ocrx_word' id='word_1_101' title='bbox 1099 824 1212 863; x_wconf 82' lang='lat' dir='ltr'>erant,</span> <span class='ocrx_word' id='word_1_102' title='bbox 1235 825 1268 854; x_wconf 84' lang='lat' dir='ltr'>et</span> <span class='ocrx_word' id='word_1_103' title='bbox 1293 820 1337 853; x_wconf 88' lang='lat' dir='ltr'>ad</span> <span class='ocrx_word' id='word_1_104' title='bbox 1362 831 1461 855; x_wconf 90' lang='lat' dir='ltr'>omne</span> <span class='ocrx_word' id='word_1_105' title='bbox 1478 829 1583 865; x_wconf 86' lang='lat' dir='ltr'>genus</span> 
     </span>
     <span class='ocr_line' id='line_1_14' title="bbox 113 873 1582 920; baseline 0.003 -14"><span class='ocrx_word' id='word_1_106' title='bbox 113 873 298 906; x_wconf 83' lang='lat' dir='ltr'>studiorum</span> <span class='ocrx_word' id='word_1_107' title='bbox 327 874 565 917; x_wconf 81' lang='lat' dir='ltr'>perficiendum</span> <span class='ocrx_word' id='word_1_108' title='bbox 605 873 907 917; x_wconf 82' lang='lat' dir='ltr'>absolvendumque</span> <span class='ocrx_word' id='word_1_109' title='bbox 948 875 1137 908; x_wconf 84' lang='lat' dir='ltr'>necessaria</span> <span class='ocrx_word' id='word_1_110' title='bbox 1170 876 1368 910; x_wconf 85' lang='lat' dir='ltr'>videbantur</span> <span class='ocrx_word' id='word_1_111' title='bbox 1384 902 1395 919; x_wconf 90' lang='lat'>,</span> <span class='ocrx_word' id='word_1_112' title='bbox 1433 878 1582 920; x_wconf 82' lang='lat' dir='ltr'>perficie-</span> 
     </span>
     <span class='ocr_line' id='line_1_15' title="bbox 112 929 1581 973; baseline 0.003 -12"><span class='ocrx_word' id='word_1_113' title='bbox 112 929 237 962; x_wconf 79' lang='lat' dir='ltr'>bantur</span> <span class='ocrx_word' id='word_1_114' title='bbox 258 935 292 962; x_wconf 86' lang='lat' dir='ltr'>et</span> <span class='ocrx_word' id='word_1_115' title='bbox 314 929 621 973; x_wconf 84' lang='lat' dir='ltr'>amplificabantur;</span> <span class='ocrx_word' id='word_1_116' title='bbox 654 930 722 962; x_wconf 91' lang='lat' dir='ltr'>imo</span> <span class='ocrx_word' id='word_1_117' title='bbox 745 934 839 962; x_wconf 80' lang='lat' dir='ltr'>tanta</span> <span class='ocrx_word' id='word_1_118' title='bbox 859 929 922 962; x_wconf 86' lang='lat' dir='ltr'>fuit</span> <span class='ocrx_word' id='word_1_119' title='bbox 948 932 1100 963; x_wconf 86' lang='lat' dir='ltr'>omnium</span> <span class='ocrx_word' id='word_1_120' title='bbox 1129 942 1226 964; x_wconf 85' lang='lat' dir='ltr'>verae</span> <span class='ocrx_word' id='word_1_121' title='bbox 1251 932 1445 966; x_wconf 87' lang='lat' dir='ltr'>eruditionis</span> <span class='ocrx_word' id='word_1_122' title='bbox 1473 933 1581 965; x_wconf 87' lang='lat' dir='ltr'>culto-</span> 
     </span>
     <span class='ocr_line' id='line_1_16' title="bbox 108 981 1581 1030; baseline 0.003 -13"><span class='ocrx_word' id='word_1_123' title='bbox 108 994 189 1017; x_wconf 80' lang='lat' dir='ltr'>rum</span> <span class='ocrx_word' id='word_1_124' title='bbox 217 985 264 1018; x_wconf 87' lang='lat' dir='ltr'>de</span> <span class='ocrx_word' id='word_1_125' title='bbox 294 984 359 1018; x_wconf 85' lang='lat' dir='ltr'>hac</span> <span class='ocrx_word' id='word_1_126' title='bbox 385 984 566 1018; x_wconf 82' lang='lat' dir='ltr'>Academia</span> <span class='ocrx_word' id='word_1_127' title='bbox 593 981 812 1027; x_wconf 83' lang='lat' dir='ltr'>existimatio,</span> <span class='ocrx_word' id='word_1_128' title='bbox 844 991 880 1018; x_wconf 88' lang='lat' dir='ltr'>ut</span> <span class='ocrx_word' id='word_1_129' title='bbox 904 986 1102 1020; x_wconf 88' lang='lat' dir='ltr'>discentium</span> <span class='ocrx_word' id='word_1_130' title='bbox 1131 994 1309 1030; x_wconf 84' lang='lat' dir='ltr'>proventus</span> <span class='ocrx_word' id='word_1_131' title='bbox 1331 990 1419 1022; x_wconf 65' lang='lat' dir='ltr'>nulla</span> <span class='ocrx_word' id='word_1_132' title='bbox 1441 990 1477 1023; x_wconf 86' lang='lat' dir='ltr'>in</span> <span class='ocrx_word' id='word_1_133' title='bbox 1495 990 1581 1022; x_wconf 84' lang='lat' dir='ltr'>Aca-</span> 
     </span>
     <span class='ocr_line' id='line_1_17' title="bbox 109 1040 1582 1087; baseline 0.003 -14"><span class='ocrx_word' id='word_1_134' title='bbox 109 1040 219 1073; x_wconf 60' lang='lat' dir='ltr'>demia</span> <span class='ocrx_word' id='word_1_135' title='bbox 237 1047 430 1075; x_wconf 84' lang='lat' dir='ltr'>nostrarum</span> <span class='ocrx_word' id='word_1_136' title='bbox 440 1043 625 1085; x_wconf 85' lang='lat' dir='ltr'>Regionum</span> <span class='ocrx_word' id='word_1_137' title='bbox 640 1046 753 1073; x_wconf 81' lang='lat' dir='ltr'>tantus</span> <span class='ocrx_word' id='word_1_138' title='bbox 765 1041 1085 1085; x_wconf 83' lang='lat' dir='ltr'>deprehenderetur,</span> <span class='ocrx_word' id='word_1_139' title='bbox 1104 1050 1247 1087; x_wconf 78' lang='lat' dir='ltr'>quantus</span> <span class='ocrx_word' id='word_1_140' title='bbox 1264 1043 1300 1077; x_wconf 78' lang='lat' dir='ltr'>in</span> <span class='ocrx_word' id='word_1_141' title='bbox 1318 1046 1489 1085; x_wconf 88' lang='lat' dir='ltr'>Leidensi;</span> <span class='ocrx_word' id='word_1_142' title='bbox 1513 1046 1582 1078; x_wconf 82' lang='lat' dir='ltr'>imo</span> 
     </span>
     <span class='ocr_line' id='line_1_18' title="bbox 109 1097 1581 1143; baseline 0.004 -14"><span class='ocrx_word' id='word_1_143' title='bbox 109 1097 194 1130; x_wconf 87' lang='lat' dir='ltr'>bene</span> <span class='ocrx_word' id='word_1_144' title='bbox 209 1099 327 1139; x_wconf 88' lang='lat' dir='ltr'>multi,</span> <span class='ocrx_word' id='word_1_145' title='bbox 356 1099 412 1141; x_wconf 90' lang='lat' dir='ltr'>qui</span> <span class='ocrx_word' id='word_1_146' title='bbox 431 1098 501 1130; x_wconf 89' lang='lat' dir='ltr'>aliis</span> <span class='ocrx_word' id='word_1_147' title='bbox 524 1099 559 1130; x_wconf 91' lang='lat' dir='ltr'>in</span> <span class='ocrx_word' id='word_1_148' title='bbox 581 1097 702 1130; x_wconf 85' lang='lat' dir='ltr'>scholis</span> <span class='ocrx_word' id='word_1_149' title='bbox 728 1097 946 1131; x_wconf 82' lang='lat' dir='ltr'>fundamenta</span> <span class='ocrx_word' id='word_1_150' title='bbox 967 1105 1169 1142; x_wconf 79' lang='lat' dir='ltr'>posuerant,</span> <span class='ocrx_word' id='word_1_151' title='bbox 1194 1099 1261 1133; x_wconf 82' lang='lat' dir='ltr'>huc</span> <span class='ocrx_word' id='word_1_152' title='bbox 1288 1101 1398 1143; x_wconf 83' lang='lat' dir='ltr'>denuo</span> <span class='ocrx_word' id='word_1_153' title='bbox 1422 1102 1581 1136; x_wconf 82' lang='lat' dir='ltr'>advenie-</span> 
     </span>
     <span class='ocr_line' id='line_1_19' title="bbox 108 1153 1579 1201; baseline 0.004 -15"><span class='ocrx_word' id='word_1_154' title='bbox 108 1153 212 1195; x_wconf 77' lang='lat' dir='ltr'>hant,</span> <span class='ocrx_word' id='word_1_155' title='bbox 237 1160 273 1187; x_wconf 89' lang='lat' dir='ltr'>ut</span> <span class='ocrx_word' id='word_1_156' title='bbox 290 1155 414 1187; x_wconf 86' lang='lat' dir='ltr'>solidae</span> <span class='ocrx_word' id='word_1_157' title='bbox 429 1153 621 1187; x_wconf 86' lang='lat' dir='ltr'>eruditionis</span> <span class='ocrx_word' id='word_1_158' title='bbox 637 1163 799 1195; x_wconf 87' lang='lat' dir='ltr'>succum,</span> <span class='ocrx_word' id='word_1_159' title='bbox 824 1165 924 1198; x_wconf 88' lang='lat' dir='ltr'>quem</span> <span class='ocrx_word' id='word_1_160' title='bbox 951 1155 1022 1187; x_wconf 87' lang='lat' dir='ltr'>aliis</span> <span class='ocrx_word' id='word_1_161' title='bbox 1044 1154 1081 1188; x_wconf 79' lang='lat' dir='ltr'>in</span> <span class='ocrx_word' id='word_1_162' title='bbox 1103 1156 1292 1190; x_wconf 81' lang='lat' dir='ltr'>Academiis</span> <span class='ocrx_word' id='word_1_163' title='bbox 1313 1157 1512 1201; x_wconf 84' lang='lat' dir='ltr'>hauserant,</span> <span class='ocrx_word' id='word_1_164' title='bbox 1535 1157 1579 1192; x_wconf 85' lang='lat' dir='ltr'>ad</span> 
     </span>
     <span class='ocr_line' id='line_1_20' title="bbox 107 1210 1170 1254; baseline 0.003 -12"><span class='ocrx_word' id='word_1_165' title='bbox 107 1210 241 1253; x_wconf 87' lang='lat' dir='ltr'>plenam</span> <span class='ocrx_word' id='word_1_166' title='bbox 262 1211 431 1244; x_wconf 83' lang='lat' dir='ltr'>doctrinae</span> <span class='ocrx_word' id='word_1_167' title='bbox 456 1216 709 1244; x_wconf 82' lang='lat' dir='ltr'>consummatae</span> <span class='ocrx_word' id='word_1_168' title='bbox 734 1211 959 1243; x_wconf 81' lang='lat' dir='ltr'>maturitatem</span> <span class='ocrx_word' id='word_1_169' title='bbox 979 1218 1170 1254; x_wconf 77' lang='lat' dir='ltr'>coquerent.</span> 
     </span>
    </p>

    <p class='ocr_par' dir='ltr' id='par_1_6' title="bbox 105 1267 1577 1424">
     <span class='ocr_line' id='line_1_21' title="bbox 174 1267 1577 1314; baseline 0.005 -15"><span class='ocrx_word' id='word_1_170' title='bbox 174 1268 250 1300; x_wconf 91' lang='lat' dir='ltr'>Hoc</span> <span class='ocrx_word' id='word_1_171' title='bbox 268 1272 416 1312; x_wconf 89' lang='lat' dir='ltr'>tempore</span> <span class='ocrx_word' id='word_1_172' title='bbox 433 1279 686 1301; x_wconf 78' lang='lat' dir='ltr'>FRANCISCUS</span> <span class='ocrx_word' id='word_1_173' title='bbox 709 1279 937 1301; x_wconf 58' lang='lat' dir='ltr'>rimamus</span> <span class='ocrx_word' id='word_1_174' title='bbox 949 1292 959 1310; x_wconf 87' lang='lat'>,</span> <span class='ocrx_word' id='word_1_175' title='bbox 983 1267 1171 1311; x_wconf 85' lang='lat' dir='ltr'>Theologus</span> <span class='ocrx_word' id='word_1_176' title='bbox 1190 1269 1243 1302; x_wconf 89' lang='lat' dir='ltr'>sui</span> <span class='ocrx_word' id='word_1_177' title='bbox 1259 1271 1416 1314; x_wconf 84' lang='lat' dir='ltr'>temporis</span> <span class='ocrx_word' id='word_1_178' title='bbox 1436 1271 1577 1305; x_wconf 89' lang='lat' dir='ltr'>celeber-</span> 
     </span>
     <span class='ocr_line' id='line_1_22' title="bbox 106 1322 1577 1368; baseline 0.004 -13"><span class='ocrx_word' id='word_1_179' title='bbox 106 1323 234 1365; x_wconf 79' lang='lat' dir='ltr'>rimus,</span> <span class='ocrx_word' id='word_1_180' title='bbox 257 1333 362 1367; x_wconf 86' lang='lat' dir='ltr'>quum</span> <span class='ocrx_word' id='word_1_181' title='bbox 384 1325 480 1357; x_wconf 79' lang='lat' dir='ltr'>tertia</span> <span class='ocrx_word' id='word_1_182' title='bbox 506 1324 576 1357; x_wconf 89' lang='lat' dir='ltr'>vice</span> <span class='ocrx_word' id='word_1_183' title='bbox 600 1322 802 1357; x_wconf 85' lang='lat' dir='ltr'>Academiae</span> <span class='ocrx_word' id='word_1_184' title='bbox 823 1324 1055 1368; x_wconf 84' lang='lat' dir='ltr'>magistratum</span> <span class='ocrx_word' id='word_1_185' title='bbox 1076 1324 1273 1368; x_wconf 82' lang='lat' dir='ltr'>deponeret,</span> <span class='ocrx_word' id='word_1_186' title='bbox 1296 1327 1436 1360; x_wconf 78' lang='lat' dir='ltr'>solemni</span> <span class='ocrx_word' id='word_1_187' title='bbox 1459 1330 1577 1361; x_wconf 87' lang='lat' dir='ltr'>oratio-</span> 
     </span>
     <span class='ocr_line' id='line_1_23' title="bbox 105 1380 1546 1424; baseline 0.003 -12"><span class='ocrx_word' id='word_1_188' title='bbox 105 1388 148 1412; x_wconf 86' lang='lat' dir='ltr'>ne</span> <span class='ocrx_word' id='word_1_189' title='bbox 157 1404 169 1421; x_wconf 93' lang='lat'>,</span> <span class='ocrx_word' id='word_1_190' title='bbox 194 1385 272 1412; x_wconf 84' lang='lat' dir='ltr'>ante</span> <span class='ocrx_word' id='word_1_191' title='bbox 284 1380 432 1413; x_wconf 89' lang='lat' dir='ltr'>seculum</span> <span class='ocrx_word' id='word_1_192' title='bbox 447 1404 458 1422; x_wconf 96' lang='lat'>,</span> <span class='ocrx_word' id='word_1_193' title='bbox 481 1380 629 1413; x_wconf 88' lang='lat' dir='ltr'>natalem</span> <span class='ocrx_word' id='word_1_194' title='bbox 655 1382 725 1422; x_wconf 90' lang='lat' dir='ltr'>ejus</span> <span class='ocrx_word' id='word_1_195' title='bbox 743 1382 964 1414; x_wconf 89' lang='lat' dir='ltr'>centesimum</span> <span class='ocrx_word' id='word_1_196' title='bbox 982 1385 1015 1413; x_wconf 89' lang='lat' dir='ltr'>et</span> <span class='ocrx_word' id='word_1_197' title='bbox 1029 1381 1339 1424; x_wconf 83' lang='lat' dir='ltr'>quinquagesimum</span> <span class='ocrx_word' id='word_1_198' title='bbox 1354 1382 1546 1418; x_wconf 74' lang='lat' dir='ltr'>celebravit.</span> 
     </span>
    </p>

    <p class='ocr_par' dir='ltr' id='par_1_7' title="bbox 102 1435 1574 1645">
     <span class='ocr_line' id='line_1_24' title="bbox 170 1435 1574 1481; baseline 0.004 -14"><span class='ocrx_word' id='word_1_199' title='bbox 170 1437 243 1467; x_wconf 86' lang='lat' dir='ltr'>Nec</span> <span class='ocrx_word' id='word_1_200' title='bbox 264 1436 366 1467; x_wconf 85' lang='lat' dir='ltr'>altera</span> <span class='ocrx_word' id='word_1_201' title='bbox 398 1435 498 1477; x_wconf 87' lang='lat' dir='ltr'>hujus</span> <span class='ocrx_word' id='word_1_202' title='bbox 525 1436 628 1468; x_wconf 84' lang='lat' dir='ltr'>seculi</span> <span class='ocrx_word' id='word_1_203' title='bbox 653 1446 731 1478; x_wconf 84' lang='lat' dir='ltr'>pars</span> <span class='ocrx_word' id='word_1_204' title='bbox 753 1436 953 1469; x_wconf 82' lang='lat' dir='ltr'>Academiae</span> <span class='ocrx_word' id='word_1_205' title='bbox 981 1437 1092 1468; x_wconf 88' lang='lat' dir='ltr'>minus</span> <span class='ocrx_word' id='word_1_206' title='bbox 1114 1436 1177 1468; x_wconf 89' lang='lat' dir='ltr'>fuit</span> <span class='ocrx_word' id='word_1_207' title='bbox 1199 1446 1377 1480; x_wconf 88' lang='lat' dir='ltr'>prospera3</span> <span class='ocrx_word' id='word_1_208' title='bbox 1408 1448 1489 1481; x_wconf 90' lang='lat' dir='ltr'>pace</span> <span class='ocrx_word' id='word_1_209' title='bbox 1517 1439 1574 1474; x_wconf 80' lang='lat' dir='ltr'>ni-.</span> 
     </span>
     <span class='ocr_line' id='line_1_25' title="bbox 107 1489 1575 1535; baseline 0.005 -13"><span class='ocrx_word' id='word_1_210' title='bbox 107 1491 171 1522; x_wconf 84' lang='lat' dir='ltr'>mir</span> <span class='ocrx_word' id='word_1_211' title='bbox 174 1500 230 1522; x_wconf 89' lang='lat' dir='ltr'>um</span> <span class='ocrx_word' id='word_1_212' title='bbox 258 1489 433 1522; x_wconf 84' lang='lat' dir='ltr'>fruebatur</span> <span class='ocrx_word' id='word_1_213' title='bbox 455 1492 576 1533; x_wconf 82' lang='lat' dir='ltr'>patria3</span> <span class='ocrx_word' id='word_1_214' title='bbox 602 1490 826 1533; x_wconf 84' lang='lat' dir='ltr'>celeberrimi,</span> <span class='ocrx_word' id='word_1_215' title='bbox 859 1493 895 1524; x_wconf 90' lang='lat' dir='ltr'>in</span> <span class='ocrx_word' id='word_1_216' title='bbox 926 1491 1070 1534; x_wconf 83' lang='lat' dir='ltr'>cujusvis</span> <span class='ocrx_word' id='word_1_217' title='bbox 1097 1492 1224 1535; x_wconf 86' lang='lat' dir='ltr'>generis</span> <span class='ocrx_word' id='word_1_218' title='bbox 1249 1493 1380 1534; x_wconf 85' lang='lat' dir='ltr'>studio,</span> <span class='ocrx_word' id='word_1_219' title='bbox 1405 1495 1575 1529; x_wconf 86' lang='lat' dir='ltr'>Professo-</span> 
     </span>
     <span class='ocr_line' id='line_1_26' title="bbox 105 1545 1569 1616; baseline 0.003 -39"><span class='ocrx_word' id='word_1_220' title='bbox 105 1555 159 1578; x_wconf 85' lang='lat' dir='ltr'>res</span> <span class='ocrx_word' id='word_1_221' title='bbox 181 1556 302 1588; x_wconf 88' lang='lat' dir='ltr'>magno</span> <span class='ocrx_word' id='word_1_222' title='bbox 324 1545 525 1578; x_wconf 83' lang='lat' dir='ltr'>Auditorum</span> <span class='ocrx_word' id='word_1_223' title='bbox 549 1546 689 1579; x_wconf 85' lang='lat' dir='ltr'>affluxui</span> <span class='ocrx_word' id='word_1_224' title='bbox 710 1557 825 1579; x_wconf 88' lang='lat' dir='ltr'>veram</span> <span class='ocrx_word' id='word_1_225' title='bbox 852 1546 1072 1579; x_wconf 80' lang='lat' dir='ltr'>eruditionem</span> <span class='ocrx_word' id='word_1_226' title='bbox 1101 1546 1297 1590; x_wconf 77' lang='lat' dir='ltr'>tradebant,</span> <span class='ocrx_word' id='word_1_227' title='bbox 1322 1550 1476 1616; x_wconf 80' lang='lat' dir='ltr'>viamque</span> <span class='ocrx_word' id='word_1_228' title='bbox 1501 1557 1569 1586; x_wconf 79' lang='lat' dir='ltr'>stu-</span> 
     </span>
     <span class='ocr_line' id='line_1_27' title="bbox 102 1601 1317 1645; baseline 0.002 -10"><span class='ocrx_word' id='word_1_229' title='bbox 102 1601 202 1636; x_wconf 79' lang='lat' dir='ltr'>dendi</span> <span class='ocrx_word' id='word_1_230' title='bbox 226 1602 350 1645; x_wconf 75' lang='lat' dir='ltr'>regiam</span> <span class='ocrx_word' id='word_1_231' title='bbox 370 1601 548 1634; x_wconf 87' lang='lat' dir='ltr'>indefesso·</span> <span class='ocrx_word' id='word_1_232' title='bbox 559 1601 672 1635; x_wconf 84' lang='lat' dir='ltr'>labore</span> <span class='ocrx_word' id='word_1_233' title='bbox 689 1603 730 1638; x_wconf 86' lang='lat' dir='ltr'>iis</span> <span class='ocrx_word' id='word_1_234' title='bbox 755 1602 999 1636; x_wconf 77' lang='lat' dir='ltr'>monsnabant.</span> <span class='ocrx_word' id='word_1_235' title='bbox 1313 1614 1317 1616; x_wconf 65' lang='grc'><strong><em>’</em></strong></span> 
     </span>
    </p>

    <p class='ocr_par' dir='ltr' id='par_1_8' title="bbox 98 1657 1573 2041">
     <span class='ocr_line' id='line_1_28' title="bbox 167 1657 1573 1709; baseline 0.004 -18"><span class='ocrx_word' id='word_1_236' title='bbox 167 1657 287 1700; x_wconf 84' lang='lat' dir='ltr'>Quivis</span> <span class='ocrx_word' id='word_1_237' title='bbox 312 1657 536 1690; x_wconf 87' lang='lat' dir='ltr'>subsidiorum</span> <span class='ocrx_word' id='word_1_238' title='bbox 559 1664 740 1701; x_wconf 85' lang='lat' dir='ltr'>apparatus</span> <span class='ocrx_word' id='word_1_239' title='bbox 766 1669 836 1691; x_wconf 86' lang='lat' dir='ltr'>non</span> <span class='ocrx_word' id='word_1_240' title='bbox 864 1663 997 1692; x_wconf 88' lang='lat' dir='ltr'>tantum</span> <span class='ocrx_word' id='word_1_241' title='bbox 1026 1670 1096 1692; x_wconf 89' lang='lat' dir='ltr'>non</span> <span class='ocrx_word' id='word_1_242' title='bbox 1118 1659 1389 1705; x_wconf 86' lang='lat' dir='ltr'>desiderabatur,</span> <span class='ocrx_word' id='word_1_243' title='bbox 1411 1664 1473 1697; x_wconf 89' lang='lat' dir='ltr'>sed</span> <span class='ocrx_word' id='word_1_244' title='bbox 1494 1673 1573 1709; x_wconf 86' lang='lat' dir='ltr'>per..·</span> 
     </span>
     <span class='ocr_line' id='line_1_29' title="bbox 102 1714 1571 1760; baseline 0.005 -11"><span class='ocrx_word' id='word_1_245' title='bbox 102 1716 252 1749; x_wconf 83' lang='lat' dir='ltr'>fectionis</span> <span class='ocrx_word' id='word_1_246' title='bbox 273 1714 440 1758; x_wconf 80' lang='lat' dir='ltr'>fastigium</span> <span class='ocrx_word' id='word_1_247' title='bbox 462 1714 531 1747; x_wconf 88' lang='lat' dir='ltr'>fere</span> <span class='ocrx_word' id='word_1_248' title='bbox 557 1715 703 1758; x_wconf 84' lang='lat' dir='ltr'>attigisse</span> <span class='ocrx_word' id='word_1_249' title='bbox 727 1714 911 1749; x_wconf 87' lang='lat' dir='ltr'>videbatur.</span> <span class='ocrx_word' id='word_1_250' title='bbox 935 1731 978 1740; x_wconf 91' lang='lat'><em>-</em></span> <span class='ocrx_word' id='word_1_251' title='bbox 1012 1717 1132 1748; x_wconf 90' lang='lat' dir='ltr'>Omnis</span> <span class='ocrx_word' id='word_1_252' title='bbox 1154 1718 1286 1760; x_wconf 87' lang='lat' dir='ltr'>querela</span> <span class='ocrx_word' id='word_1_253' title='bbox 1308 1717 1345 1751; x_wconf 87' lang='lat' dir='ltr'>in</span> <span class='ocrx_word' id='word_1_254' title='bbox 1371 1730 1412 1752; x_wconf 90' lang='lat' dir='ltr'>eo</span> <span class='ocrx_word' id='word_1_255' title='bbox 1438 1726 1571 1756; x_wconf 88' lang='lat' dir='ltr'>tantum</span> 
     </span>
     <span class='ocr_line' id='line_1_30' title="bbox 101 1770 1570 1815; baseline 0.005 -11"><span class='ocrx_word' id='word_1_256' title='bbox 101 1771 317 1814; x_wconf 86' lang='lat' dir='ltr'>movebatur,</span> <span class='ocrx_word' id='word_1_257' title='bbox 341 1770 431 1815; x_wconf 89' lang='lat' dir='ltr'>quod</span> <span class='ocrx_word' id='word_1_258' title='bbox 448 1771 611 1814; x_wconf 81' lang='lat' dir='ltr'>praeclari</span> <span class='ocrx_word' id='word_1_259' title='bbox 625 1772 707 1813; x_wconf 85' lang='lat' dir='ltr'>viri,</span> <span class='ocrx_word' id='word_1_260' title='bbox 732 1782 773 1803; x_wconf 84' lang='lat' dir='ltr'>ex</span> <span class='ocrx_word' id='word_1_261' title='bbox 792 1772 962 1804; x_wconf 80' lang='lat' dir='ltr'>communi</span> <span class='ocrx_word' id='word_1_262' title='bbox 987 1781 1101 1804; x_wconf 89' lang='lat' dir='ltr'>rerum</span> <span class='ocrx_word' id='word_1_263' title='bbox 1125 1772 1213 1814; x_wconf 64' lang='lat' dir='ltr'>fato,</span> <span class='ocrx_word' id='word_1_264' title='bbox 1237 1774 1339 1807; x_wconf 80' lang='lat' dir='ltr'>vitam</span> <span class='ocrx_word' id='word_1_265' title='bbox 1366 1786 1442 1809; x_wconf 90' lang='lat' dir='ltr'>cum</span> <span class='ocrx_word' id='word_1_266' title='bbox 1463 1785 1570 1812; x_wconf 87' lang='lat' dir='ltr'>morte</span> 
     </span>
     <span class='ocr_line' id='line_1_31' title="bbox 102 1827 1573 1878; baseline 0.005 -18"><span class='ocrx_word' id='word_1_267' title='bbox 102 1833 367 1869; x_wconf 81' lang='lat' dir='ltr'>commutarent,</span> <span class='ocrx_word' id='word_1_268' title='bbox 390 1837 494 1870; x_wconf 88' lang='lat' dir='ltr'>quum</span> <span class='ocrx_word' id='word_1_269' title='bbox 514 1827 712 1860; x_wconf 84' lang='lat' dir='ltr'>Academiae</span> <span class='ocrx_word' id='word_1_270' title='bbox 732 1829 870 1872; x_wconf 85' lang='lat' dir='ltr'>gloriam</span> <span class='ocrx_word' id='word_1_271' title='bbox 893 1828 999 1871; x_wconf 88' lang='lat' dir='ltr'>magis</span> <span class='ocrx_word' id='word_1_272' title='bbox 1026 1829 1195 1872; x_wconf 83' lang='lat' dir='ltr'>magisque</span> <span class='ocrx_word' id='word_1_273' title='bbox 1218 1830 1423 1874; x_wconf 76' lang='lat' dir='ltr'>amplificare</span> <span class='ocrx_word' id='word_1_274' title='bbox 1440 1837 1573 1878; x_wconf 84' lang='lat' dir='ltr'>potuis-</span> 
     </span>
     <span class='ocr_line' id='line_1_32' title="bbox 99 1883 1564 1928; baseline 0.005 -12"><span class='ocrx_word' id='word_1_275' title='bbox 99 1894 136 1916; x_wconf 86' lang='lat' dir='ltr'>se</span> <span class='ocrx_word' id='word_1_276' title='bbox 158 1884 357 1918; x_wconf 85' lang='lat' dir='ltr'>viderentur.</span> <span class='ocrx_word' id='word_1_277' title='bbox 379 1902 426 1911; x_wconf 89' lang='lat'><em>-</em></span> <span class='ocrx_word' id='word_1_278' title='bbox 455 1884 520 1918; x_wconf 88' lang='lat' dir='ltr'>Sed</span> <span class='ocrx_word' id='word_1_279' title='bbox 539 1883 599 1925; x_wconf 80' lang='lat' dir='ltr'>iis,</span> <span class='ocrx_word' id='word_1_280' title='bbox 631 1884 689 1928; x_wconf 84' lang='lat' dir='ltr'>qui</span> <span class='ocrx_word' id='word_1_281' title='bbox 711 1884 779 1916; x_wconf 83' lang='lat' dir='ltr'>fato</span> <span class='ocrx_word' id='word_1_282' title='bbox 808 1889 976 1917; x_wconf 81' lang='lat' dir='ltr'>cesserant</span> <span class='ocrx_word' id='word_1_283' title='bbox 992 1907 1003 1925; x_wconf 89' lang='lat'>,</span> <span class='ocrx_word' id='word_1_284' title='bbox 1039 1894 1108 1916; x_wconf 82' lang='lat' dir='ltr'>non</span> <span class='ocrx_word' id='word_1_285' title='bbox 1136 1885 1274 1918; x_wconf 85' lang='lat' dir='ltr'>minoris</span> <span class='ocrx_word' id='word_1_286' title='bbox 1299 1887 1470 1923; x_wconf 86' lang='lat' dir='ltr'>doctrinae</span> <span class='ocrx_word' id='word_1_287' title='bbox 1503 1890 1564 1924; x_wconf 83' lang='lat' dir='ltr'>viri</span> 
     </span>
     <span class='ocr_line' id='line_1_33' title="bbox 98 1938 1566 1988; baseline 0.006 -17"><span class='ocrx_word' id='word_1_288' title='bbox 98 1939 320 1972; x_wconf 81' lang='lat' dir='ltr'>succedebant</span> <span class='ocrx_word' id='word_1_289' title='bbox 333 1964 342 1981; x_wconf 95' lang='lat'>,</span> <span class='ocrx_word' id='word_1_290' title='bbox 366 1945 397 1972; x_wconf 86' lang='lat' dir='ltr'>et</span> <span class='ocrx_word' id='word_1_291' title='bbox 411 1940 636 1981; x_wconf 84' lang='lat' dir='ltr'>Professores,</span> <span class='ocrx_word' id='word_1_292' title='bbox 660 1941 716 1984; x_wconf 82' lang='lat' dir='ltr'>qui</span> <span class='ocrx_word' id='word_1_293' title='bbox 736 1940 824 1973; x_wconf 85' lang='lat' dir='ltr'>hanc</span> <span class='ocrx_word' id='word_1_294' title='bbox 849 1941 885 1973; x_wconf 89' lang='lat' dir='ltr'>in</span> <span class='ocrx_word' id='word_1_295' title='bbox 905 1938 1122 1972; x_wconf 78' lang='lat' dir='ltr'>Academiam</span> <span class='ocrx_word' id='word_1_296' title='bbox 1145 1940 1278 1975; x_wconf 81' lang='lat' dir='ltr'>fuerant</span> <span class='ocrx_word' id='word_1_297' title='bbox 1298 1946 1445 1988; x_wconf 82' lang='lat' dir='ltr'>excepti,</span> <span class='ocrx_word' id='word_1_298' title='bbox 1467 1956 1566 1980; x_wconf 70' lang='lat' dir='ltr'>sum-⁴</span> 
     </span>
     <span class='ocr_line' id='line_1_34' title="bbox 98 1995 1561 2041; baseline 0.007 -14"><span class='ocrx_word' id='word_1_299' title='bbox 98 2002 193 2027; x_wconf 84' lang='lat' dir='ltr'>mum</span> <span class='ocrx_word' id='word_1_300' title='bbox 215 1995 279 2028; x_wconf 82' lang='lat' dir='ltr'>sibi</span> <span class='ocrx_word' id='word_1_301' title='bbox 304 1996 485 2039; x_wconf 89' lang='lat' dir='ltr'>honorem,</span> <span class='ocrx_word' id='word_1_302' title='bbox 519 1997 599 2030; x_wconf 83' lang='lat' dir='ltr'>nulli</span> <span class='ocrx_word' id='word_1_303' title='bbox 625 1996 890 2041; x_wconf 74' lang='lat' dir='ltr'>comparandum</span> <span class='ocrx_word' id='word_1_304' title='bbox 926 1995 1108 2037; x_wconf 81' lang='lat' dir='ltr'>ducebant,</span> <span class='ocrx_word' id='word_1_305' title='bbox 1138 1996 1174 2030; x_wconf 83' lang='lat' dir='ltr'>in</span> <span class='ocrx_word' id='word_1_306' title='bbox 1196 1997 1385 2035; x_wconf 85' lang='lat' dir='ltr'>docentium</span> <span class='ocrx_word' id='word_1_307' title='bbox 1409 2002 1561 2037; x_wconf 85' lang='lat' dir='ltr'>ordinem</span> 
     </span>
    </p>
   </div>
   <div class='ocr_carea' id='block_1_3' title="bbox 95 2050 1564 2149">
    <p class='ocr_par' dir='ltr' id='par_1_9' title="bbox 95 2050 1564 2149">
     <span class='ocr_line' id='line_1_35' title="bbox 95 2050 999 2097; baseline 0.008 -13"><span class='ocrx_word' id='word_1_308' title='bbox 95 2050 260 2085; x_wconf 82' lang='lat' dir='ltr'>admissos</span> <span class='ocrx_word' id='word_1_309' title='bbox 281 2051 394 2086; x_wconf 78' lang='lat' dir='ltr'>fuisse.</span> <span class='ocrx_word' id='word_1_310' title='bbox 997 2095 999 2097; x_wconf 60' lang='grc'><strong>,</strong></span> 
     </span>
     <span class='ocr_line' id='line_1_36' title="bbox 821 2108 1564 2149; baseline 0.009 -7"><span class='ocrx_word' id='word_1_311' title='bbox 821 2108 848 2142; x_wconf 83' lang='grc' dir='ltr'><strong>Β</strong></span> <span class='ocrx_word' id='word_1_312' title='bbox 1510 2116 1564 2149; x_wconf 81' lang='lat' dir='ltr'>Sic</span> 
     </span>
    </p>
   </div>
  </div>
 </body>
</html>
