1919 2511
312 198 350 226 72
609 189 809 220 PETRI
867 188 1221 220 ABRAHAMt
1275 192 1523 229 JELTES

312 273 423 303 tentius
445 272 579 302 auxilium
603 273 825 310 confugiendum
851 278 915 307 est,
937 270 986 299 ubi
1009 271 1145 300 humerus
1170 274 1305 308 luxatus,
1333 274 1387 303 sibi
1414 274 1548 308 relictus,
1570 281 1598 305 ct
1621 279 1817 308 musculorum

310 325 422 355 actione
443 326 491 354 vel
516 331 632 353 externo
661 325 787 361 impulsu
814 324 928 359 saepius
953 322 1010 350 situ
1039 329 1182 355 mutatus,
1211 333 1270 353 non
1296 333 1346 360 per
1380 326 1480 354 lineam
1511 334 1614 356 rectam
1647 329 1697 357 sed
1719 330 1817 366 potius

312 385 364 412 per
390 385 504 405 curvam
527 385 543 405 a
566 375 685 404 cavitate
710 375 827 404 recedit.
875 374 1030 411 Quomodo
1054 380 1148 401 autem
1173 374 1202 403 in
1226 375 1274 403 tali
1295 384 1363 403 casu
1390 376 1458 411 quid
1483 377 1574 406 bonae
1595 378 1687 416 frugis
1711 388 1726 408 a
1749 381 1817 417 pul.

310 426 450 455 cberrimo
474 427 728 455 instrumentorum
751 432 888 462 apparatu
909 424 1065 453 redundare
1084 425 1204 460 posset?
1237 435 1303 454 num
1326 425 1406 454 facile
1431 435 1525 457 motus
1546 430 1580 457 ab
1607 430 1658 459 illo
1679 431 1814 460 concitati

311 477 340 506 in
361 478 479 505 humero
501 479 598 506 luxato
620 476 722 505 variari
744 476 890 512 possunt?
920 475 1056 510 minime,
1080 476 1130 503 sel
1150 477 1180 504 hi
1200 477 1297 512 potius
1321 477 1427 506 actioni
1449 480 1622 514 musculari,
1645 481 1756 517 optimo
1776 491 1820 510 re.

311 528 465 565 positionis
490 527 617 563 auxilio,
640 536 702 556 sese
727 534 880 564 opponunt
902 528 1004 566 (18).

348 579 440 608 Caute
465 587 548 615 ergo,
570 579 617 606 ubi
642 580 676 607 ad
699 579 810 608 illorum
835 587 916 607 usum
936 579 1156 614 compellimur,
1178 578 1375 609 instrumentis
1396 581 1529 609 utendum
1555 588 1618 619 est,
1640 592 1675 612 ne
1693 583 1722 612 in
1743 584 1821 612 dam·

309 639 377 659 num
404 629 514 666 aegroti
537 629 724 659 adhibeantur
751 637 778 659 et
802 630 886 659 nobis
913 629 1046 658 irrideant
1074 637 1208 660 auctores
1238 631 1361 660 faciliori
1389 633 1545 662 encheiresi
1571 634 1744 664 luxationem
1769 643 1820 664 cu·

309 689 423 717 rantes,
446 690 529 717 quam
559 681 665 711 frustra
684 692 734 719 per
757 682 939 712 instrumenti
962 684 1066 710 molem
1090 691 1228 719 reponere
1250 683 1373 711 tentabat
1395 685 1406 713 ὂ
1428 685 1635 721 φιλομήχκνος.

350 732 395 769 30.
425 732 471 760 Dc
489 734 676 770 coaptatione.
718 734 777 763 Res
802 734 913 769 quidem
936 739 978 761 est
1001 733 1164 769 coaptatio,
1187 733 1215 761 in
1238 742 1319 768 quam
1339 734 1492 770 praecipue
1513 736 1692 764 attenderunt
1707 735 1822 764 chirur-

310 784 337 820 gi
351 784 507 820 primaevi3
532 793 639 820 scopus
661 785 795 814 nimirum
817 793 913 813 eorum
927 805 936 818 ,
959 786 1134 812 luxationem
1157 784 1316 812 curantium
1339 784 1443 821 (ιο),
1466 786 1646 813 solummodo
1668 792 1726 814 erat
1746 786 1821 815 ossis

308 834 398 863 luxati
422 834 549 862 reductio
577 836 623 863 vel
644 836 787 872 coaptatio
813 836 848 864 ad
878 836 997 864 eundem
1015 858 1027 873 ,
1049 845 1132 872 quem
1151 843 1232 865 antea
1254 836 1433 872 occupabat,
1455 837 1569 872 locum;
1592 836 1688 871 forte,
1709 837 1734 865 si
1751 837 1821 873 quid

307 892 400 921 esset,
423 886 501 921 quod
526 885 601 921 apud
625 885 745 915 Veteres
765 887 1020 923 reprehenderem,
1043 887 1078 915 de
1097 896 1194 915 eorum
1218 887 1375 924 reponendi
1394 887 1547 920 methodo,
1569 887 1751 923 coaptatione
1765 888 1820 916 sci-

307 937 373 966 licet
391 938 542 972 loquerer,
565 936 611 964 cui
637 937 755 966 maxime
771 938 914 967 studuisse
940 937 1073 966 videntur
1095 937 1184 975 (πο)
1205 946 1232 967 et
1253 938 1331 974 quod
1355 937 1453 966 forsan
1481 938 1590 974 culpari
1610 944 1743 966 meretur.
1786 937 1818 966 Si

309 997 382 1018 enim
407 997 506 1017 eorum
533 994 718 1018 instrumenta
745 996 929 1026 spectemus,
954 987 1038 1017 facile
1062 988 1190 1025 patebit,
1219 989 1333 1018 illorum
1362 998 1416 1025 ope
1442 997 1555 1025 parvam
1576 989 1661 1018 modo
1682 988 1824 1018 extensio-

311 1049 373 1069 nem
387 1061 396 1075 ,
419 1047 446 1068 et
467 1039 550 1069 nimis
572 1039 655 1068 citam
680 1041 715 1070 ad
736 1041 885 1070 cavitatem
908 1041 1085 1070 articularem
1105 1043 1164 1071 fieri
1185 1043 1409 1078 coaptationem.
1451 1042 1520 1072 Non
1546 1052 1613 1079 ergo
1635 1043 1823 1072 dubitandum

307 1098 370 1126 est,
393 1091 462 1126 quin
487 1090 567 1119 etiam
596 1099 679 1127 saepe
703 1098 822 1120 eventus
853 1092 1041 1129 repositionis
1069 1092 1208 1122 facilioris
1233 1102 1313 1130 spem
1340 1093 1488 1122 fefellerit.
1530 1094 1700 1129 Requiritur
1727 1093 1820 1130 enim,

309 1142 388 1177 quod
414 1148 498 1177 caput
521 1141 595 1170 ossis
621 1142 710 1170 luxati
735 1143 765 1171 in
786 1142 879 1171 alieno
909 1144 997 1178 loco,
1028 1150 1059 1172 ut
1081 1144 1118 1172 ita
1144 1145 1255 1180 dicam,
1283 1145 1486 1173 incarceratum
1510 1144 1591 1181 prius
1616 1146 1765 1180 solvatur,
1795 1151 1824 1174 et

307 1197 433 1223 solutum
460 1203 510 1230 per
531 1194 624 1226 viam,
649 1203 732 1229 quam
760 1202 889 1223 secutum
916 1202 959 1223 est
982 1195 1011 1223 in
1033 1196 1180 1231 iuxando,
1202 1196 1236 1224 ad
1260 1195 1410 1225 cavitatem
1437 1195 1553 1230 redeat,
1579 1204 1663 1231 quam
1681 1196 1824 1232 respicere

306 1245 391 1273 debet
413 1244 585 1280 chirurgus,
607 1252 757 1280 antequam
785 1245 994 1281 coaptationem
1020 1246 1164 1275 moliatur.
1209 1246 1330 1283 Saepius
1358 1245 1415 1282 ipsi
1433 1246 1555 1274 musculi
1574 1246 1674 1282 agendi
1698 1254 1826 1276 momen·

306 1304 366 1325 tum
392 1294 535 1331 indicantg,
560 1295 590 1323 hi
609 1296 705 1331 enim,
729 1296 816 1333 magis
846 1296 995 1333 magisque
1018 1297 1052 1325 ad
1074 1303 1177 1325 statum
1202 1299 1357 1326 naturalem
1385 1297 1512 1332 redacti,
1534 1305 1612 1325 suam
1638 1305 1755 1333 quoque
1774 1306 1823 1326 na-

305 1348 424 1375 turalem
449 1346 588 1375 actionem
616 1356 783 1383 recuperare
807 1354 938 1383 tentant,
967 1348 1004 1376 ita
1028 1354 1060 1376 ut
1076 1349 1156 1383 levi,
1191 1349 1334 1385 aequabili
1356 1355 1384 1377 et
1407 1348 1570 1377 harmonica
1595 1348 1728 1376 fibrarum
1752 1357 1822 1378 con-

307 1398 468 1433 tractione,
489 1400 537 1427 vel
554 1407 758 1434 nonnunquam
785 1399 902 1428 minima
921 1399 1023 1436 capitis
1049 1400 1158 1435 luxati,
1177 1401 1233 1437 jaun
1260 1398 1376 1428 cavitati
1395 1399 1552 1436 adstantis,
1574 1399 1648 1428 situs
1664 1399 1822 1429 mutatione

309 1455 406 1485 optata
428 1448 592 1485 perficiatur
613 1449 769 1485 coaptatio.

345 1501 432 1529 Hunc
453 1508 544 1529 autem
573 1502 603 1530 in
629 1501 712 1530 finem
736 1503 869 1531 nonnulli
891 1503 1126 1540 excogitavetunt
1154 1503 1299 1531 Auctores
1321 1501 1404 1530 etiam
1428 1501 1643 1531 instrumentale
1664 1501 1822 1538 auxilium,

310 1560 369 1586 quo
393 1551 604 1587 coaptationem
624 1559 755 1581 curantes
776 1563 859 1582 omne
884 1554 993 1583 fenent
1016 1563 1179 1592 punctum,
1200 1563 1253 1584 nec
1278 1554 1347 1590 quid
1367 1554 1395 1583 in
1411 1554 1629 1591 instrumentis,
1651 1554 1738 1583 sicuti
1755 1562 1822 1583 cen·

310 1602 429 1637 sebant,
452 1602 668 1631 desiderandum
693 1603 900 1640 relinquerent.

345 1652 423 1681 Haec
433 1660 545 1688 autem,
568 1662 640 1689 quae
659 1654 692 1682 de
709 1655 884 1690 extensione,
905 1662 1026 1684 contra·
1036 1658 1192 1685 extensione
1209 1661 1236 1683 et
1254 1656 1430 1693 coaptatt'one
1439 1661 1620 1690 notawmus,
1643 1658 1667 1684 si
1682 1655 1734 1685 rite
1758 1665 1824 1693 per-

310 1705 487 1741 pendamus,
518 1704 622 1740 facile,
652 1705 681 1733 ni
707 1705 813 1742 fallor,
843 1707 1012 1741 constabit,
1044 1706 1175 1741 inprimis
1203 1707 1403 1735 attendendum
1431 1715 1494 1734 esse
1519 1707 1548 1735 in
1569 1707 1746 1742 repositione
1769 1707 1821 1735 hu-

310 1756 381 1784 meri
399 1755 486 1784 luxati
506 1756 539 1783 ad
561 1756 750 1785 directionem
774 1758 969 1785 musculorum
996 1759 1024 1787 in
1046 1760 1159 1796 singula
1183 1759 1278 1796 specie
1297 1766 1443 1788 mutatam.
1492 1759 1572 1796 Quid
1588 1759 1661 1788 enim
1687 1759 1741 1795 fit,
1772 1759 1823 1788 ubi

311 1805 474 1835 inconsulte
504 1807 682 1836 instituimus
709 1807 905 1837 extensionem
934 1816 961 1838 et
986 1817 1107 1838 contra·
1116 1811 1335 1840 extensionem?
1366 1809 1531 1838 harmonica
1557 1811 1754 1838 musculorum
1777 1819 1826 1839 ac-

312 1855 390 1885 tione
406 1857 539 1894 sublata,
560 1867 635 1888 nova
659 1859 777 1896 insuper
797 1860 926 1889 molestia
948 1868 1063 1898 paratur
1081 1861 1241 1898 musculis,
1272 1861 1321 1897 qui
1335 1882 1345 1898 ,
1375 1869 1503 1898 magnam
1526 1860 1658 1890 fibrarum
1683 1861 1821 1891 constric-

348 1991 428 2025 (18)
460 1992 578 2020 Desault.
607 1994 625 2019 l.
641 2001 666 2020 c.
697 2001 725 2026 p.
738 1994 787 2026 360
802 2002 858 2027 seq.

347 2036 428 2072 (19)
457 2037 628 2072 Hippocrates
647 2039 678 2064 de
698 2040 740 2065 illzl
753 2041 925 2074 ,coaptatione
945 2041 1020 2074 dicit,
1041 2044 1085 2069 ubi
1104 2043 1198 2069 mentio
1220 2042 1248 2069 fit
1268 2042 1403 2068 luxationis
1422 2041 1539 2068 femoris:
1556 2054 1590 2062 -
1605 2042 1662 2074 „si
1677 2041 1757 2073 probe
1774 2047 1822 2067 ex-

314 2085 395 2109 tensio
419 2083 479 2113 fiat,
501 2084 605 2109 semoris
625 2091 701 2117 caput
722 2093 794 2118 supra
815 2087 946 2119 pristinam
968 2089 1053 2114 sedem
1073 2091 1180 2114 sublime
1203 2089 1338 2118 efferetur,
1358 2089 1447 2120 sicque
1465 2089 1490 2113 in
1506 2088 1612 2113 sublime
1631 2093 1749 2113 evectum
1768 2094 1818 2112 non

312 2130 362 2161 jam
382 2130 457 2155 facile
474 2131 654 2163 prohibeatur.
678 2132 814 2164 quominus
839 2133 864 2159 iu
888 2135 932 2159 suti
953 2135 1035 2166 ipsivs
1058 2136 1120 2162 sede
1145 2136 1282 2165 concidat,
1308 2135 1370 2160 adeo
1394 2141 1422 2160 ut
1446 2135 1518 2161 etiam
1535 2141 1701 2167 quaecunque
1718 2134 1820 2159 molitio

315 2183 344 2201 ae
366 2174 482 2201 directio
502 2177 559 2201 satis
577 2176 637 2202 sit.”
1165 2181 1245 2216 (πο)
1272 2181 1358 2212 noyer
1379 2182 1396 2207 1.
1413 2188 1437 2208 c.

1767 1816 1913 2001 l
