1919 2511
309 191 344 219 18
632 179 810 211 ANTONII
830 176 1006 208 HENRICI
1025 187 1092 210 vAN
1112 185 1178 207 BER
1200 177 1316 209 BOON
1335 177 1480 208 MESCH

303 277 367 304 res,
389 266 539 297 ulminium
567 262 679 294 alburni
699 269 728 292 et
752 259 947 296 Braconnod,
969 269 1028 290 uno
1054 261 1171 290 nomine
1192 262 1455 298 comprehendant3
1485 267 1558 296 quae
1580 258 1716 290 confusio
1741 264 1805 293 tolli

306 325 425 356 potest,
443 317 531 346 modo
551 315 665 345 duobus
686 313 851 344 nominibus
869 312 990 341 diversis
1002 311 1071 341 duas
1088 320 1133 340 res
1152 311 1277 342 diversas
1295 313 1506 349 exprimamus3
1524 310 1549 339 si
1567 310 1737 342 retineamus
1756 324 1808 345 νο.

305 379 365 399 cem
392 368 541 398 ulmim'um
572 365 706 398 alburni,
731 371 762 393 -et
789 368 962 393 exstractam
985 362 1076 392 humi.
1125 363 1225 399 Itaque
1249 363 1450 392 Braconnotus
1475 362 1505 391 in
1532 362 1620 390 humo
1645 371 1704 393 non
1731 365 1815 396 inve-

303 421 347 450 nit
373 420 543 454 ulminium,
580 417 755 454 (ulminium
792 414 866 443 enim
894 413 964 443 dicit
994 413 1156 449 materiem,
1182 422 1254 450 quae
1283 413 1364 443 valde
1391 414 1486 442 differt
1509 422 1524 442 a
1550 414 1663 443 materie
1691 416 1808 447 calminio

304 472 444 505 dicenda,
472 470 524 497 sed
548 476 619 504 quae
647 466 765 496 omnino
790 464 926 493 convenit
945 472 1009 492 cum
1029 463 1097 498 illa,
1119 473 1201 499 quam
1225 473 1279 493 nos
1297 470 1468 493 exstractum
1493 465 1571 493 humi
1590 465 1737 503 diximus>
1764 471 1814 499 sed

303 523 333 551 in
365 531 396 550 ea
419 519 529 549 invenit
555 524 727 547 exstractam
741 525 756 553 37
787 516 884 552 itaque
910 520 971 544 tota
1000 514 1174 544 Braconnoti
1205 515 1400 552 d1sputatione
1431 522 1529 544 nostra
1556 516 1713 553 disputatio
1737 520 1807 549 mire

303 572 506 602 confirmatur.

338 623 435 660 Hujus
460 621 542 649 etiam
568 619 688 648 extracti
720 617 754 647 ab
781 616 920 647 alcalibus
946 615 1077 647 solvendi
1108 617 1250 653 quantitas
1272 626 1333 647 non
1358 617 1389 647 in
1409 617 1487 646 omni
1512 617 1601 647 humo
1626 626 1671 649 est
1695 622 1810 659 eadem,

301 675 351 703 sed
370 674 451 703 valde
473 672 605 707 diversa,
627 678 713 707 atque
732 679 791 706 quo
810 670 899 707 maJ'or
920 676 987 705 est,
1006 678 1041 698 eo
1059 668 1199 698 minorem
1221 668 1395 698 fertilitatem
1419 670 1483 697 solo
1503 669 1656 705 conciliat,
1677 671 1737 701 imo
1755 681 1817 702 sae.

299 734 337 762 pe
355 724 435 753 valde
458 723 554 752 sterile
576 721 659 751 facit.
701 721 790 758 Quod
810 728 837 750 et
855 720 993 757 probatur
1011 719 1103 756 ipsius
1126 719 1250 748 materiei
1265 719 1382 756 indole,
1404 726 1432 749 et
1451 720 1544 749 modis
1565 721 1671 756 quibus
1688 722 1813 754 fertilior

300 776 453 810 reddatur,
481 773 606 809 denique
635 773 699 809 ipsa
726 773 814 801 humo
842 773 941 809 acida,
974 772 1059 809 cujus
1089 770 1203 807 saepius
1233 777 1361 806 quartam
1388 773 1435 800 vel
1460 771 1570 800 tertiam
1596 779 1704 807 partem
1732 774 1813 805 facit.

299 826 374 855 Nam
399 833 464 855 curn
494 827 600 854 humus
625 824 704 853 acida
728 832 793 853 cum
816 824 953 853 alcalibus
971 828 1134 858 coquatur,
1155 830 1210 858 pro
1228 821 1347 850 maxima
1364 827 1443 858 parte
1459 822 1601 856 solvitur,
1621 823 1689 853 dum
1707 833 1814 855 ammo-

298 878 344 906 nia
369 878 535 912 exhalatur3
564 876 599 905 de
624 884 679 912 qua
704 875 851 905 solutione
867 884 943 905 nunc
962 874 1122 904 videamus.
1164 872 1208 901 Ea
1227 873 1290 901 aete
1309 880 1368 901 non
1385 879 1510 901 mutatur
1527 872 1584 902 nisi
1599 880 1668 909 post
1688 877 1810 906 multum

300 935 433 964 tempus;
460 927 591 956 turbatur
614 928 691 963 aqutl
711 926 798 956 calcis
816 934 844 955 et
863 926 977 963 argillae
995 923 1151 954 solutione.
1190 923 1264 952 Nam
1282 923 1382 960 argilla
1400 930 1427 951 et
1449 925 1512 952 calx
1533 932 1564 953 se
1580 924 1740 963 adjungunt
1759 935 1818 956 ma-

302 981 383 1009 teriei
393 981 504 1008 solutae
516 1000 526 1016 ‚
543 987 667 1014 cumque
685 980 718 1008 etl
738 979 921 1015 deponuntut
931 978 986 1006 sub
1003 976 1098 1006 forma
1114 976 1273 1004 floccorum
1288 974 1456 1010 fuscorum,
1474 975 1541 1003 dum
1559 975 1664 1004 humor
1680 977 1819 1014 limpidus

301 1032 405 1062 evadit.
434 1032 510 1061 Idem
530 1029 641 1059 faciunt
657 1029 748 1059 sulfas
766 1029 834 1059 ferri
850 1036 878 1058 et
893 1029 977 1065 cupri
995 1034 1024 1056 et
1039 1027 1247 1064 hydrochloras
1262 1026 1367 1056 stanni.
1390 1026 1519 1054 Maxime
1536 1034 1629 1056 autem
1641 1027 1730 1057 acidis
1749 1029 1817 1058 haec

302 1084 411 1113 solutio
439 1089 580 1112 mutatur.
617 1082 763 1111 Nimirum
790 1090 856 1110 cum
880 1081 948 1110 huic
971 1085 1097 1109 extracto
1123 1078 1275 1107 carbonate
1299 1084 1432 1114 potassae
1451 1078 1549 1106 soluto
1567 1077 1685 1107 addatur
1708 1079 1821 1109 acidum

305 1135 467 1172 quoddam,
490 1142 625 1170 praeceps
644 1134 728 1162 datur
751 1132 903 1168 materies,
924 1140 996 1168 quae
1020 1131 1105 1160 fusca.
1119 1131 1230 1160 nullum
1252 1130 1325 1159 acidi
1343 1129 1460 1167 praebet
1477 1128 1637 1166 indicium;
1657 1132 1821 1166 percolatus

304 1194 398 1217 autem
426 1187 545 1223 liquor,
581 1185 632 1221 qui
658 1186 750 1215 flavus
777 1191 843 1221 est,
871 1184 1002 1214 continet
1032 1183 1130 1218 acida,
1160 1189 1232 1217 quae
1256 1186 1326 1217 post
1351 1180 1438 1217 hujus
1463 1179 1592 1208 humoris
1620 1180 1820 1213 decoctionem

304 1240 402 1276 juncta
431 1238 460 1266 in
484 1245 519 1265 eo
540 1235 727 1266 inveniuntur
750 1244 815 1264 cum
839 1242 966 1272 potassa.
1007 1235 1078 1264 Non
1102 1234 1196 1263 solum
1221 1232 1295 1261 enim
1312 1232 1342 1260 in
1366 1240 1401 1260 eo
1425 1231 1608 1268 reperiuntur
1628 1232 1727 1270 acida,
1747 1243 1821 1271 quae

304 1288 396 1317 addita
420 1294 488 1317 sunt
514 1287 549 1316 ad
573 1293 715 1323 potassam
736 1287 935 1322 saturandam,
957 1291 1090 1322 potassae
1107 1285 1258 1322 adjuncta,
1277 1283 1327 1311 sed
1344 1282 1428 1312 etiam
1444 1289 1536 1312 acetas
1554 1289 1582 1311 et
1599 1283 1748 1321 phosphas
1765 1295 1821 1323 po.

305 1346 416 1373 mssae,
446 1345 473 1367 et
496 1338 605 1373 aliquid
628 1338 786 1368 ammoniae
811 1337 894 1374 (1).
940 1333 962 1365 F
967 1345 1033 1365 usca
1057 1345 1125 1365 vero
1147 1336 1195 1364 illa
1220 1335 1350 1365 materies
1371 1335 1406 1363 ab
1425 1343 1498 1370 aqua
1518 1333 1626 1363 fervida
1640 1336 1820 1375 suscipitur-3

309 1391 462 1428 deponitur
485 1398 554 1419 vero
578 1398 678 1419 rursus
698 1398 751 1427 pro
770 1396 868 1426 parte,
890 1389 957 1418 dum
974 1396 1049 1423 aqua
1070 1386 1211 1423 frigescit.
1253 1386 1336 1415 Hanc
1356 1386 1531 1415 solutionem
1553 1386 1713 1416 chloricum
1732 1395 1823 1418 mutat

308 1450 336 1471 et
361 1442 477 1477 turbat3
508 1441 640 1470 turbatur
657 1441 740 1470 etiam
758 1450 791 1470 ea
807 1439 939 1470 aluminis
963 1438 1177 1474 solutionibus,
1199 1438 1421 1475 hydrochlorate
1440 1437 1534 1467 stanni
1557 1443 1586 1465 et
1600 1438 1696 1475 calce,
1713 1439 1819 1475 quibus

308 1493 463 1530 deponitur
488 1492 619 1521 materies
643 1491 745 1528 fusca,
776 1501 848 1528 quae
872 1491 933 1520 fere
959 1490 1069 1520 easdem
1092 1495 1233 1519 monstrat
1258 1489 1448 1526 proprietates
1469 1496 1554 1524 quam
1577 1488 1709 1518 decoctio
1735 1490 1821 1528 hujus

308 1545 388 1573 humi
404 1544 496 1572 acidae
513 1543 544 1573 in
558 1552 643 1579 aqua.
684 1543 742 1571 Sed
759 1542 886 1572 diximus
902 1543 973 1572 hanc
991 1543 1132 1571 materiem
1144 1563 1155 1578 ‚
1175 1552 1245 1579 quae
1261 1551 1275 1571 e
1291 1542 1438 1571 solutione
1449 1547 1581 1577 potassae
1597 1540 1685 1570 acidis
1701 1541 1822 1578 deponi-

308 1604 356 1625 tur
368 1616 376 1631 ,
388 1597 499 1625 nullum
516 1594 588 1624 acidi
605 1601 763 1623 monstrare
781 1593 929 1623 indicium.
966 1593 1055 1630 Quod
1071 1601 1238 1624 autemnon
1257 1602 1370 1630 semper
1387 1592 1568 1621 observatur.
1609 1592 1684 1620 Nam
1704 1591 1729 1620 si
1747 1592 1825 1621 forte

310 1648 377 1684 plus
401 1646 473 1675 acidi
497 1647 632 1681 addatur,
661 1654 745 1682 quam
769 1644 923 1681 requiritur
944 1645 979 1672 ad
1000 1652 1144 1682 potassam
1169 1646 1369 1680 saturandam,
1399 1649 1556 1672 extractum
1573 1642 1736 1678 depositum
1756 1643 1824 1672 licet

1767 1700 1830 1722 sae-

313 1808 392 1835 Tom.
411 1807 446 1833 11.
466 1813 494 1838 Ρ.
511 1812 569 1838 247.
603 1805 693 1830 Traite
715 1804 747 1830 de
772 1805 900 1832 Pharmac.
922 1804 1018 1832 Theor.
1040 1811 1066 1830 et
1084 1805 1153 1830 Prat.
1178 1810 1225 1836 par
1247 1803 1271 1837 J.
1289 1802 1314 1837 J.
1330 1802 1421 1834 Virey.
1439 1801 1515 1827 Tom.
1537 1801 1560 1827 Ι.
1585 1805 1669 1833 p.59.
1703 1799 1775 1826 Edit.
1789 1806 1817 1833 3.

312 1853 462 1881 Thenardus
479 1852 557 1877 =eni1n
580 1852 687 1882 scribit,
705 1851 839 1876 ulminium
861 1852 891 1876 ab
916 1859 978 1883 aqua
1003 1851 1095 1882 frigida
1116 1858 1167 1875 non
1183 1850 1271 1879 solvi,
1290 1847 1372 1874 calida
1397 1854 1507 1880 parum,
1527 1847 1605 1878 magis
1632 1846 1699 1871 idem
1718 1846 1818 1878 suscipi

313 1908 326 1926 a
348 1901 441 1933 spiritu
464 1898 534 1929 vidi,
552 1898 662 1923 maxime
683 1903 769 1922 autem
792 1904 805 1922 a
824 1903 936 1929 potassa.
972 1897 1053 1922 Orfila
1069 1903 1160 1922 contra
1182 1901 1305 1926 testatur,
1324 1894 1454 1919 ulminium
1478 1893 1575 1924 spiritu
1597 1892 1650 1917 vini
1673 1898 1727 1917 esse
1749 1892 1819 1917 inso-

314 1947 412 1977 lubile,
429 1946 563 1970 maximam
578 1951 641 1969 vero
666 1943 722 1975 ejus
743 1950 837 1974 partem
856 1943 886 1967 ab
905 1949 967 1980 aqua
987 1943 1072 1969 solvi.
1089 1949 1167 1976 atque
1185 1949 1219 1968 ex
1236 1949 1265 1968 ea
1291 1941 1419 1966 solutione
1441 1938 1574 1964 ulminium
1593 1937 1686 1970 spiritu
1705 1937 1758 1963 vini
1775 1935 1819 1962 de-

312 1994 392 2026 poni3
411 1998 461 2023 qua
485 1991 509 2015 in
529 1997 556 2014 re
582 1989 704 2021 Vireyum
721 1989 930 2014 consentientem
951 1988 1037 2016 habet.
1070 1988 1112 2014 De
1130 1989 1237 2013 ulminio
1254 1994 1339 2013 autem
1357 1985 1470 2019 inprimis
1487 1984 1684 2015 Vauquelinus,
1704 1983 1729 2008 in
1747 1989 1818 2008 tomo

315 2039 442 2064 annalium
467 2036 653 2068 Chymicorum
678 2034 810 2067 vigesimo
832 2035 936 2067 prirno,
962 2035 1136 2068 Klaprothus,
1160 2034 1320 2060 Smithsonus
1343 2039 1370 2059 et
1387 2031 1538 2057 immortalis
1566 2029 1704 2056 Berzelius
1725 2029 1814 2061 legen-

312 2085 336 2110 di
357 2089 420 2109 sunt·

349 2129 412 2164 (ι)
435 2126 501 2156 Vid.
520 2127 612 2152 Enhof
628 2130 652 2152 in
669 2127 775 2161 Journal
794 2133 845 2152 von
864 2126 963 2153 Gehlen
980 2127 998 2153 l.
1016 2127 1033 2154 1.
1051 2134 1108 2159 pag.
1123 2127 1181 2158 382.
