<?xml version="1.0" encoding="UTF-8"?>
<!DOCTYPE html PUBLIC "-//W3C//DTD XHTML 1.0 Transitional//EN"
    "http://www.w3.org/TR/xhtml1/DTD/xhtml1-transitional.dtd">
<html xmlns="http://www.w3.org/1999/xhtml" xml:lang="en" lang="en">
 <head>
  <title>
</title>
<meta http-equiv="Content-Type" content="text/html;charset=utf-8" />
  <meta name='ocr-system' content='tesseract 3.04.00' />
  <meta name='ocr-capabilities' content='ocr_page ocr_carea ocr_par ocr_line ocrx_word'/>
</head>
<body>
  <div class='ocr_page' id='page_1' title='image "annalesacademiae24rijk_0353.png"; bbox 0 0 1919 2511; ppageno 0'>
   <div class='ocr_carea' id='block_1_1' title="bbox 0 1921 13 2511">
    <p class='ocr_par' dir='ltr' id='par_1_1' title="bbox 0 1921 13 2511">
     <span class='ocr_line' id='line_1_1' title="bbox 0 1921 13 2511; baseline 0 0"><span class='ocrx_word' id='word_1_1' title='bbox 0 1921 13 2511; x_wconf 95' lang='lat' dir='ltr'> </span> 
     </span>
    </p>
   </div>
   <div class='ocr_carea' id='block_1_2' title="bbox 331 80 1572 124">
    <p class='ocr_par' dir='ltr' id='par_1_2' title="bbox 331 80 1572 124">
     <span class='ocr_line' id='line_1_2' title="bbox 331 80 1572 124; baseline 0.004 -10"><span class='ocrx_word' id='word_1_2' title='bbox 331 80 559 116; x_wconf 84' lang='lat' dir='ltr'>RESPONSIO</span> <span class='ocrx_word' id='word_1_3' title='bbox 578 90 621 112; x_wconf 70' lang='lat' dir='ltr'>nn</span> <span class='ocrx_word' id='word_1_4' title='bbox 643 81 952 121; x_wconf 86' lang='lat' dir='ltr'><strong>QUAESTIONEM</strong></span> <span class='ocrx_word' id='word_1_5' title='bbox 974 82 1303 118; x_wconf 85' lang='lat' dir='ltr'>THEOLOGIC&#39;AM.</span> <span class='ocrx_word' id='word_1_6' title='bbox 1531 96 1572 124; x_wconf 77' lang='lat'>47</span> 
     </span>
    </p>
   </div>
   <div class='ocr_carea' id='block_1_3' title="bbox 49 163 1568 715">
    <p class='ocr_par' dir='ltr' id='par_1_3' title="bbox 49 163 1568 715">
     <span class='ocr_line' id='line_1_3' title="bbox 55 163 1568 208; baseline -0.001 -9"><span class='ocrx_word' id='word_1_7' title='bbox 55 169 156 208; x_wconf 82' lang='lat' dir='ltr'>primis</span> <span class='ocrx_word' id='word_1_8' title='bbox 180 166 263 197; x_wconf 86' lang='lat' dir='ltr'>enixe</span> <span class='ocrx_word' id='word_1_9' title='bbox 287 165 431 196; x_wconf 85' lang='lat' dir='ltr'>favebant.</span> <span class='ocrx_word' id='word_1_10' title='bbox 471 163 586 202; x_wconf 89' lang='lat' dir='ltr'><strong>Quibus</strong></span> <span class='ocrx_word' id='word_1_11' title='bbox 612 163 747 193; x_wconf 86' lang='lat' dir='ltr'>omnibus</span> <span class='ocrx_word' id='word_1_12' title='bbox 770 164 876 194; x_wconf 87' lang='lat' dir='ltr'>factum</span> <span class='ocrx_word' id='word_1_13' title='bbox 908 172 951 195; x_wconf 87' lang='lat' dir='ltr'>est</span> <span class='ocrx_word' id='word_1_14' title='bbox 968 186 980 202; x_wconf 88' lang='lat'>‚</span> <span class='ocrx_word' id='word_1_15' title='bbox 1015 172 1048 195; x_wconf 90' lang='lat' dir='ltr'>ut</span> <span class='ocrx_word' id='word_1_16' title='bbox 1076 176 1179 196; x_wconf 86' lang='lat' dir='ltr'>versus</span> <span class='ocrx_word' id='word_1_17' title='bbox 1204 170 1275 198; x_wconf 90' lang='lat' dir='ltr'>noni</span> <span class='ocrx_word' id='word_1_18' title='bbox 1300 170 1406 200; x_wconf 86' lang='lat' dir='ltr'>saeculi</span> <span class='ocrx_word' id='word_1_19' title='bbox 1438 170 1541 199; x_wconf 83' lang='lat' dir='ltr'>exitum</span> <span class='ocrx_word' id='word_1_20' title='bbox 1556 189 1568 206; x_wconf 84' lang='lat'><strong>‚</strong></span> 
     </span>
     <span class='ocr_line' id='line_1_4' title="bbox 53 215 1568 252; baseline -0.001 0"><span class='ocrx_word' id='word_1_21' title='bbox 53 217 320 252; x_wconf 79' lang='lat' dir='ltr'>Francofurdiensis</span> <span class='ocrx_word' id='word_1_22' title='bbox 340 215 458 246; x_wconf 85' lang='lat' dir='ltr'>concilii</span> <span class='ocrx_word' id='word_1_23' title='bbox 475 215 622 245; x_wconf 89' lang='lat' dir='ltr'>decretum</span> <span class='ocrx_word' id='word_1_24' title='bbox 649 216 775 252; x_wconf 90' lang='lat' dir='ltr'>librique</span> <span class='ocrx_word' id='word_1_25' title='bbox 797 216 929 245; x_wconf 84' lang='lat' dir='ltr'>Carolini</span> <span class='ocrx_word' id='word_1_26' title='bbox 953 225 1065 246; x_wconf 89' lang='lat' dir='ltr'>omnem</span> <span class='ocrx_word' id='word_1_27' title='bbox 1091 226 1170 247; x_wconf 85' lang='lat' dir='ltr'>suam</span> <span class='ocrx_word' id='word_1_28' title='bbox 1193 220 1355 250; x_wconf 85' lang='lat' dir='ltr'>amitterent</span> <span class='ocrx_word' id='word_1_29' title='bbox 1378 221 1436 250; x_wconf 91' lang='lat' dir='ltr'>vim</span> <span class='ocrx_word' id='word_1_30' title='bbox 1454 228 1481 250; x_wconf 81' lang='lat' dir='ltr'>et</span> <span class='ocrx_word' id='word_1_31' title='bbox 1499 230 1568 250; x_wconf 89' lang='lat' dir='ltr'>auc-</span> 
     </span>
     <span class='ocr_line' id='line_1_5' title="bbox 52 266 1564 307; baseline 0 -6"><span class='ocrx_word' id='word_1_32' title='bbox 52 273 209 307; x_wconf 74' lang='lat' dir='ltr'>toritatem.</span> <span class='ocrx_word' id='word_1_33' title='bbox 258 269 371 298; x_wconf 84' lang='lat' dir='ltr'>Nolens</span> <span class='ocrx_word' id='word_1_34' title='bbox 395 274 510 303; x_wconf 86' lang='lat' dir='ltr'>tamen,</span> <span class='ocrx_word' id='word_1_35' title='bbox 541 267 594 295; x_wconf 87' lang='lat' dir='ltr'>sed</span> <span class='ocrx_word' id='word_1_36' title='bbox 618 266 814 304; x_wconf 85' lang='lat' dir='ltr'><strong>imprudens,</strong></span> <span class='ocrx_word' id='word_1_37' title='bbox 846 267 910 304; x_wconf 88' lang='lat' dir='ltr'>ipse</span> <span class='ocrx_word' id='word_1_38' title='bbox 943 268 1068 298; x_wconf 83' lang='lat' dir='ltr'>Carolus</span> <span class='ocrx_word' id='word_1_39' title='bbox 1095 269 1181 307; x_wconf 78' lang='lat' dir='ltr'>huJus</span> <span class='ocrx_word' id='word_1_40' title='bbox 1211 278 1330 300; x_wconf 89' lang='lat' dir='ltr'>eventus</span> <span class='ocrx_word' id='word_1_41' title='bbox 1365 279 1463 301; x_wconf 83' lang='lat' dir='ltr'>auctor</span> <span class='ocrx_word' id='word_1_42' title='bbox 1487 272 1564 302; x_wconf 81' lang='lat' dir='ltr'>fuit:</span> 
     </span>
     <span class='ocr_line' id='line_1_6' title="bbox 52 317 1567 363; baseline 0 -11"><span class='ocrx_word' id='word_1_43' title='bbox 52 323 177 363; x_wconf 86' lang='lat' dir='ltr'>primum</span> <span class='ocrx_word' id='word_1_44' title='bbox 215 319 328 356; x_wconf 89' lang='lat' dir='ltr'>quidem</span> <span class='ocrx_word' id='word_1_45' title='bbox 366 325 394 348; x_wconf 91' lang='lat' dir='ltr'>et</span> <span class='ocrx_word' id='word_1_46' title='bbox 419 317 597 354; x_wconf 85' lang='lat' dir='ltr'>Pontificis,</span> <span class='ocrx_word' id='word_1_47' title='bbox 638 326 667 347; x_wconf 90' lang='lat' dir='ltr'>et</span> <span class='ocrx_word' id='word_1_48' title='bbox 700 319 878 355; x_wconf 84' lang='lat' dir='ltr'>reliquorum</span> <span class='ocrx_word' id='word_1_49' title='bbox 911 319 1103 357; x_wconf 82' lang='lat' dir='ltr'>clericorum,</span> <span class='ocrx_word' id='word_1_50' title='bbox 1140 323 1346 351; x_wconf 83' lang='lat' dir='ltr'>monachorum</span> <span class='ocrx_word' id='word_1_51' title='bbox 1376 323 1567 359; x_wconf 81' lang='lat' dir='ltr'>praesertim,</span> 
     </span>
     <span class='ocr_line' id='line_1_7' title="bbox 51 369 1564 413; baseline -0.003 -10"><span class='ocrx_word' id='word_1_52' title='bbox 51 376 196 413; x_wconf 81' lang='lat' dir='ltr'>ingentem</span> <span class='ocrx_word' id='word_1_53' title='bbox 221 371 251 400; x_wconf 87' lang='lat' dir='ltr'>in</span> <span class='ocrx_word' id='word_1_54' title='bbox 278 370 393 399; x_wconf 91' lang='lat' dir='ltr'>modum</span> <span class='ocrx_word' id='word_1_55' title='bbox 419 370 548 407; x_wconf 71' lang='lat' dir='ltr'>augenda</span> <span class='ocrx_word' id='word_1_56' title='bbox 573 376 600 398; x_wconf 87' lang='lat' dir='ltr'>et</span> <span class='ocrx_word' id='word_1_57' title='bbox 628 369 773 398; x_wconf 72' lang='lat' dir='ltr'>evehenda</span> <span class='ocrx_word' id='word_1_58' title='bbox 803 370 972 399; x_wconf 89' lang='lat' dir='ltr'>auctoritate</span> <span class='ocrx_word' id='word_1_59' title='bbox 1002 378 1090 409; x_wconf 78' lang='lat' dir='ltr'>atque</span> <span class='ocrx_word' id='word_1_60' title='bbox 1121 379 1280 409; x_wconf 80' lang='lat' dir='ltr'>potestate3</span> <span class='ocrx_word' id='word_1_61' title='bbox 1313 380 1374 402; x_wconf 89' lang='lat' dir='ltr'>tum</span> <span class='ocrx_word' id='word_1_62' title='bbox 1402 383 1471 403; x_wconf 86' lang='lat' dir='ltr'>vero</span> <span class='ocrx_word' id='word_1_63' title='bbox 1499 383 1564 410; x_wconf 78' lang='lat' dir='ltr'>per.</span> 
     </span>
     <span class='ocr_line' id='line_1_8' title="bbox 52 420 1567 458; baseline 0.003 -8"><span class='ocrx_word' id='word_1_64' title='bbox 52 425 193 458; x_wconf 68' lang='lat' dir='ltr'>mittendo</span> <span class='ocrx_word' id='word_1_65' title='bbox 223 421 364 451; x_wconf 84' lang='lat' dir='ltr'>historico</span> <span class='ocrx_word' id='word_1_66' title='bbox 395 421 549 458; x_wconf 86' lang='lat' dir='ltr'>imaginum</span> <span class='ocrx_word' id='word_1_67' title='bbox 575 420 605 449; x_wconf 86' lang='lat' dir='ltr'>in</span> <span class='ocrx_word' id='word_1_68' title='bbox 636 420 758 449; x_wconf 67' lang='lat' dir='ltr'>ecclesia</span> <span class='ocrx_word' id='word_1_69' title='bbox 788 429 843 450; x_wconf 85' lang='lat' dir='ltr'>usu</span> <span class='ocrx_word' id='word_1_70' title='bbox 861 441 871 457; x_wconf 93' lang='lat'>‚</span> <span class='ocrx_word' id='word_1_71' title='bbox 912 428 941 450; x_wconf 83' lang='lat' dir='ltr'>et</span> <span class='ocrx_word' id='word_1_72' title='bbox 971 422 1110 453; x_wconf 74' lang='lat' dir='ltr'>laudanda</span> <span class='ocrx_word' id='word_1_73' title='bbox 1136 432 1168 453; x_wconf 84' lang='lat' dir='ltr'>ac</span> <span class='ocrx_word' id='word_1_74' title='bbox 1203 425 1427 456; x_wconf 66' lang='lat' dir='ltr'>commendanda</span> <span class='ocrx_word' id='word_1_75' title='bbox 1452 432 1567 454; x_wconf 84' lang='lat' dir='ltr'>sancto-</span> 
     </span>
     <span class='ocr_line' id='line_1_9' title="bbox 52 471 1567 511; baseline -0.001 -5"><span class='ocrx_word' id='word_1_76' title='bbox 52 486 116 511; x_wconf 79' lang='lat' dir='ltr'>rum</span> <span class='ocrx_word' id='word_1_77' title='bbox 144 473 341 511; x_wconf 79' lang='lat' dir='ltr'>invocatione.</span> <span class='ocrx_word' id='word_1_78' title='bbox 382 473 454 502; x_wconf 88' lang='lat' dir='ltr'>Non</span> <span class='ocrx_word' id='word_1_79' title='bbox 484 471 559 501; x_wconf 87' lang='lat' dir='ltr'>enim</span> <span class='ocrx_word' id='word_1_80' title='bbox 592 472 674 500; x_wconf 88' lang='lat' dir='ltr'>aliter</span> <span class='ocrx_word' id='word_1_81' title='bbox 707 471 770 500; x_wconf 87' lang='lat' dir='ltr'>fieri</span> <span class='ocrx_word' id='word_1_82' title='bbox 802 479 942 510; x_wconf 82' lang='lat' dir='ltr'>poterat,</span> <span class='ocrx_word' id='word_1_83' title='bbox 985 474 1055 510; x_wconf 86' lang='lat' dir='ltr'>quin</span> <span class='ocrx_word' id='word_1_84' title='bbox 1086 475 1217 505; x_wconf 88' lang='lat' dir='ltr'>homines</span> <span class='ocrx_word' id='word_1_85' title='bbox 1249 476 1379 505; x_wconf 86' lang='lat' dir='ltr'>rudiores</span> <span class='ocrx_word' id='word_1_86' title='bbox 1410 483 1437 505; x_wconf 89' lang='lat' dir='ltr'>et</span> <span class='ocrx_word' id='word_1_87' title='bbox 1463 476 1567 507; x_wconf 87' lang='lat' dir='ltr'>inculti</span> 
     </span>
     <span class='ocr_line' id='line_1_10' title="bbox 49 516 1568 566; baseline 0 -10"><span class='ocrx_word' id='word_1_88' title='bbox 49 527 157 566; x_wconf 86' lang='lat' dir='ltr'>ingenii</span> <span class='ocrx_word' id='word_1_89' title='bbox 170 547 188 563; x_wconf 72' lang='lat'><strong>„</strong></span> <span class='ocrx_word' id='word_1_90' title='bbox 215 525 355 561; x_wconf 79' lang='lat' dir='ltr'>adspectu</span> <span class='ocrx_word' id='word_1_91' title='bbox 384 523 538 560; x_wconf 75' lang='lat' dir='ltr'><strong>imaginum</strong></span> <span class='ocrx_word' id='word_1_92' title='bbox 567 523 602 552; x_wconf 86' lang='lat' dir='ltr'>ad</span> <span class='ocrx_word' id='word_1_93' title='bbox 629 523 841 553; x_wconf 81' lang='lat' dir='ltr'>venerationem</span> <span class='ocrx_word' id='word_1_94' title='bbox 871 532 899 554; x_wconf 87' lang='lat' dir='ltr'>et</span> <span class='ocrx_word' id='word_1_95' title='bbox 924 516 1109 555; x_wconf 80' lang='lat' dir='ltr'>reverentiam</span> <span class='ocrx_word' id='word_1_96' title='bbox 1137 526 1172 555; x_wconf 90' lang='lat' dir='ltr'>iis</span> <span class='ocrx_word' id='word_1_97' title='bbox 1197 526 1376 558; x_wconf 85' lang='lat' dir='ltr'>tribuendam</span> <span class='ocrx_word' id='word_1_98' title='bbox 1401 536 1568 557; x_wconf 88' lang='lat' dir='ltr'>commove·</span> 
     </span>
     <span class='ocr_line' id='line_1_11' title="bbox 50 574 1566 618; baseline -0.001 -10"><span class='ocrx_word' id='word_1_99' title='bbox 50 586 176 618; x_wconf 76' lang='lat' dir='ltr'>rentur,</span> <span class='ocrx_word' id='word_1_100' title='bbox 204 575 323 611; x_wconf 83' lang='lat' dir='ltr'>maxime</span> <span class='ocrx_word' id='word_1_101' title='bbox 349 575 463 612; x_wconf 86' lang='lat' dir='ltr'>quidem</span> <span class='ocrx_word' id='word_1_102' title='bbox 487 574 512 603; x_wconf 92' lang='lat' dir='ltr'>si</span> <span class='ocrx_word' id='word_1_103' title='bbox 538 583 583 603; x_wconf 88' lang='lat' dir='ltr'>eas</span> <span class='ocrx_word' id='word_1_104' title='bbox 609 574 726 610; x_wconf 86' lang='lat' dir='ltr'>publice</span> <span class='ocrx_word' id='word_1_105' title='bbox 754 574 889 604; x_wconf 86' lang='lat' dir='ltr'>invocare</span> <span class='ocrx_word' id='word_1_106' title='bbox 907 575 1063 613; x_wconf 76' lang='lat' dir='ltr'>audirent,</span> <span class='ocrx_word' id='word_1_107' title='bbox 1090 585 1176 613; x_wconf 84' lang='lat' dir='ltr'>atque</span> <span class='ocrx_word' id='word_1_108' title='bbox 1209 578 1244 607; x_wconf 87' lang='lat' dir='ltr'>ab</span> <span class='ocrx_word' id='word_1_109' title='bbox 1266 579 1328 614; x_wconf 84' lang='lat' dir='ltr'>iis,</span> <span class='ocrx_word' id='word_1_110' title='bbox 1358 587 1456 608; x_wconf 85' lang='lat' dir='ltr'>eorum</span> <span class='ocrx_word' id='word_1_111' title='bbox 1483 578 1566 608; x_wconf 74' lang='lat' dir='ltr'>auxi-</span> 
     </span>
     <span class='ocr_line' id='line_1_12' title="bbox 49 624 1323 664; baseline -0.001 -4"><span class='ocrx_word' id='word_1_112' title='bbox 49 631 90 660; x_wconf 90' lang='lat' dir='ltr'>lio</span> <span class='ocrx_word' id='word_1_113' title='bbox 115 635 144 659; x_wconf 89' lang='lat' dir='ltr'>et</span> <span class='ocrx_word' id='word_1_114' title='bbox 167 626 394 662; x_wconf 83' lang='lat' dir='ltr'><strong>intercessione,</strong></span> <span class='ocrx_word' id='word_1_115' title='bbox 417 634 530 654; x_wconf 87' lang='lat' dir='ltr'>omnem</span> <span class='ocrx_word' id='word_1_116' title='bbox 556 624 720 653; x_wconf 83' lang='lat' dir='ltr'>felicitatem</span> <span class='ocrx_word' id='word_1_117' title='bbox 745 631 773 653; x_wconf 90' lang='lat' dir='ltr'>et</span> <span class='ocrx_word' id='word_1_118' title='bbox 795 625 996 656; x_wconf 85' lang='lat' dir='ltr'>beatitudinem</span> <span class='ocrx_word' id='word_1_119' title='bbox 1017 628 1123 664; x_wconf 85' lang='lat' dir='ltr'>petiae</span> <span class='ocrx_word' id='word_1_120' title='bbox 1140 629 1225 659; x_wconf 85' lang='lat' dir='ltr'>orari.</span> <span class='ocrx_word' id='word_1_121' title='bbox 1266 629 1323 659; x_wconf 89' lang='lat' dir='ltr'>Sed</span> 
     </span>
     <span class='ocr_line' id='line_1_13' title="bbox 391 675 1090 715; baseline 0.004 -10"><span class='ocrx_word' id='word_1_122' title='bbox 391 675 516 706; x_wconf 78' lang='lat' dir='ltr'><em>claudite</em></span> <span class='ocrx_word' id='word_1_123' title='bbox 535 677 631 713; x_wconf 72' lang='lat' dir='ltr'>rivos,</span> <span class='ocrx_word' id='word_1_124' title='bbox 649 677 754 714; x_wconf 79' lang='lat' dir='ltr'>pueri!</span> <span class='ocrx_word' id='word_1_125' title='bbox 774 683 819 705; x_wconf 80' lang='lat' dir='ltr'>sat</span> <span class='ocrx_word' id='word_1_126' title='bbox 836 684 928 715; x_wconf 82' lang='lat' dir='ltr'>prata</span> <span class='ocrx_word' id='word_1_127' title='bbox 947 677 1090 709; x_wconf 78' lang='lat' dir='ltr'>biberunt.</span> 
     </span>
    </p>
   </div>
   <div class='ocr_carea' id='block_1_4' title="bbox 123 777 1487 868">
    <p class='ocr_par' dir='ltr' id='par_1_4' title="bbox 123 777 1487 868">
     <span class='ocr_line' id='line_1_14' title="bbox 123 777 1487 821; baseline 0.001 -13"><span class='ocrx_word' id='word_1_128' title='bbox 123 782 155 819; x_wconf 72' lang='lat'>5.</span> <span class='ocrx_word' id='word_1_129' title='bbox 177 788 206 821; x_wconf 82' lang='lat'>3.</span> <span class='ocrx_word' id='word_1_130' title='bbox 246 777 293 808; x_wconf 70' lang='lat' dir='ltr'>De</span> <span class='ocrx_word' id='word_1_131' title='bbox 315 778 415 809; x_wconf 81' lang='lat' dir='ltr'>Caroli</span> <span class='ocrx_word' id='word_1_132' title='bbox 440 778 549 817; x_wconf 83' lang='lat' dir='ltr'><em>Magni</em></span> <span class='ocrx_word' id='word_1_133' title='bbox 571 779 713 809; x_wconf 77' lang='lat' dir='ltr'>institutis</span> <span class='ocrx_word' id='word_1_134' title='bbox 738 788 773 807; x_wconf 80' lang='lat' dir='ltr'>ac</span> <span class='ocrx_word' id='word_1_135' title='bbox 793 780 903 808; x_wconf 69' lang='lat' dir='ltr'>meritis</span> <span class='ocrx_word' id='word_1_136' title='bbox 929 779 973 808; x_wconf 84' lang='lat' dir='ltr'>ad</span> <span class='ocrx_word' id='word_1_137' title='bbox 995 781 1220 819; x_wconf 63' lang='lat' dir='ltr'>ruperstt‘tionem</span> <span class='ocrx_word' id='word_1_138' title='bbox 1246 783 1294 812; x_wconf 72' lang='lat' dir='ltr'>vel</span> <span class='ocrx_word' id='word_1_139' title='bbox 1315 782 1487 817; x_wconf 78' lang='lat' dir='ltr'>tollendam,</span> 
     </span>
     <span class='ocr_line' id='line_1_15' title="bbox 682 829 924 868; baseline 0.004 -9"><span class='ocrx_word' id='word_1_140' title='bbox 682 830 730 859; x_wconf 72' lang='lat' dir='ltr'>vel</span> <span class='ocrx_word' id='word_1_141' title='bbox 753 829 924 868; x_wconf 73' lang='lat' dir='ltr'>aagendam.</span> 
     </span>
    </p>
   </div>
   <div class='ocr_carea' id='block_1_5' title="bbox 6 921 1564 1888">
    <p class='ocr_par' dir='ltr' id='par_1_5' title="bbox 6 921 1564 1481">
     <span class='ocr_line' id='line_1_16' title="bbox 63 921 1564 971; baseline 0.001 -9"><span class='ocrx_word' id='word_1_142' title='bbox 63 946 71 952; x_wconf 56' lang='lat'>&gt;=</span> <span class='ocrx_word' id='word_1_143' title='bbox 86 934 227 965; x_wconf 78' lang='lat' dir='ltr'>Carolum</span> <span class='ocrx_word' id='word_1_144' title='bbox 251 940 312 962; x_wconf 85' lang='lat' dir='ltr'>non</span> <span class='ocrx_word' id='word_1_145' title='bbox 337 931 416 961; x_wconf 82' lang='lat' dir='ltr'>omni</span> <span class='ocrx_word' id='word_1_146' title='bbox 441 931 540 960; x_wconf 85' lang='lat' dir='ltr'>aetatis</span> <span class='ocrx_word' id='word_1_147' title='bbox 563 939 631 960; x_wconf 85' lang='lat' dir='ltr'>suae</span> <span class='ocrx_word' id='word_1_148' title='bbox 656 921 862 968; x_wconf 81' lang='lat' dir='ltr'>superstitione</span> <span class='ocrx_word' id='word_1_149' title='bbox 886 932 1025 962; x_wconf 84' lang='lat' dir='ltr'>infectum</span> <span class='ocrx_word' id='word_1_150' title='bbox 1050 932 1164 969; x_wconf 81' lang='lat' dir='ltr'>fuisse,</span> <span class='ocrx_word' id='word_1_151' title='bbox 1194 942 1228 962; x_wconf 84' lang='lat' dir='ltr'>ex</span> <span class='ocrx_word' id='word_1_152' title='bbox 1253 933 1338 963; x_wconf 85' lang='lat' dir='ltr'>dictis</span> <span class='ocrx_word' id='word_1_153' title='bbox 1366 935 1435 964; x_wconf 83' lang='lat' dir='ltr'>satis</span> <span class='ocrx_word' id='word_1_154' title='bbox 1462 943 1564 971; x_wconf 82' lang='lat' dir='ltr'>super-</span> 
     </span>
     <span class='ocr_line' id='line_1_17' title="bbox 48 982 1561 1022; baseline 0.002 -11"><span class='ocrx_word' id='word_1_155' title='bbox 48 993 104 1022; x_wconf 75' lang='lat' dir='ltr'>que</span> <span class='ocrx_word' id='word_1_156' title='bbox 128 989 259 1020; x_wconf 71' lang='lat' dir='ltr'>apparet.</span> <span class='ocrx_word' id='word_1_157' title='bbox 298 982 465 1018; x_wconf 80' lang='lat' dir='ltr'><strong>Mirandum</strong></span> <span class='ocrx_word' id='word_1_158' title='bbox 488 991 577 1016; x_wconf 86' lang='lat' dir='ltr'>vero,</span> <span class='ocrx_word' id='word_1_159' title='bbox 597 984 764 1012; x_wconf 83' lang='lat' dir='ltr'>acerrimum</span> <span class='ocrx_word' id='word_1_160' title='bbox 789 983 943 1020; x_wconf 80' lang='lat' dir='ltr'>imaginum</span> <span class='ocrx_word' id='word_1_161' title='bbox 969 986 1067 1013; x_wconf 89' lang='lat' dir='ltr'>cultus</span> <span class='ocrx_word' id='word_1_162' title='bbox 1093 991 1322 1021; x_wconf 85' lang='lat' dir='ltr'>oppugnatorem</span> <span class='ocrx_word' id='word_1_163' title='bbox 1348 985 1561 1017; x_wconf 86' lang='lat' dir='ltr'>nobilissimum</span> 
     </span>
     <span class='ocr_line' id='line_1_18' title="bbox 6 1026 1563 1072; baseline 0.001 -10"><span class='ocrx_word' id='word_1_164' title='bbox 6 1026 10 1030; x_wconf 70' lang='grc'><em>’</em></span> <span class='ocrx_word' id='word_1_165' title='bbox 45 1035 264 1069; x_wconf 49' lang='lat' dir='ltr'>afflictorem,</span> <span class='ocrx_word' id='word_1_166' title='bbox 296 1039 460 1061; x_wconf 85' lang='lat' dir='ltr'>sanctorum</span> <span class='ocrx_word' id='word_1_167' title='bbox 488 1033 625 1071; x_wconf 75' lang='lat' dir='ltr'>reliquias</span> <span class='ocrx_word' id='word_1_168' title='bbox 650 1034 763 1063; x_wconf 68' lang='lat' dir='ltr'>summa</span> <span class='ocrx_word' id='word_1_169' title='bbox 791 1042 857 1063; x_wconf 89' lang='lat' dir='ltr'>cum</span> <span class='ocrx_word' id='word_1_170' title='bbox 889 1035 1029 1072; x_wconf 85' lang='lat' dir='ltr'>religione</span> <span class='ocrx_word' id='word_1_171' title='bbox 1057 1037 1219 1072; x_wconf 84' lang='lat' dir='ltr'>amplexum</span> <span class='ocrx_word' id='word_1_172' title='bbox 1246 1044 1333 1071; x_wconf 86' lang='lat' dir='ltr'>esse,</span> <span class='ocrx_word' id='word_1_173' title='bbox 1359 1036 1480 1072; x_wconf 78' lang='lat' dir='ltr'>aliisque</span> <span class='ocrx_word' id='word_1_174' title='bbox 1511 1044 1563 1065; x_wconf 89' lang='lat' dir='ltr'>su-</span> 
     </span>
     <span class='ocr_line' id='line_1_19' title="bbox 43 1082 1562 1129; baseline 0.001 -17"><span class='ocrx_word' id='word_1_175' title='bbox 43 1085 223 1129; x_wconf 55' lang='lat' dir='ltr'>pergtitionis</span> <span class='ocrx_word' id='word_1_176' title='bbox 251 1083 404 1121; x_wconf 83' lang='lat' dir='ltr'>generibus</span> <span class='ocrx_word' id='word_1_177' title='bbox 428 1082 520 1114; x_wconf 86' lang='lat' dir='ltr'>fuisse</span> <span class='ocrx_word' id='word_1_178' title='bbox 549 1083 698 1121; x_wconf 83' lang='lat' dir='ltr'>deditum,</span> <span class='ocrx_word' id='word_1_179' title='bbox 727 1085 773 1113; x_wconf 92' lang='lat' dir='ltr'>vel</span> <span class='ocrx_word' id='word_1_180' title='bbox 803 1093 835 1114; x_wconf 89' lang='lat' dir='ltr'>se</span> <span class='ocrx_word' id='word_1_181' title='bbox 865 1092 943 1115; x_wconf 88' lang='lat' dir='ltr'>certe</span> <span class='ocrx_word' id='word_1_182' title='bbox 977 1095 1061 1122; x_wconf 86' lang='lat' dir='ltr'>quam</span> <span class='ocrx_word' id='word_1_183' title='bbox 1096 1086 1216 1116; x_wconf 84' lang='lat' dir='ltr'>maxime</span> <span class='ocrx_word' id='word_1_184' title='bbox 1250 1086 1414 1120; x_wconf 80' lang='lat' dir='ltr'>devinctum</span> <span class='ocrx_word' id='word_1_185' title='bbox 1445 1087 1562 1115; x_wconf 86' lang='lat' dir='ltr'>simula-</span> 
     </span>
     <span class='ocr_line' id='line_1_20' title="bbox 44 1134 1561 1177; baseline 0.002 -14"><span class='ocrx_word' id='word_1_186' title='bbox 44 1137 134 1177; x_wconf 56' lang='lat' dir='ltr'>visse,</span> <span class='ocrx_word' id='word_1_187' title='bbox 173 1135 257 1170; x_wconf 71' lang='lat' dir='ltr'>Elius</span> <span class='ocrx_word' id='word_1_188' title='bbox 280 1134 322 1167; x_wconf 78' lang='lat' dir='ltr'>rei</span> <span class='ocrx_word' id='word_1_189' title='bbox 342 1135 477 1171; x_wconf 74' lang='lat' dir='ltr'>exempla</span> <span class='ocrx_word' id='word_1_190' title='bbox 502 1135 719 1172; x_wconf 65' lang='lat' dir='ltr'>nonnul-la52ge</span> <span class='ocrx_word' id='word_1_191' title='bbox 745 1135 938 1171; x_wconf 84' lang='lat' dir='ltr'>proferamus.</span> <span class='ocrx_word' id='word_1_192' title='bbox 978 1137 1159 1167; x_wconf 84' lang='lat' dir='ltr'>Monasteria</span> <span class='ocrx_word' id='word_1_193' title='bbox 1182 1138 1318 1174; x_wconf 82' lang='lat' dir='ltr'>quaedam</span> <span class='ocrx_word' id='word_1_194' title='bbox 1350 1144 1379 1168; x_wconf 86' lang='lat' dir='ltr'>et</span> <span class='ocrx_word' id='word_1_195' title='bbox 1396 1137 1561 1173; x_wconf 76' lang='lat' dir='ltr'>ecclesias,</span> 
     </span>
     <span class='ocr_line' id='line_1_21' title="bbox 41 1185 1561 1225; baseline -0.002 -6"><span class='ocrx_word' id='word_1_196' title='bbox 41 1186 222 1225; x_wconf 63' lang='lat' dir='ltr'>Aquitanico</span> <span class='ocrx_word' id='word_1_197' title='bbox 247 1186 325 1214; x_wconf 84' lang='lat' dir='ltr'>bello</span> <span class='ocrx_word' id='word_1_198' title='bbox 347 1185 527 1222; x_wconf 83' lang='lat' dir='ltr'>destructas,</span> <span class='ocrx_word' id='word_1_199' title='bbox 548 1194 580 1216; x_wconf 85' lang='lat' dir='ltr'>ac</span> <span class='ocrx_word' id='word_1_200' title='bbox 599 1185 760 1222; x_wconf 84' lang='lat' dir='ltr'>desolatas,</span> <span class='ocrx_word' id='word_1_201' title='bbox 790 1195 850 1217; x_wconf 82' lang='lat' dir='ltr'>non</span> <span class='ocrx_word' id='word_1_202' title='bbox 874 1188 1016 1217; x_wconf 81' lang='lat' dir='ltr'>exstruxit</span> <span class='ocrx_word' id='word_1_203' title='bbox 1046 1190 1141 1218; x_wconf 89' lang='lat' dir='ltr'>solum</span> <span class='ocrx_word' id='word_1_204' title='bbox 1167 1195 1195 1218; x_wconf 90' lang='lat' dir='ltr'>et</span> <span class='ocrx_word' id='word_1_205' title='bbox 1215 1188 1407 1224; x_wconf 82' lang='lat' dir='ltr'>instauravit,</span> <span class='ocrx_word' id='word_1_206' title='bbox 1435 1188 1485 1217; x_wconf 87' lang='lat' dir='ltr'>sed</span> <span class='ocrx_word' id='word_1_207' title='bbox 1506 1188 1561 1217; x_wconf 76' lang='lat' dir='ltr'>do-</span> 
     </span>
     <span class='ocr_line' id='line_1_22' title="bbox 40 1235 1560 1283; baseline 0 -16"><span class='ocrx_word' id='word_1_208' title='bbox 40 1238 122 1270; x_wconf 78' lang='lat' dir='ltr'>navit</span> <span class='ocrx_word' id='word_1_209' title='bbox 137 1237 223 1278; x_wconf 62' lang='lat' dir='ltr'>etiam</span> <span class='ocrx_word' id='word_1_210' title='bbox 247 1236 347 1265; x_wconf 83' lang='lat' dir='ltr'>multis</span> <span class='ocrx_word' id='word_1_211' title='bbox 372 1236 504 1272; x_wconf 83' lang='lat' dir='ltr'>reliquiis</span> <span class='ocrx_word' id='word_1_212' title='bbox 525 1235 606 1274; x_wconf 77' lang='grc' dir='ltr'>(ι).</span> <span class='ocrx_word' id='word_1_213' title='bbox 649 1236 851 1283; x_wconf 30' lang='lat' dir='ltr'>Quaejsecum</span> <span class='ocrx_word' id='word_1_214' title='bbox 875 1245 995 1276; x_wconf 85' lang='lat' dir='ltr'>portans</span> <span class='ocrx_word' id='word_1_215' title='bbox 1026 1248 1115 1276; x_wconf 89' lang='lat' dir='ltr'>quum</span> <span class='ocrx_word' id='word_1_216' title='bbox 1143 1240 1178 1270; x_wconf 84' lang='lat' dir='ltr'>ad</span> <span class='ocrx_word' id='word_1_217' title='bbox 1199 1249 1262 1269; x_wconf 88' lang='lat' dir='ltr'>eum</span> <span class='ocrx_word' id='word_1_218' title='bbox 1287 1240 1445 1270; x_wconf 85' lang='lat' dir='ltr'>monachus</span> <span class='ocrx_word' id='word_1_219' title='bbox 1470 1247 1560 1270; x_wconf 81' lang='lat' dir='ltr'>vene-</span> 
     </span>
     <span class='ocr_line' id='line_1_23' title="bbox 40 1287 1558 1327; baseline 0.001 -10"><span class='ocrx_word' id='word_1_220' title='bbox 40 1296 104 1326; x_wconf 66' lang='lat' dir='ltr'>rat,</span> <span class='ocrx_word' id='word_1_221' title='bbox 119 1289 230 1322; x_wconf 74' lang='lat' dir='ltr'>vmissus</span> <span class='ocrx_word' id='word_1_222' title='bbox 245 1296 260 1317; x_wconf 89' lang='lat' dir='ltr'>a</span> <span class='ocrx_word' id='word_1_223' title='bbox 276 1287 442 1316; x_wconf 76' lang='lat' dir='ltr'>-Patriarcho</span> <span class='ocrx_word' id='word_1_224' title='bbox 455 1287 755 1325; x_wconf 52' lang='lat' dir='ltr'>,HierosolymitanQ</span> <span class='ocrx_word' id='word_1_225' title='bbox 775 1296 864 1326; x_wconf 85' lang='lat' dir='ltr'>post,</span> <span class='ocrx_word' id='word_1_226' title='bbox 886 1299 949 1320; x_wconf 89' lang='lat' dir='ltr'>eum</span> <span class='ocrx_word' id='word_1_227' title='bbox 968 1291 1135 1320; x_wconf 87' lang='lat' dir='ltr'>muneribus</span> <span class='ocrx_word' id='word_1_228' title='bbox 1156 1297 1326 1327; x_wconf 84' lang='lat' dir='ltr'>oneratum,</span> <span class='ocrx_word' id='word_1_229' title='bbox 1342 1290 1486 1326; x_wconf 85' lang='lat' dir='ltr'>donisque</span> <span class='ocrx_word' id='word_1_230' title='bbox 1509 1299 1558 1319; x_wconf 89' lang='lat' dir='ltr'>ec-</span> 
     </span>
     <span class='ocr_line' id='line_1_24' title="bbox 40 1337 1559 1380; baseline 0.002 -14"><span class='ocrx_word' id='word_1_231' title='bbox 40 1340 143 1379; x_wconf 66' lang='lat' dir='ltr'>elesiae</span> <span class='ocrx_word' id='word_1_232' title='bbox 164 1338 287 1373; x_wconf 73' lang='lat' dir='ltr'>additis,</span> <span class='ocrx_word' id='word_1_233' title='bbox 309 1337 604 1376; x_wconf 79' lang='lat' dir='ltr'>honorificentissime</span> <span class='ocrx_word' id='word_1_234' title='bbox 628 1339 736 1369; x_wconf 88' lang='lat' dir='ltr'>remisit</span> <span class='ocrx_word' id='word_1_235' title='bbox 753 1340 829 1377; x_wconf 85' lang='lat'>(2).</span> <span class='ocrx_word' id='word_1_236' title='bbox 872 1341 906 1373; x_wconf 84' lang='lat' dir='ltr'>In</span> <span class='ocrx_word' id='word_1_237' title='bbox 929 1341 1060 1377; x_wconf 82' lang='lat' dir='ltr'>reliquiis</span> <span class='ocrx_word' id='word_1_238' title='bbox 1084 1341 1215 1380; x_wconf 78' lang='lat' dir='ltr'>peiurare</span> <span class='ocrx_word' id='word_1_239' title='bbox 1238 1341 1351 1379; x_wconf 79' lang='lat' dir='ltr'>vetuit,</span> <span class='ocrx_word' id='word_1_240' title='bbox 1373 1349 1457 1373; x_wconf 86' lang='lat' dir='ltr'>manu</span> <span class='ocrx_word' id='word_1_241' title='bbox 1476 1347 1559 1370; x_wconf 86' lang='lat' dir='ltr'>trun-</span> 
     </span>
     <span class='ocr_line' id='line_1_25' title="bbox 40 1389 1558 1431; baseline 0.001 -10"><span class='ocrx_word' id='word_1_242' title='bbox 40 1391 98 1421; x_wconf 83' lang='lat' dir='ltr'>cari</span> <span class='ocrx_word' id='word_1_243' title='bbox 119 1391 246 1429; x_wconf 76' lang='lat' dir='ltr'>Jubens‚</span> <span class='ocrx_word' id='word_1_244' title='bbox 275 1389 478 1424; x_wconf 88' lang='lat' dir='ltr'>bonorumque</span> <span class='ocrx_word' id='word_1_245' title='bbox 505 1397 586 1425; x_wconf 88' lang='lat' dir='ltr'>parte</span> <span class='ocrx_word' id='word_1_246' title='bbox 615 1391 747 1419; x_wconf 88' lang='lat' dir='ltr'>mulctari</span> <span class='ocrx_word' id='word_1_247' title='bbox 776 1391 948 1428; x_wconf 82' lang='lat' dir='ltr'>hominem,</span> <span class='ocrx_word' id='word_1_248' title='bbox 979 1394 1040 1430; x_wconf 87' lang='lat' dir='ltr'>ejus</span> <span class='ocrx_word' id='word_1_249' title='bbox 1073 1392 1201 1421; x_wconf 88' lang='lat' dir='ltr'>criminis</span> <span class='ocrx_word' id='word_1_250' title='bbox 1233 1400 1314 1421; x_wconf 83' lang='lat' dir='ltr'>reum</span> <span class='ocrx_word' id='word_1_251' title='bbox 1342 1392 1423 1431; x_wconf 69' lang='grc'>(3).</span> <span class='ocrx_word' id='word_1_252' title='bbox 1461 1391 1558 1422; x_wconf 83' lang='lat' dir='ltr'>Omne</span> 
     </span>
     <span class='ocr_line' id='line_1_26' title="bbox 37 1439 1177 1481; baseline 0 -9"><span class='ocrx_word' id='word_1_253' title='bbox 37 1441 236 1481; x_wconf 79' lang='lat' dir='ltr'>jusjurandum</span> <span class='ocrx_word' id='word_1_254' title='bbox 264 1439 388 1475; x_wconf 87' lang='lat' dir='ltr'>denique</span> <span class='ocrx_word' id='word_1_255' title='bbox 410 1440 440 1469; x_wconf 91' lang='lat' dir='ltr'>in</span> <span class='ocrx_word' id='word_1_256' title='bbox 465 1439 586 1468; x_wconf 72' lang='lat' dir='ltr'>ecclesia</span> <span class='ocrx_word' id='word_1_257' title='bbox 607 1447 656 1469; x_wconf 86' lang='lat' dir='ltr'>aut</span> <span class='ocrx_word' id='word_1_258' title='bbox 683 1440 712 1469; x_wconf 88' lang='lat' dir='ltr'>in</span> <span class='ocrx_word' id='word_1_259' title='bbox 735 1441 866 1477; x_wconf 88' lang='lat' dir='ltr'>reliquiis</span> <span class='ocrx_word' id='word_1_260' title='bbox 890 1443 950 1471; x_wconf 86' lang='lat' dir='ltr'>dari</span> <span class='ocrx_word' id='word_1_261' title='bbox 975 1443 1071 1472; x_wconf 89' lang='lat' dir='ltr'>voluit</span> <span class='ocrx_word' id='word_1_262' title='bbox 1092 1443 1177 1480; x_wconf 87' lang='lat'>(4).</span> 
     </span>
    </p>

    <p class='ocr_par' dir='ltr' id='par_1_6' title="bbox 22 1489 1557 1843">
     <span class='ocr_line' id='line_1_27' title="bbox 76 1489 1557 1532; baseline 0.001 -11"><span class='ocrx_word' id='word_1_263' title='bbox 76 1492 156 1521; x_wconf 89' lang='lat' dir='ltr'>Haec</span> <span class='ocrx_word' id='word_1_264' title='bbox 181 1491 216 1519; x_wconf 88' lang='lat' dir='ltr'>de</span> <span class='ocrx_word' id='word_1_265' title='bbox 241 1490 384 1525; x_wconf 85' lang='lat' dir='ltr'>reliquiis.</span> <span class='ocrx_word' id='word_1_266' title='bbox 437 1489 503 1519; x_wconf 90' lang='lat' dir='ltr'>Alia</span> <span class='ocrx_word' id='word_1_267' title='bbox 533 1499 652 1527; x_wconf 89' lang='lat' dir='ltr'>quoque</span> <span class='ocrx_word' id='word_1_268' title='bbox 684 1492 902 1528; x_wconf 81' lang='lat' dir='ltr'>superstitionis</span> <span class='ocrx_word' id='word_1_269' title='bbox 927 1493 1084 1530; x_wconf 85' lang='lat' dir='ltr'>specimina</span> <span class='ocrx_word' id='word_1_270' title='bbox 1111 1494 1199 1522; x_wconf 88' lang='lat' dir='ltr'>dedit.</span> <span class='ocrx_word' id='word_1_271' title='bbox 1246 1493 1366 1532; x_wconf 69' lang='lat' dir='ltr'>Auditis</span> <span class='ocrx_word' id='word_1_272' title='bbox 1376 1511 1393 1532; x_wconf 75' lang='lat' dir='ltr'>‚v</span> <span class='ocrx_word' id='word_1_273' title='bbox 1419 1502 1491 1529; x_wconf 82' lang='lat' dir='ltr'>quae</span> <span class='ocrx_word' id='word_1_274' title='bbox 1520 1494 1557 1525; x_wconf 81' lang='lat' dir='ltr'>ad</span> 
     </span>
     <span class='ocr_line' id='line_1_28' title="bbox 38 1541 1555 1588; baseline 0.001 -17"><span class='ocrx_word' id='word_1_275' title='bbox 38 1549 152 1574; x_wconf 72' lang='lat' dir='ltr'>sanctae</span> <span class='ocrx_word' id='word_1_276' title='bbox 173 1541 297 1570; x_wconf 84' lang='lat' dir='ltr'>Gudilae</span> <span class='ocrx_word' id='word_1_277' title='bbox 322 1541 507 1577; x_wconf 82' lang='lat' dir='ltr'>sepulchrum</span> <span class='ocrx_word' id='word_1_278' title='bbox 541 1542 642 1572; x_wconf 80' lang='lat' dir='ltr'>fierent</span> <span class='ocrx_word' id='word_1_279' title='bbox 674 1543 842 1580; x_wconf 84' lang='lat' dir='ltr'>miraculis,</span> <span class='ocrx_word' id='word_1_280' title='bbox 876 1544 911 1574; x_wconf 87' lang='lat' dir='ltr'>ad</span> <span class='ocrx_word' id='word_1_281' title='bbox 942 1544 1037 1575; x_wconf 84' lang='lat' dir='ltr'>villam</span> <span class='ocrx_word' id='word_1_282' title='bbox 1069 1544 1207 1580; x_wconf 87' lang='lat' dir='ltr'>quandam</span> <span class='ocrx_word' id='word_1_283' title='bbox 1235 1544 1265 1573; x_wconf 89' lang='lat' dir='ltr'>in</span> <span class='ocrx_word' id='word_1_284' title='bbox 1293 1544 1444 1578; x_wconf 76' lang='lat' dir='ltr'>Brabantia</span> <span class='ocrx_word' id='word_1_285' title='bbox 1473 1544 1555 1588; x_wconf 65' lang='lat' dir='ltr'>sitam</span> 
     </span>
     <span class='ocr_line' id='line_1_29' title="bbox 38 1592 1554 1633; baseline 0.002 -9"><span class='ocrx_word' id='word_1_286' title='bbox 38 1603 71 1625; x_wconf 81' lang='lat' dir='ltr'>se</span> <span class='ocrx_word' id='word_1_287' title='bbox 96 1592 255 1622; x_wconf 86' lang='lat' dir='ltr'>contulisse</span> <span class='ocrx_word' id='word_1_288' title='bbox 294 1592 418 1628; x_wconf 85' lang='lat' dir='ltr'>dicitur,</span> <span class='ocrx_word' id='word_1_289' title='bbox 447 1593 520 1622; x_wconf 88' lang='lat' dir='ltr'>hanc</span> <span class='ocrx_word' id='word_1_290' title='bbox 548 1594 695 1630; x_wconf 87' lang='lat' dir='ltr'>regionem</span> <span class='ocrx_word' id='word_1_291' title='bbox 723 1596 835 1624; x_wconf 85' lang='lat' dir='ltr'>dedisse</span> <span class='ocrx_word' id='word_1_292' title='bbox 858 1596 989 1632; x_wconf 86' lang='lat' dir='ltr'>virgini,</span> <span class='ocrx_word' id='word_1_293' title='bbox 1019 1596 1191 1633; x_wconf 87' lang='lat' dir='ltr'>copiamque</span> <span class='ocrx_word' id='word_1_294' title='bbox 1217 1596 1324 1625; x_wconf 87' lang='lat' dir='ltr'>fecisse</span> <span class='ocrx_word' id='word_1_295' title='bbox 1343 1617 1354 1632; x_wconf 83' lang='lat'><strong>,</strong></span> <span class='ocrx_word' id='word_1_296' title='bbox 1381 1595 1554 1632; x_wconf 81' lang='lat' dir='ltr'>aggregandi</span> 
     </span>
     <span class='ocr_line' id='line_1_30' title="bbox 22 1643 1554 1683; baseline 0.003 -11"><span class='ocrx_word' id='word_1_297' title='bbox 22 1643 68 1674; x_wconf 67' lang='lat' dir='ltr'>&#39;in</span> <span class='ocrx_word' id='word_1_298' title='bbox 91 1652 125 1673; x_wconf 89' lang='lat' dir='ltr'>eo</span> <span class='ocrx_word' id='word_1_299' title='bbox 159 1643 677 1674; x_wconf 35' lang='lat' dir='ltr'>loco-sanctimonialium*catervam</span> <span class='ocrx_word' id='word_1_300' title='bbox 709 1646 801 1683; x_wconf 80' lang='lat'>(5).</span> <span class='ocrx_word' id='word_1_301' title='bbox 851 1648 961 1677; x_wconf 84' lang='lat' dir='ltr'>Ferunt</span> <span class='ocrx_word' id='word_1_302' title='bbox 997 1647 1080 1676; x_wconf 76' lang='lat' dir='ltr'>etiarn</span> <span class='ocrx_word' id='word_1_303' title='bbox 1117 1656 1180 1676; x_wconf 87' lang='lat' dir='ltr'>eum</span> <span class='ocrx_word' id='word_1_304' title='bbox 1217 1655 1253 1675; x_wconf 86' lang='lat' dir='ltr'>ex</span> <span class='ocrx_word' id='word_1_305' title='bbox 1282 1647 1384 1675; x_wconf 85' lang='lat' dir='ltr'>Leone</span> <span class='ocrx_word' id='word_1_306' title='bbox 1413 1646 1554 1678; x_wconf 77' lang='lat' dir='ltr'>Pontifice</span> 
     </span>
     <span class='ocr_line' id='line_1_31' title="bbox 36 1694 1549 1739; baseline 0.003 -15"><span class='ocrx_word' id='word_1_307' title='bbox 36 1694 212 1731; x_wconf 82' lang='lat' dir='ltr'>quaesiisse,</span> <span class='ocrx_word' id='word_1_308' title='bbox 233 1702 302 1721; x_wconf 86' lang='lat' dir='ltr'>num</span> <span class='ocrx_word' id='word_1_309' title='bbox 335 1703 431 1739; x_wconf 74' lang='lat' dir='ltr'>veram</span> <span class='ocrx_word' id='word_1_310' title='bbox 458 1694 743 1737; x_wconf 19' lang='lat' dir='ltr'>famamlaccepisset</span> <span class='ocrx_word' id='word_1_311' title='bbox 770 1698 805 1726; x_wconf 91' lang='lat' dir='ltr'>de</span> <span class='ocrx_word' id='word_1_312' title='bbox 834 1698 972 1735; x_wconf 87' lang='lat' dir='ltr'>sanguine</span> <span class='ocrx_word' id='word_1_313' title='bbox 1005 1698 1127 1727; x_wconf 82' lang='lat' dir='ltr'>Christo</span> <span class='ocrx_word' id='word_1_314' title='bbox 1154 1697 1292 1727; x_wconf 86' lang='lat' dir='ltr'>Mantuae</span> <span class='ocrx_word' id='word_1_315' title='bbox 1317 1697 1437 1727; x_wconf 83' lang='lat' dir='ltr'>invento</span> <span class='ocrx_word' id='word_1_316' title='bbox 1463 1698 1549 1736; x_wconf 80' lang='lat'>(6).</span> 
     </span>
     <span class='ocr_line' id='line_1_32' title="bbox 37 1740 1550 1787; baseline 0.003 -14"><span class='ocrx_word' id='word_1_317' title='bbox 37 1743 167 1784; x_wconf 84' lang='lat' dir='ltr'>Repetiit</span> <span class='ocrx_word' id='word_1_318' title='bbox 192 1752 309 1781; x_wconf 82' lang='lat' dir='ltr'>quoque</span> <span class='ocrx_word' id='word_1_319' title='bbox 335 1740 472 1774; x_wconf 79' lang='lat' dir='ltr'>avunculi</span> <span class='ocrx_word' id='word_1_320' title='bbox 496 1741 542 1775; x_wconf 83' lang='lat' dir='ltr'>sui</span> <span class='ocrx_word' id='word_1_321' title='bbox 572 1740 778 1782; x_wconf 76' lang='lat' dir='ltr'>carolomanni</span> <span class='ocrx_word' id='word_1_322' title='bbox 805 1750 896 1786; x_wconf 88' lang='lat' dir='ltr'>legem</span> <span class='ocrx_word' id='word_1_323' title='bbox 912 1769 924 1787; x_wconf 82' lang='lat'><strong>‚</strong></span> <span class='ocrx_word' id='word_1_324' title='bbox 944 1758 1033 1785; x_wconf 61' lang='lat' dir='ltr'>&gt;quae</span> <span class='ocrx_word' id='word_1_325' title='bbox 1059 1744 1182 1778; x_wconf 81' lang='lat' dir='ltr'>Clericis</span> <span class='ocrx_word' id='word_1_326' title='bbox 1199 1770 1211 1785; x_wconf 82' lang='lat'>‚</span> <span class='ocrx_word' id='word_1_327' title='bbox 1238 1747 1404 1785; x_wconf 76' lang='lat' dir='ltr'>Capellanis</span> <span class='ocrx_word' id='word_1_328' title='bbox 1439 1749 1525 1778; x_wconf 87' lang='lat' dir='ltr'>dictis</span> <span class='ocrx_word' id='word_1_329' title='bbox 1540 1770 1550 1785; x_wconf 80' lang='lat'><strong>‚</strong></span> 
     </span>
     <span class='ocr_line' id='line_1_33' title="bbox 38 1789 1553 1843; baseline 0.003 -20"><span class='ocrx_word' id='word_1_330' title='bbox 38 1789 145 1831; x_wconf 70' lang='lat' dir='ltr'>tini¹ad</span> <span class='ocrx_word' id='word_1_331' title='bbox 173 1796 283 1824; x_wconf 80' lang='lat' dir='ltr'>bellum</span> <span class='ocrx_word' id='word_1_332' title='bbox 306 1804 370 1824; x_wconf 90' lang='lat' dir='ltr'>cum</span> <span class='ocrx_word' id='word_1_333' title='bbox 404 1796 531 1827; x_wconf 72' lang='lat' dir='ltr'>exercitu</span> <span class='ocrx_word' id='word_1_334' title='bbox 557 1798 839 1836; x_wconf 82' lang='lat' dir='ltr'>proficiscebantur,</span> <span class='ocrx_word' id='word_1_335' title='bbox 866 1801 1015 1838; x_wconf 85' lang='lat' dir='ltr'>jusserat,</span> <span class='ocrx_word' id='word_1_336' title='bbox 1043 1800 1203 1843; x_wconf 74' lang='lat' dir='ltr'>patrocinia</span> <span class='ocrx_word' id='word_1_337' title='bbox 1234 1807 1399 1830; x_wconf 86' lang='lat' dir='ltr'>sanctorum</span> <span class='ocrx_word' id='word_1_338' title='bbox 1429 1808 1479 1830; x_wconf 91' lang='lat' dir='ltr'>aut</span> <span class='ocrx_word' id='word_1_339' title='bbox 1507 1801 1553 1838; x_wconf 89' lang='lat' dir='ltr'>pi-</span> 
     </span>
    </p>

    <p class='ocr_par' dir='ltr' id='par_1_7' title="bbox 1481 1859 1553 1888">
     <span class='ocr_line' id='line_1_34' title="bbox 1481 1859 1553 1888; baseline 0 -8"><span class='ocrx_word' id='word_1_340' title='bbox 1481 1859 1553 1888; x_wconf 85' lang='lat' dir='ltr'>gno-</span> 
     </span>
    </p>
   </div>
   <div class='ocr_carea' id='block_1_6' title="bbox 0 1925 1516 2112">
    <p class='ocr_par' dir='ltr' id='par_1_8' title="bbox 0 1925 1516 2112">
     <span class='ocr_line' id='line_1_35' title="bbox 69 1925 1224 1967; baseline 0.004 -13"><span class='ocrx_word' id='word_1_341' title='bbox 69 1925 131 1961; x_wconf 77' lang='grc'>(1)</span> <span class='ocrx_word' id='word_1_342' title='bbox 150 1928 216 1954; x_wconf 80' lang='grc' dir='ltr'><strong>Αιπι.</strong></span> <span class='ocrx_word' id='word_1_343' title='bbox 234 1928 276 1955; x_wconf 76' lang='lat' dir='ltr'>Fr.</span> <span class='ocrx_word' id='word_1_344' title='bbox 292 1928 365 1955; x_wconf 86' lang='lat' dir='ltr'>Lois.</span> <span class='ocrx_word' id='word_1_345' title='bbox 387 1937 415 1961; x_wconf 86' lang='lat' dir='ltr'>p.</span> <span class='ocrx_word' id='word_1_346' title='bbox 431 1935 474 1961; x_wconf 81' lang='lat'>52.</span> <span class='ocrx_word' id='word_1_347' title='bbox 497 1939 539 1964; x_wconf 81' lang='lat' dir='ltr'>ap.</span> <span class='ocrx_word' id='word_1_348' title='bbox 561 1938 618 1959; x_wconf 87' lang='lat' dir='ltr'>not.</span> <span class='ocrx_word' id='word_1_349' title='bbox 635 1941 666 1960; x_wconf 83' lang='lat'>2.</span> <span class='ocrx_word' id='word_1_350' title='bbox 687 1934 776 1966; x_wconf 83' lang='lat' dir='ltr'>Bouq.</span> <span class='ocrx_word' id='word_1_351' title='bbox 794 1934 862 1959; x_wconf 89' lang='lat' dir='ltr'>Ann.</span> <span class='ocrx_word' id='word_1_352' title='bbox 881 1934 924 1961; x_wconf 81' lang='lat' dir='ltr'>Fr.</span> <span class='ocrx_word' id='word_1_353' title='bbox 943 1934 1022 1960; x_wconf 81' lang='lat' dir='ltr'>Fred.</span> <span class='ocrx_word' id='word_1_354' title='bbox 1043 1942 1072 1967; x_wconf 92' lang='lat' dir='ltr'>p.</span> <span class='ocrx_word' id='word_1_355' title='bbox 1091 1939 1152 1966; x_wconf 79' lang='lat'>331.</span> <span class='ocrx_word' id='word_1_356' title='bbox 1169 1933 1189 1959; x_wconf 87' lang='grc' dir='ltr'>Ι.</span> <span class='ocrx_word' id='word_1_357' title='bbox 1205 1934 1224 1959; x_wconf 90' lang='lat' dir='ltr'>l.</span> 
     </span>
     <span class='ocr_line' id='line_1_36' title="bbox 71 1971 1170 2013; baseline 0.006 -15"><span class='ocrx_word' id='word_1_358' title='bbox 71 1971 133 2007; x_wconf 82' lang='lat'>(2)</span> <span class='ocrx_word' id='word_1_359' title='bbox 151 1973 210 2000; x_wconf 84' lang='lat' dir='ltr'>vid.</span> <span class='ocrx_word' id='word_1_360' title='bbox 229 1975 279 2001; x_wconf 87' lang='lat' dir='ltr'>vita</span> <span class='ocrx_word' id='word_1_361' title='bbox 297 1975 349 2007; x_wconf 87' lang='lat' dir='ltr'>Ep.</span> <span class='ocrx_word' id='word_1_362' title='bbox 363 1975 502 2005; x_wconf 82' lang='lat' dir='ltr'>Lemovic.</span> <span class='ocrx_word' id='word_1_363' title='bbox 518 1978 549 2003; x_wconf 82' lang='lat' dir='ltr'>ab</span> <span class='ocrx_word' id='word_1_364' title='bbox 571 1977 639 2011; x_wconf 68' lang='lat' dir='ltr'>Hug⁴</span> <span class='ocrx_word' id='word_1_365' title='bbox 656 1980 772 2005; x_wconf 86' lang='lat' dir='ltr'>Floriac.</span> <span class='ocrx_word' id='word_1_366' title='bbox 791 1986 817 2006; x_wconf 87' lang='lat' dir='ltr'>n.</span> <span class='ocrx_word' id='word_1_367' title='bbox 834 1986 878 2006; x_wconf 85' lang='lat'>21.</span> <span class='ocrx_word' id='word_1_368' title='bbox 900 1987 942 2012; x_wconf 85' lang='lat' dir='ltr'>ap.</span> <span class='ocrx_word' id='word_1_369' title='bbox 963 1981 1053 2013; x_wconf 90' lang='lat' dir='ltr'>Bouq.</span> <span class='ocrx_word' id='word_1_370' title='bbox 1074 1987 1100 2012; x_wconf 88' lang='lat' dir='ltr'>p.</span> <span class='ocrx_word' id='word_1_371' title='bbox 1112 1986 1170 2013; x_wconf 82' lang='lat'>451.</span> 
     </span>
     <span class='ocr_line' id='line_1_37' title="bbox 0 2016 1479 2060; baseline 0.007 -17"><span class='ocrx_word' id='word_1_372' title='bbox 0 2051 1 2060; x_wconf 15' lang='grc' dir='ltr'>ἵ</span> <span class='ocrx_word' id='word_1_373' title='bbox 46 2016 137 2056; x_wconf 72' lang='lat'><em>‚‚(3,)</em></span> <span class='ocrx_word' id='word_1_374' title='bbox 156 2020 240 2051; x_wconf 79' lang='lat' dir='ltr'>Capit.</span> <span class='ocrx_word' id='word_1_375' title='bbox 259 2028 282 2047; x_wconf 78' lang='lat' dir='ltr'>a.</span> <span class='ocrx_word' id='word_1_376' title='bbox 299 2021 358 2054; x_wconf 87' lang='lat'>789.</span> <span class='ocrx_word' id='word_1_377' title='bbox 383 2029 409 2048; x_wconf 84' lang='lat' dir='ltr'>c.</span> <span class='ocrx_word' id='word_1_378' title='bbox 425 2022 470 2050; x_wconf 87' lang='lat'>62.</span> <span class='ocrx_word' id='word_1_379' title='bbox 488 2031 530 2056; x_wconf 85' lang='lat' dir='ltr'>ap.</span> <span class='ocrx_word' id='word_1_380' title='bbox 548 2025 605 2052; x_wconf 87' lang='lat' dir='ltr'>Bal.</span> <span class='ocrx_word' id='word_1_381' title='bbox 622 2031 641 2052; x_wconf 92' lang='lat' dir='ltr'>t.</span> <span class='ocrx_word' id='word_1_382' title='bbox 662 2025 681 2053; x_wconf 92' lang='lat'>1.</span> <span class='ocrx_word' id='word_1_383' title='bbox 705 2033 732 2059; x_wconf 89' lang='lat' dir='ltr'>p.</span> <span class='ocrx_word' id='word_1_384' title='bbox 748 2032 808 2057; x_wconf 83' lang='lat'>234.</span> <span class='ocrx_word' id='word_1_385' title='bbox 911 2023 972 2058; x_wconf 80' lang='lat'><em>(¹4)</em></span> <span class='ocrx_word' id='word_1_386' title='bbox 990 2027 1043 2058; x_wconf 86' lang='lat' dir='ltr'>Ap.</span> <span class='ocrx_word' id='word_1_387' title='bbox 1061 2026 1150 2052; x_wconf 78' lang='lat' dir='ltr'>Baluz,</span> <span class='ocrx_word' id='word_1_388' title='bbox 1171 2033 1199 2058; x_wconf 85' lang='lat' dir='ltr'>p.</span> <span class='ocrx_word' id='word_1_389' title='bbox 1213 2026 1271 2058; x_wconf 87' lang='lat'>389.</span> <span class='ocrx_word' id='word_1_390' title='bbox 1291 2033 1313 2053; x_wconf 85' lang='lat' dir='ltr'>a.</span> <span class='ocrx_word' id='word_1_391' title='bbox 1325 2027 1384 2059; x_wconf 80' lang='lat'>803.</span> <span class='ocrx_word' id='word_1_392' title='bbox 1400 2033 1424 2054; x_wconf 90' lang='lat' dir='ltr'>c.</span> <span class='ocrx_word' id='word_1_393' title='bbox 1436 2030 1479 2060; x_wconf 83' lang='lat'>57.</span> 
     </span>
     <span class='ocr_line' id='line_1_38' title="bbox 0 2055 1516 2112; baseline 0.007 -21"><span class='ocrx_word' id='word_1_394' title='bbox 0 2106 2 2112; x_wconf 20' lang='lat' dir='ltr'>k</span> <span class='ocrx_word' id='word_1_395' title='bbox 46 2055 130 2100; x_wconf 63' lang='grc' dir='ltr'>ι’(5)</span> <span class='ocrx_word' id='word_1_396' title='bbox 147 2065 199 2099; x_wconf 81' lang='lat' dir='ltr'>Ap.</span> <span class='ocrx_word' id='word_1_397' title='bbox 216 2066 303 2101; x_wconf 82' lang='lat' dir='ltr'>Bouq.</span> <span class='ocrx_word' id='word_1_398' title='bbox 323 2075 350 2100; x_wconf 90' lang='lat' dir='ltr'>p.</span> <span class='ocrx_word' id='word_1_399' title='bbox 360 2068 425 2101; x_wconf 77' lang='lat'>480.</span> <span class='ocrx_word' id='word_1_400' title='bbox 438 2076 478 2103; x_wconf 85' lang='lat' dir='ltr'>sq.</span> <span class='ocrx_word' id='word_1_401' title='bbox 497 2076 524 2097; x_wconf 88' lang='lat' dir='ltr'>c.</span> <span class='ocrx_word' id='word_1_402' title='bbox 537 2077 565 2104; x_wconf 84' lang='lat'>7.</span> <span class='ocrx_word' id='word_1_403' title='bbox 753 2068 818 2105; x_wconf 78' lang='lat'>(6)</span> <span class='ocrx_word' id='word_1_404' title='bbox 836 2071 907 2098; x_wconf 75' lang='lat' dir='ltr'>Ann-</span> <span class='ocrx_word' id='word_1_405' title='bbox 924 2071 967 2099; x_wconf 82' lang='lat' dir='ltr'>Fr.</span> <span class='ocrx_word' id='word_1_406' title='bbox 985 2070 1039 2098; x_wconf 81' lang='lat' dir='ltr'>Til.</span> <span class='ocrx_word' id='word_1_407' title='bbox 1058 2079 1089 2105; x_wconf 76' lang='lat' dir='ltr'>p.</span> <span class='ocrx_word' id='word_1_408' title='bbox 1099 2078 1145 2106; x_wconf 80' lang='lat'>24.</span> <span class='ocrx_word' id='word_1_409' title='bbox 1157 2079 1198 2106; x_wconf 82' lang='lat' dir='ltr'>ap.</span> <span class='ocrx_word' id='word_1_410' title='bbox 1216 2073 1305 2106; x_wconf 85' lang='lat' dir='ltr'>Bouq.</span> <span class='ocrx_word' id='word_1_411' title='bbox 1510 2076 1516 2083; x_wconf 84' lang='lat'>¹</span> 
     </span>
    </p>
   </div>
  </div>
 </body>
</html>
