1919 2511
291 177 328 211 58
589 177 786 209 PETRI
844 175 1195 209 ABRAHAMI
1249 179 1501 218 jELTES

294 265 340 285 tur
358 256 482 295 (161),
505 267 580 296 quos
607 260 716 290 frustra
739 269 875 297 reponere
905 259 1095 288 machinarum
1120 266 1260 290 tormenta
1286 268 1476 293 tentaverant.
1523 263 1583 292 Ubi
1616 271 1702 301 caput
1724 265 1799 294 ossis

294 308 405 338 humeri
431 310 502 340 intra
527 311 637 340 axillam
665 313 791 341 luxatum
816 311 997 344 inveniebat,
1025 311 1063 339 ita
1082 311 1228 340 humerum
1256 312 1350 349 digitis
1374 314 1510 347 retinuit,
1542 321 1572 342 ut
1594 315 1715 349 pollices
1740 323 1800 343 sca-

292 361 376 394 pulae
396 362 541 390 acromion
566 361 778 398 deprimerent,
808 369 835 390 et
858 361 955 396 digitis
979 367 1035 389 tam
1062 363 1140 398 alte,
1160 371 1242 399 quam
1265 364 1325 392 fieri
1354 372 1488 400 poterat,
1511 365 1538 394 iu
1558 365 1668 393 axillam
1696 365 1803 394 immisa

292 410 332 438 sis
356 418 485 440 uteretur
507 420 638 448 tanquam
664 419 762 448 vecte,
785 412 911 448 quibus,
934 413 1101 443 extensione
1127 421 1154 444 et
1177 417 1472 446 contra-extensione
1497 417 1552 446 rite
1573 418 1697 453 paratis,
1721 426 1802 454 repo-

290 462 443 498 sitionem,
465 464 611 492 humerum
631 465 786 499 elevando,
808 464 935 492 redderet
952 464 1120 496 faciliorem.
1154 468 1395 503 Instrumentum‚
1416 469 1493 503 quod
1509 469 1662 504 proposuit
1689 468 1799 503 Freke,

293 514 318 541 si
342 523 439 550 parum
468 522 605 544 mutatum
628 515 666 544 sit
692 515 889 552 (quomodoi>
910 514 981 543 illud
1005 524 1064 545 non
1083 516 1186 553 addit)
1208 518 1315 553 optima
1339 519 1452 547 videtur
1475 519 1599 547 Auctor-i
1620 519 1748 549 machina
1768 519 1802 547 ad

289 565 497 596 restitutionem
520 568 692 597 inveteratae
713 567 787 596 ossis
809 566 920 594 humeri
939 567 1094 597 luxationis
1116 569 1198 604 (162
1209 571 1237 606 ).

326 651 357 687 g.
381 658 426 687 14.
468 650 508 679 A.
531 647 690 679 Bertrandi
711 651 850 688 (1792).
891 649 928 678 P.
949 650 991 677 E.
1011 649 1135 678 Desault
1156 651 1253 688 (1798
1270 651 1298 688 ).
1345 652 1382 691 J.
1405 650 1446 681 D.
1469 651 1604 688 Metzger
1625 651 1761 688 (1798).

363 700 483 738 Flajani
501 701 635 740 (1799).
677 700 796 728 Mennel
813 700 950 739 (1800).
990 700 1031 730 A.
1053 701 1141 729 ,Mare
1163 703 1286 741 (1800),
1327 701 1360 732 T,
1383 701 1422 731 G.
1445 701 1577 730 Schclder
1600 703 1721 738 (1801).

603 751 642 788 J.
666 750 705 780 G.
726 751 874 780 Bernszein
895 755 908 789 (
920 751 991 781 1802
1002 752 1030 786 J.
1075 751 1314 789 Brdmzighaasen
1343 754 1441 790 (1802
1455 759 1484 792 J.

320 832 530 869 Antiquiorum
555 833 713 870 reponendi
741 833 893 862 methodos
919 838 1049 861 accurate
1075 833 1196 868 exponit
1219 832 1378 863 Bertrandi
1399 835 1505 873 (163)
1534 833 1584 861 sed
1605 834 1716 862 nullum
1743 840 1802 861 me·

287 891 378 912 morat
403 884 559 920 auxilium,
583 884 661 920 quod
676 882 752 913 forte
777 884 893 922 majoris
910 890 1011 921 posset
1034 892 1096 913 esse
1116 885 1252 914 momenti
1275 886 1309 915 ad
1331 886 1508 915 luxationem
1531 885 1607 915 ossis
1632 884 1743 914 humeri
1757 892 1802 914 re-

287 933 470 963 stituendam.

320 983 444 1012 Desault
464 985 547 1013 docet
586 994 613 1015 1.
635 993 747 1014 omnem
772 987 928 1023 reponendi
948 988 1112 1017 methodum
1137 991 1295 1019 consistere
1323 989 1425 1019 debere
1447 990 1477 1018 in
1495 988 1652 1018 directione
1675 986 1799 1022 virium,

285 1044 356 1072 quae
383 1037 577 1065 extensionem
600 1036 750 1073 efficiunt,
773 1039 958 1069 convenienti
983 1041 1130 1076 parandae
1172 1051 1202 1071 2.
1223 1041 1433 1078 coaptationem
1452 1039 1511 1069 fere
1537 1048 1651 1076 semper
1675 1047 1736 1067 esse
1755 1038 1800 1067 in-

282 1086 402 1116 utilem:
444 1096 474 1125 3.
503 1087 658 1116 luxationis
682 1088 877 1119 reductionem
904 1099 965 1120 non
998 1091 1061 1120 fieri
1084 1092 1186 1122 debere
1214 1102 1265 1130 per
1289 1093 1368 1129 vim,
1399 1101 1470 1128 quae
1496 1099 1583 1129 caput
1608 1091 1683 1121 ossis
1708 1089 1798 1120 luxati

281 1138 317 1166 ad
341 1138 462 1167 reditum
486 1138 515 1168 in
539 1139 689 1168 cavitatem
714 1140 814 1177 cogit,
842 1141 892 1170 sed
915 1150 967 1178 per
993 1146 1158 1178 musculos,
1188 1143 1254 1180 qui,
1275 1145 1342 1181 apta
1364 1143 1522 1173 directione
1551 1143 1609 1172 sibi
1635 1142 1797 1177 concessa,

281 1188 339 1225 ipsi
361 1197 514 1226 operantur
534 1190 740 1226 repositionem
762 1192 882 1229 (164).

321 1239 503 1275 Methodus,
527 1241 583 1276 qua
608 1240 723 1277 saepius
748 1241 871 1271 feliciter
897 1252 968 1272 usus
991 1250 1035 1273 est
1055 1245 1194 1279 Destruit,
1217 1245 1357 1283 eJusmodi
1382 1251 1425 1274 est
1447 1245 1571 1286 (165):
1603 1251 1716 1273 manum
1743 1243 1798 1271 hu-

284 1291 354 1318 meri
376 1290 466 1319 luxati
489 1290 563 1319 inter
590 1300 681 1328 genua
705 1291 824 1322 firmiter
847 1293 970 1331 retinet,
994 1302 1022 1324 et
1048 1296 1083 1325 ad
1107 1296 1267 1333 posteriora
1292 1304 1320 1326 et
1346 1298 1380 1326 ad
1407 1296 1542 1327 inferiora
1567 1296 1669 1329 trahit,
1697 1295 1799 1324 minis-

281 1347 326 1369 tro
351 1342 673 1372 contra-extensionem
706 1351 836 1375 curante.
877 1346 991 1376 Eodem
1019 1354 1147 1384 tempore
1179 1348 1271 1385 ipsius
1303 1335 1411 1377 man'us
1429 1348 1578 1376 humerum
1606 1348 1732 1375 luxatum
1759 1346 1794 1374 ad

278 1392 427 1428 superiora
446 1392 545 1428 ducit,
566 1402 620 1430 per
644 1403 728 1430 quam
750 1396 944 1432 operationem
971 1399 1086 1436 saepius
1109 1400 1261 1436 reponitur
1290 1408 1337 1431 os.
1376 1400 1448 1429 Non
1475 1408 1548 1436 opus
1578 1407 1639 1427 esse
1664 1398 1792 1430 mantili,

281 1452 340 1478 quo
364 1452 434 1472 usus
456 1451 500 1473 est
523 1445 598 1474 Petit
622 1445 656 1474 ad
680 1446 894 1485 reductionem,
921 1457 1020 1480 monet
1045 1450 1158 1479 Auctor
1185 1451 1320 1487 (166),
1351 1451 1401 1479 sed
1422 1459 1522 1481 manus
1549 1451 1626 1479 solas
1659 1448 1794 1477 sufficere

281 1501 308 1522 et
333 1494 362 1522 in
383 1495 527 1524 luxatione
549 1496 583 1524 ad
600 1496 738 1526 inferiora
760 1504 788 1526 et
805 1499 840 1528 ad
862 1499 998 1530 interiora
1017 1502 1117 1541 (167)
1131 1521 1142 1536 ,
1163 1501 1233 1530 dicit
1249 1500 1323 1529 enim
1343 1502 1456 1530 Auctor
1477 1499 1604 1537 (168),
1625 1508 1640 1527 a
1657 1496 1792 1535 prudenti

280 1545 405 1580 virium,
428 1554 500 1581 quae
530 1547 724 1576 extensionem
750 1556 871 1585 parant,
892 1551 1049 1581 directione
1077 1560 1187 1581 omnem
1211 1552 1333 1589 pendere
1356 1551 1512 1581 luxationis
1541 1549 1727 1587 repositionis
1753 1548 1795 1578 fa-

279 1594 413 1624 cilitatem
427 1616 437 1632 ,
458 1597 669 1633 coaptationem
688 1598 747 1627 fere
772 1607 885 1635 semper
902 1609 963 1630 esse
981 1603 1131 1639 inutilem,
1154 1611 1182 1633 et
1200 1604 1230 1634 in
1248 1604 1401 1633 luxationIS
1426 1603 1602 1640 repositione
1622 1602 1695 1631 nihil
1717 1600 1794 1630 aliud

279 1648 435 1676 curandum
462 1656 539 1683 esse,
561 1649 617 1678 nisi
642 1651 721 1686 quod
743 1653 882 1681 musculis
906 1662 965 1682 eam
990 1656 1179 1684 concedamus
1206 1655 1413 1691 directionem,
1436 1656 1491 1691 qud
1516 1654 1571 1690 ipsi
1597 1652 1790 1682 reductionem

279 1704 434 1734 operantur
453 1705 539 1734 atque
560 1699 608 1728 hic
630 1709 697 1738 ergo
718 1702 800 1731 etiam
821 1710 909 1733 artem
930 1714 992 1733 esse
1012 1712 1129 1734 naturae
1149 1705 1319 1734 ministram.

319 1749 359 1777 Ut
381 1749 472 1778 facilis
503 1750 552 1780 fiat
575 1752 650 1781 ossis
676 1754 786 1782 humeri
807 1755 968 1791 repositio,
990 1756 1161 1793 chirurgus,
1181 1757 1220 1785 ait:
1239 1757 1374 1794 Metager
1395 1756 1525 1796 (169),
1546 1755 1689 1784 attendere
1707 1754 1790 1784 debet

277 1800 311 1828 ad
334 1800 384 1828 has
406 1801 476 1829 duas
498 1803 633 1838 regulas:
677 1812 704 1834 1.
725 1804 845 1834 directio
872 1806 903 1835 in
927 1808 984 1843 qua
1006 1808 1166 1837 extenditur
1188 1808 1342 1841 humerus,
1363 1807 1465 1837 mutari
1487 1807 1590 1842 debet,
1612 1807 1702 1836 donec
1725 1815 1791 1842 per·

1751 1865 1792 1885 ci-

310 1932 405 1968 (161)
432 1937 449 1963 1.
467 1943 494 1962 c.
783 1936 886 1972 (162)
912 1942 931 1966 l.
955 1948 980 1968 c.
1006 1949 1033 1974 p.
1051 1948 1112 1973 320.

308 1980 403 2015 (163)
432 1983 466 2008 Α.
484 1982 628 2014 Berrraucfi.
654 1983 742 2010 Lehre
759 1993 787 2012 v,
806 1986 832 2012 d.
850 1987 980 2012 Kuochen
996 1988 1101 2013 krankh.
1129 1987 1316 2018 §.222—233.
1340 1986 1433 2013 Dresd‚
1451 1986 1513 2012 und.
1531 1986 1708 2020 Leips.1792.
1727 1986 1789 2011 8v0.

309 2026 412 2060 (164)
439 2029 555 2055 Desault.
581 2029 679 2056 Oevres
706 2031 830 2065 Chirurg.
856 2040 903 2066 par
927 2034 994 2059 xav.
1018 2033 1120 2060 Bichat.
1144 2040 1164 2060 t.
1183 2041 1206 2060 1.
1229 2041 1257 2066 p.
1275 2034 1335 2071 369.
1363 2033 1430 2058 Paris
1450 2032 1523 2059 1801.

307 2071 408 2108 (165)
437 2076 455 2102 1.
470 2081 494 2100 c.
532 2083 559 2108 p.
578 2083 633 2108 159.
657 2084 683 2103 n.
699 2085 743 2110 49.
1013 2078 1113 2113 (166)
1144 2080 1163 2105 Ι.
1181 2087 1205 2105 c.
1233 2086 1260 2104 n.
1277 2086 1321 2111 50.

308 2119 408 2153 (¹67)
437 2121 455 2146 1.
473 2128 498 2148 c.
525 2129 552 2147 n.
569 2129 612 2154 52.
1018 2130 1032 2159 (
1046 2124 1116 2159 168)
1145 2126 1163 2153 1.
1183 2132 1208 2152 c.
1234 2133 1260 2152 n.
1278 2126 1320 2157 63.

309 2165 408 2202 (169)
434 2169 599 2196 Unterricht.
624 2169 650 2195 in
672 2168 718 2196 der
737 2170 939 2199 Wundarzneik.
965 2172 991 2206 §.
1012 2178 1082 2204 1413.
1109 2180 1136 2205 p.
1155 2179 1213 2204 320.
1243 2172 1372 2204 Kc'iuigsb.
1393 2174 1466 2206 1798.
