1919 2511
432 198 660 228 RESPONSIO
688 207 731 227 AD
763 195 1072 235 QUAESTIONEM
1111 199 1321 230 MEDICAM.
1576 198 1611 225 61

91 273 165 312 Nstat
184 279 290 318 (190)
311 286 338 309 et
351 281 458 309 ’saltem
486 280 517 309 in
537 280 689 309 recentiori
714 287 781 307 casu
807 277 938 315 sufficit,
962 281 1039 316 quod
1056 281 1106 309 ubi
1126 290 1184 310 non
1205 281 1410 318 exspectationi
1431 281 1606 317 respondet,

102 332 224 361 mantilis
247 340 326 361 usum
346 333 440 360 laudat
459 332 572 360 Auctor
593 332 672 368 (191
687 333 715 367 ).
757 332 791 359 111
812 330 978 359 extensione
998 332 1032 359 ad
1053 332 1200 360 humerum
1213 353 1223 367 ‚
1245 341 1345 360 versus
1368 331 1502 360 inferiora
1522 333 1601 359 luxa-

102 390 160 411 tum
175 402 185 419 ,
209 371 402 418 reponendum
426 383 531 414 sensim
554 382 719 418 sensimque
737 389 915 410 accrescente
941 382 1075 411 humerus
1097 383 1187 411 attolli
1217 384 1321 418 debet,
1344 390 1476 411 monente
1499 383 1611 411 Aucto-

97 441 148 468 re,
179 440 211 461 ut
240 434 401 461 relaxentur
429 442 467 462 m.
490 434 661 462 Deltoi'deus
686 439 714 462 et
740 432 915 469 Pectoralis3
949 434 1061 468 quando
1095 441 1187 462 autem
1217 442 1268 469 per
1301 434 1496 462 extensionem
1523 441 1609 470 caput

95 485 131 513 ad
156 483 303 512 cavitatem
332 484 509 520 glenoi'deam
530 484 658 520 accedit,
681 492 792 512 manum
821 484 850 512 in
879 484 990 514 axillam
1009 487 1064 513 alte
1091 486 1222 514 immittat
1247 485 1420 522 chirurgus,
1445 487 1522 521 quil,
1542 492 1603 514 tau-

97 543 179 571 quam
206 541 305 570 vecte,
327 535 369 563 uti
397 534 500 571 debet,
521 542 554 564 ut
576 535 718 572 repositio
740 535 790 564 fiat
811 536 930 573 (192).
970 536 1026 564 Pro
1053 536 1168 564 diverso
1194 537 1282 572 loco,
1308 545 1390 571 quein
1416 543 1501 573 caput
1520 546 1605 566 occu-

94 592 165 621 pat,
186 593 284 622 parum
307 585 418 615 differat
442 586 552 614 humeri
569 587 744 616 extensionis
766 588 886 617 directio
910 587 990 626 (193
1002 594 1027 626 ).
1069 590 1128 618 Ubi
1151 598 1219 618 vero
1236 598 1335 618 manus
1354 598 1427 624 opus
1448 591 1596 618 absolvere

95 643 261 680 nequeunt,
282 637 317 665 ad
338 638 456 672 laqueos
481 636 704 674 confugiendum
729 644 795 674 est,
818 645 862 675 et,
884 639 910 668 si
933 639 998 669 inde
1022 640 1094 669 nthI
1119 640 1207 675 boni,
1228 640 1263 668 acl
1280 640 1442 676 machinas,
1465 649 1479 668 e
1499 641 1604 676 quibus

93 689 286 726 polyspaston
307 687 437 723 inprimis
457 686 486 716 in
506 687 555 716 tali
575 696 642 717 casu
662 689 755 718 laudat
776 689 792 725 (
804 698 858 726 194
870 692 896 723 ).

129 740 162 769 In
180 739 335 768 luxationis
355 739 431 768 ossis
452 739 562 768 humeri
583 740 729 769 curatione
753 740 835 769 etiam
858 741 1013 770 IVarnecke
1037 742 1131 771 laudat
1151 743 1259 782 (195)
1281 743 1423 779 duplicem
1446 745 1602 779 reponendi

89 790 275 826 methodumg,
304 798 361 819 una
384 791 522 819 manualis
545 790 579 819 fit
603 790 726 819 mantilis
754 799 828 827 ope,
857 791 1020 821 sufficiente
1046 793 1217 821 extensione
1246 800 1274 821 et
1299 795 1599 823 contra—extensione

89 844 236 874 hominum
261 844 290 873 vi
314 844 462 880 adhibita,
485 846 591 880 altera,
614 844 663 873 ubi
687 854 786 873 manus
811 853 870 874 non
890 844 1061 880 sufficiunt,
1083 844 1308 873 instrumentalis
1332 845 1465 874 consistit
1483 846 1511 874 in
1528 846 1598 882 qua-

87 896 148 924 dam
172 894 324 930 machina,
346 896 428 932 cujus
452 894 516 931 ipse
540 901 641 924 auctor
667 902 710 924 est
731 896 850 935 (196).
893 896 933 924 Ut
953 895 1066 923 facilius
1088 894 1229 923 luxationi
1255 895 1399 924 medeatur
1426 897 1597 934 chirurgus,

85 937 285 976 attendendum
312 955 374 975 esse
393 952 493 976 monet
518 946 653 982 Auctor,
675 947 756 983 quod
783 947 881 976 eodem
909 954 1040 982 tempore
1064 945 1133 973 fiant
1158 946 1309 981 extensio,
1332 948 1597 976 contra-extensio

80 1005 108 1026 et
133 998 266 1027 elevatio.
306 997 385 1026 Haec
413 1003 507 1026 autem
528 1004 671 1026 momenta
696 998 910 1034 observantur,
932 997 981 1026 ubi
1003 996 1095 1033 ipsius
1122 996 1314 1026 instrumento
1335 998 1443 1027 uteris:
1466 999 1595 1028 extensio

82 1049 156 1079 enim
180 1049 231 1084 fit,
252 1047 394 1077 manubrii
420 1057 476 1085 ope
492 1048 656 1084 versatiliS,
678 1057 737 1084 quo
763 1049 936 1078 instructum
960 1054 1003 1076 est
1027 1047 1156 1084 lignum,
1181 1048 1256 1083 quod
1276 1049 1310 1076 ad
1331 1050 1465 1085 angulum
1486 1057 1595 1079 rectum

82 1101 233 1129 columnae
255 1099 384 1136 affigitur
403 1099 653 1136 perpendiculari,
674 1108 690 1129 a
715 1101 786 1129 sella
803 1100 1004 1135 adscendenti‚
1027 1106 1054 1128 et
1072 1098 1326 1135 superimpositum
1350 1100 1436 1129 habet
1454 1101 1592 1130 circulum

76 1151 223 1188 ligneum,
245 1159 297 1187 per
326 1159 410 1186 quem
437 1151 592 1179 transmitti
617 1151 701 1179 debet
723 1151 889 1184 brachium,
911 1151 996 1179 axilla
1018 1150 1163 1187 pulvinari
1179 1150 1362 1179 incumbente
1382 1150 1496 1188 (197);
1516 1160 1588 1183 con·

75 1202 316 1232 tra-extensione
334 1209 428 1231 autem
451 1202 505 1231 rite
528 1210 580 1238 per
597 1203 690 1231 lorum
714 1202 826 1231 firmum
843 1201 970 1230 adhibita
991 1201 1092 1241 (198,
1119 1202 1239 1229 alterum
1259 1201 1436 1230 manubrium
1454 1204 1586 1233 versatile

75 1250 190 1282 summo
211 1253 320 1281 clrculo
342 1252 462 1282 affixum
482 1251 772 1282 e1evationem·curat
792 1253 914 1290 (199).

112 1293 252 1340 Sequitur
276 1303 429 1332 methodus
444 1324 454 1339 ,
485 1312 568 1339 quam
595 1304 689 1332 laudat
716 1304 815 1332 Motha
835 1303 964 1342 (200):
995 1303 1117 1340 Aegroti
1133 1324 1142 1339 ,
1165 1302 1246 1332 sedili
1271 1302 1438 1337 insidentis,
1468 1313 1580 1336 summo

73 1356 194 1385 humero
223 1354 342 1384 linteum
371 1360 447 1383 arcte
472 1354 674 1390 complicatum
700 1354 878 1391 imponitur,
907 1356 990 1392 qu'us
1018 1363 1075 1391 ope
1099 1355 1157 1383 duo
1182 1353 1306 1382 ministri
1333 1354 1420 1383 humo
1449 1357 1579 1386 sedentes

71 1407 221 1456 humerum
254 1405 426 1442 obfirmant,
454 1406 507 1435 alia
533 1405 638 1441 fascia,
665 1414 772 1442 colpus
801 1405 952 1440 ambiens,
982 1413 1067 1440 quam
1091 1405 1192 1433 tertius
1217 1414 1233 1433 a
1257 1406 1344 1434 latere
1375 1414 1446 1435 sano
1476 1408 1580 1438 retinet

71 1447 222 1502 minister,
254 1462 354 1491 curat,
383 1464 420 1485 ne
446 1465 497 1492 per
517 1457 711 1485 extensionem
736 1457 801 1485 loco
828 1463 976 1485 moveatur
1003 1464 1097 1492 aeger.
1136 1455 1300 1492 Chirurgus
1327 1464 1420 1486 autem
1448 1459 1577 1492 cubitum

69 1510 195 1545 utrAque
218 1516 303 1537 manu
326 1507 495 1543 prehendit,
516 1507 618 1536 leniter
640 1506 762 1535 intendit
783 1513 810 1535 et
827 1507 966 1542 attrahit,
989 1515 1048 1542 quo
1071 1506 1149 1535 facto
1168 1515 1231 1534 eum
1248 1507 1282 1535 ad
1305 1508 1378 1536 latus
1405 1508 1434 1538 in
1455 1511 1577 1542 sublime

68 1559 152 1596 erigit
176 1567 270 1595 usque
293 1558 360 1587 dum
387 1564 492 1586 statum
518 1557 780 1594 perpendicularem
806 1563 908 1586 nactus
939 1564 982 1586 est
1011 1557 1143 1594 (2ot);
1173 1557 1274 1586 deinde
1306 1559 1441 1594 paulatim
1470 1561 1575 1592 fortius

68 1610 222 1639 extendens
253 1609 330 1639 sine·
353 1610 414 1637 ullo
445 1608 506 1637 fere
536 1608 614 1644 aegri
649 1609 749 1636 dolore
782 1607 812 1636 in
844 1607 940 1636 sedem
973 1609 1102 1637 luxatum
1138 1608 1287 1636 humerum
1320 1611 1434 1645 reponit
1466 1613 1576 1643 chirur-

69 1658 122 1697 g‘us
148 1661 228 1698 (202
239 1660 267 1699 ).
313 1659 398 1690 Hanc
424 1659 618 1696 operationem
648 1658 710 1689 sine
739 1657 863 1689 ministri
884 1659 991 1688 auxilio
1020 1658 1178 1689 absolvisse
1209 1668 1240 1688 se
1265 1661 1358 1689 solum
1383 1663 1466 1692 tradit
1495 1665 1576 1694 Auc-

1530 1724 1578 1746 tor

99 1792 195 1828 (190)
221 1793 400 1822 Lammerhirt.
424 1794 587 1823 Tasschenb.
604 1795 651 1822 fib.
669 1795 779 1822 Beinbr.
796 1795 849 1821 und
866 1794 1002 1822 Verrenk.
1019 1799 1116 1826 p-137-
1134 1793 1207 1821 Berl.
1226 1794 1299 1826 1805.

99 1838 198 1875 (191)
224 1842 242 1868 1.
260 1848 287 1868 c.
308 1842 411 1874 p.138.
646 1840 745 1875 (192)
772 1841 790 1867 1.
809 1848 835 1867 c.
1072 1838 1171 1873 (193)
1200 1841 1217 1866 1.
1237 1846 1263 1867 c.
1287 1847 1315 1872 p.
1336 1841 1491 1875 138-140,

96 1886 192 1920 (194)
219 1887 237 1914 1.
256 1894 281 1914 c.
308 1893 334 1919 p.
354 1894 411 1920 140.

96 1930 191 1965 (195)
217 1933 293 1958 Uber
319 1933 361 1958 die
387 1933 519 1960 Verrenk.
546 1933 572 1961 d.
597 1932 669 1960 Obet
695 1939 772 1960 arms.
799 1941 826 1966 p.
849 1939 880 1964 14
899 1939 954 1965 seq.
989 1931 1091 1958 Niirnb.
1117 1932 1190 1958 1810.

94 1976 190 2013 (¹96)
219 1977 236 2006 1.“
255 1987 281 2006 c.
309 1987 337 2012 p.
354 1987 402 2007 20.
724 1978 824 2013 (197)
853 1980 871 2004 l.
891 1986 915 2005 e.
940 1978 992 2005 tab.
1013 1985 1036 2005 1.
1062 1977 1107 2009 fig.
1126 1984 1150 2004 1.

94 2023 190 2059 (198)
216 2026 234 2052 1.
252 2033 277 2053 c.
301 2026 354 2051 tab.
370 2032 396 2058 3.
424 2026 468 2058 fig.
485 2027 603 2061 6.—24.
805 2026 907 2059 (¹99)
931 2026 949 2052 1.
967 2032 993 2051 c.
1019 2025 1069 2050 tab.
1092 2030 1115 2050 1.
1139 2024 1183 2056 fig.
1203 2030 1291 2057 1—4.

93 2070 192 2103 (200)
217 2070 352 2104 Melanges
379 2072 412 2098 de
439 2073 562 2106 Chirurg.
589 2080 614 2100 et
641 2072 776 2100 Medicine
802 2080 830 2106 p.
847 2073 894 2098 208
913 2078 968 2104 seq.
1004 2071 1082 2097 Paris.
1103 2071 1176 2097 1812.

92 2114 189 2151 (201)
215 2116 286 2143 Diss.
304 2118 391 2150 lnaug.
415 2118 447 2144 de
471 2119 588 2146 method.
613 2120 754 2146 Mothiana
776 2120 889 2146 Auctor.
911 2119 942 2146 F.
961 2116 1117 2144 Leonhardt.
1141 2125 1168 2150 p.
1186 2125 1227 2145 21.
1252 2118 1366 2144 Berolin.
1388 2118 1463 2144 1820.

91 2160 199 2195 (202)
212 2162 308 2189 Mothe
335 2165 353 2190 1.
372 2171 395 2190 c.
419 2172 446 2197 p.
464 2171 514 2197 209
531 2172 586 2198 seq.

808 2210 836 2239 H
860 2218 874 2246 3
