1919 2511
267 118 287 147 6
702 108 730 139 J.
820 113 958 137 VAN
1044 99 1302 133 HALL

314 197 471 233 Habebat
495 205 593 237 sane,
618 203 683 237 quo
703 200 901 235 magnopere
934 199 969 222 se
994 187 1077 221 mihi
1105 186 1371 227 commendaret,
1395 183 1571 218 historicae
1606 186 1738 220 scholae

272 257 357 291 ratio
371 281 380 298 ,
405 253 525 298 quippe
550 249 746 294 elegantior,
770 246 955 280 litterarum
977 243 1113 278 floribus
1136 243 1326 284 amoenior,
1348 240 1505 275 historiae
1522 242 1646 275 lumine
1662 254 1741 287 gra-

273 315 356 353 ti0r3
389 317 422 344 at
444 307 654 352 ambigebam
679 312 810 346 tamen,
837 308 964 336 essetne
993 302 1077 334 forte
1110 300 1212 332 altera
1243 299 1286 332 ad
1314 297 1578 342 cognoscendum
1607 309 1742 334 omnem

271 367 548 414 jurisprudentiae
570 363 751 403 ambitum,
774 361 817 393 ad
842 357 1084 402 intelligendam
1112 366 1227 390 veram
1248 355 1329 398 juris
1356 356 1539 396 rationem,
1564 354 1740 390 efficacior.

273 430 509 468 Quamquam,
531 420 559 453 si
586 421 658 463 ipsa
680 419 734 451 illa
758 422 918 460 perpetua
940 413 1018 457 justi
1036 419 1133 457 atque
1151 412 1282 454 injusti,
1306 401 1405 455 aequi
1425 417 1521 454 atque
1545 410 1649 454 iniqui
1678 423 1743 446 no-

273 483 319 515 tio
334 506 343 523 ,
367 479 458 524 apud
480 477 623 521 singulas
653 474 764 519 'gentes
779 498 788 515 ‚
813 470 995 515 explicatur
1022 469 1178 510 demum,
1202 473 1234 501 ct
1263 468 1358 511 quasi
1384 469 1419 500 in
1444 467 1553 501 lucem
1576 468 1746 510 protrahi-

276 543 349 578 tur,
374 535 445 580 ips&
465 532 690 569 vicissitudine
716 536 906 573 temporum
927 532 959 559 et
980 525 1180 570 populorum
1210 522 1304 562 fatis,
1327 534 1396 556 non
1414 529 1520 568 potest
1540 534 1609 557 non
1627 524 1744 557 eadem

272 591 429 626 historica
458 587 735 633 iurisprudentia,
766 586 809 619 ad
839 594 955 619 veram
981 581 1063 625 juris
1092 579 1257 614 rationem
1289 579 1543 623 explicandam,
1573 589 1646 612 esse
1672 579 1747 615 effi-

277 647 463 683 cacissima.

318 708 365 737 Ut
390 704 445 745 fit,
470 700 635 736 dubitanti
660 700 793 744 quidem
814 696 919 739 mihi,
945 696 1002 729 sed
1023 700 1136 729 tamen
1160 698 1354 738 argumenta
1382 694 1573 736 quaerenti,
1605 691 1747 737 quibus,

275 772 359 806 quae
384 760 530 792 maxime
549 758 709 801 placeret,
734 755 851 789 eadem
874 754 999 798 optima
1024 751 1252 786 ostenderetur
1277 749 1359 792 juris
1389 750 1528 783 docendi
1553 749 1659 791 ratio,
1684 747 1748 782 ite-

279 829 356 851 rum
383 822 481 860 atque
507 816 627 848 iterum
649 813 847 856 perlustrata
873 810 1008 843 fuerunt
1033 810 1250 852 interprettun
1272 811 1463 839 nostrorum
1493 807 1625 850 scripta.
1673 807 1750 846 Quo

273 874 359 907 facto
386 872 547 915 reperisse
571 868 653 902 mihi
678 869 768 902 visus
792 878 889 908 suin,
922 866 1057 898 minime
1089 875 1211 898 novam
1240 873 1312 895 esse
1347 861 1435 895 hanc
1461 862 1654 896 scholarum
1678 860 1751 893 dis-

276 930 486 968 s‹·nsi0n01n;
522 925 686 960 exstitisse
717 923 879 958 nimirum
912 921 1003 955 illam
1034 922 1101 962 jam
1130 920 1209 953 olim
1240 917 1330 962 apud
1356 923 1540 958 nostrates;
1569 923 1642 952 tum
1672 925 1751 951 vero

280 983 499 1020 animadverti
527 983 720 1026 interpretes
744 981 879 1024 B(·lgas;‚
911 979 1054 1023 optimos
1079 983 1111 1010 et
1131 976 1389 1021 elegantissimos
1415 984 1582 1019 quosque,
1606 973 1753 1019 explica-

278 1044 357 1077 tioni
382 1040 558 1074 historicae
581 1048 718 1082 operam
740 1036 880 1070 dedisse.

320 1103 407 1133 Cum
432 1097 551 1142 igitur,
574 1101 612 1127 ut
634 1093 778 1127 delatam
807 1090 891 1124 mihi
924 1090 966 1123 ab
992 1087 1215 1133 Amplissimis
1243 1086 1343 1130 hujus
1374 1085 1476 1120 Urbis
1503 1086 1753 1131 Magistratibus

280 1163 311 1189 et
340 1154 502 1188 Athenaei
521 1149 758 1191 curatoribus,
779 1147 867 1181 Juris
886 1146 1016 1188 CiviliS,
1041 1157 1119 1179 cum
1151 1143 1316 1186 Romani,
1340 1151 1412 1177 tum
1436 1143 1597 1175 Hodierni
1620 1142 1757 1175 Profes-

282 1213 412 1246 sionem
444 1208 506 1243 rite
531 1206 733 1252 suscipiam,
766 1204 868 1239 verba
895 1204 960 1236 sim
989 1203 1009 1235 fi
1025 1208 1160 1242 cturus,
1194 1199 1371 1244 patiamini
1404 1201 1433 1232 A
1451 1202 1480 1233 A
1521 1202 1564 1232 H.
1573 1201 1635 1232 H.!
1661 1205 1696 1232 ut
1715 1198 1756 1233 de

281 1270 335 1303 illa
362 1268 531 1310 Majorum
559 1264 657 1299 laude
683 1259 718 1296 in
744 1256 1048 1305 Jarisprzadentia
1076 1256 1270 1291 [sistor-ieci
1300 1256 1428 1298 dieam,
1453 1267 1537 1300 quae
1562 1254 1757 1288 efficacissi-

281 1336 377 1359 mum
403 1322 537 1357 exhibet
558 1320 726 1355 docendae
754 1317 994 1361 discendaeque
1013 1313 1290 1359 jiu·isprudentiao
1301 1338 1311 1357 ,
1335 1312 1475 1357 posteris
1493 1312 1536 1346 ad
1556 1311 1758 1345 inl-„indum

283 1380 491 1427 propositum
518 1378 721 1422 exemplum·

329 1437 451 1471 Dicam
479 1434 576 1480 igitur
606 1433 650 1467 de
680 1430 824 1465 meritis
850 1430 1053 1473 Belgarum
1079 1426 1117 1460 in
1140 1425 1341 1461 excolendo
1364 1424 1537 1458 historico
1559 1422 1659 1457 Iam·
1706 1438 1737 1455 ι

287 1493 392 1528 mani
428 1492 560 1526 stadio.
617 1493 688 1524 Vos
724 1490 766 1522 A.
777 1489 836 1521 ΑΛ
870 1497 926 1520 me
950 1488 1124 1529 juvenem,
1158 1482 1346 1517 studiorum
1371 1481 1495 1526 spatia,
1526 1479 1648 1525 quibus
1669 1489 1761 1512 more

286 1553 458 1593 Ma]orum
490 1547 618 1582 institui
648 1546 730 1580 solet
764 1541 1005 1584 adolescentia,
1034 1541 1091 1576 vix
1118 1550 1307 1585 egressum,
1340 1545 1377 1572 ut
1404 1538 1498 1572 solita
1525 1537 1633 1573 vestra
1655 1535 1761 1569 bene-

288 1608 429 1643 volentia
455 1604 597 1639 audiatis
611 1629 620 1647 ,
643 1609 742 1647 atque
767 1605 970 1634 excusatum
996 1596 1166 1639 habeatis,
1190 1598 1218 1630 si
1245 1607 1306 1640 pro
1331 1590 1515 1640 argumenti
1541 1593 1692 1628 ubertate
1710 1594 1760 1635 je-

287 1667 368 1708 juna
391 1669 489 1707 atque
516 1661 608 1695 exilis
630 1671 705 1693 mea
725 1657 767 1691 sit
790 1656 916 1697 oratio,
940 1653 1062 1688 obnixe
1085 1664 1182 1698 r0g0,
1207 1664 1266 1687 oro
1290 1659 1388 1696 atque
1410 1651 1569 1685 obtestor!

334 1720 407 1754 Alia
440 1721 479 1753 A.
494 1721 550 1752 A.!
581 1719 654 1751 laus
683 1713 819 1760 propria
853 1711 958 1756 magis
999 1716 1049 1743 est
1085 1709 1255 1754 personis,
1288 1709 1351 1742 alia
1379 1706 1603 1750 temporibus,
1639 1703 1761 1748 quibus

292 1778 457 1812 vixerunt.
504 1776 548 1809 Iis
574 1772 728 1807 laudibus
752 1771 922 1810 floruisse,
946 1777 1002 1800 eas
1020 1766 1158 1799 coluisse
1184 1766 1344 1806 virtutoe,
1368 1774 1453 1808 quae
1474 1763 1522 1797 illa
1549 1767 1676 1802 aetate,
1699 1762 1760 1804 qua

292 1834 366 1877 quis
396 1833 532 1875 vixerit,
558 1836 591 1863 et
617 1830 728 1872 magni
750 1827 886 1860 fuerunt
909 1824 1101 1857 aestimatae
1128 1826 1162 1854 et
1194 1820 1359 1854 bonorum
1385 1819 1538 1852 omnium
1564 1815 1674 1851 studio
1701 1826 1763 1848 ex-

295 1876 421 1924 cultae':
446 1889 558 1933 ipsum
578 1887 644 1921 hoc
674 1885 840 1929 egregium
865 1892 945 1914 sane
973 1885 1022 1913 est
1049 1889 1089 1912 ac
1119 1877 1217 1911 laude
1247 1876 1404 1920 diguum3
1435 1874 1494 1908 sed
1529 1879 1578 1907 est
1611 1873 1665 1906 illa
1694 1871 1762 1904 fere

297 1945 460 1990 eiusmodi
481 1946 553 1978 laus
568 1969 577 1986 ‚
602 1954 686 1987 quae
707 1952 774 1975 non
797 1938 856 1973 uni
884 1938 1015 1972 alterive
1046 1936 1116 1970 viro
1143 1935 1264 1970 eximio
1292 1934 1468 1978 praecipue
1497 1929 1674 1965 tribuenda
1704 1929 1764 1969 sit,

296 2003 356 2037 sed
379 2013 463 2047 quae
488 2001 676 2035 communis
700 2008 772 2031 esse
797 1996 948 2032 videatur
972 1995 1176 2034 multorum5
1199 2004 1284 2038 quae
1304 2003 1372 2025 non
1397 1991 1568 2024 hominem
1593 1997 1766 2022 commen-

298 2061 352 2095 det
381 2070 512 2101 mium,
536 2058 595 2092 sed
624 2058 710 2093 cives
731 2058 801 2101 ejus
821 2055 1015 2099 plerosque,
1039 2053 1231 2088 universam
1254 2049 1366 2091 illam,
1390 2058 1455 2092 qua
1479 2047 1581 2087 vixit,
1610 2049 1764 2078 aetatem.

1686 2099 1766 2132 Flo-
