1919 2511
621 147 1029 196 oRA-'er
1117 190 1122 196 ,
1519 156 1563 195 19

97 316 101 345 Ῐ
128 314 264 363 'Quibus
289 328 367 355 vero
388 316 517 360 verbis,
548 327 614 362 quo
642 316 779 351 tandem
807 327 960 351 sermone
983 321 1015 351 te
1044 317 1267 363 compellabo.
1312 318 1360 351 Cl.
1390 313 1555 354 Bernard!

88 376 193 411 Studii
215 375 441 420 Hippocratici
466 375 714 417 strenuissime,
747 380 779 408 et
800 370 1037 408 facundissime
1065 375 1242 408 Defensor!
1274 375 1360 410 vitae
1382 376 1562 410 Academi-

87 443 148 467 cae
174 433 343 478 quondam
374 432 489 466 dilecte
517 430 663 464 sodalis!
704 431 823 465 iisdem
855 434 991 465 mecum
1020 432 1297 475 Praeceptoribus
1324 436 1407 465 use!
1448 433 1562 467 eadem

86 489 236 524 doctrina
258 489 401 523 imbute!
433 499 534 532 quem
558 489 639 522 olim
661 488 807 522 discendi
824 489 980 535 comitem
999 488 1157 522 hahuisse
1170 490 1252 522 laete
1267 490 1444 532 recordor,
1468 500 1560 524 nunc

86 557 165 582 vero
190 546 329 581 docendi
358 546 486 579 socium
509 556 564 578 me
587 544 784 578 habiturum
808 545 878 579 fore
904 546 1088 579 certissimo
1115 546 1252 590 augurio
1276 546 1505 589 confidebam,
1529 551 1562 580 et

86 613 166 637 cum
191 613 257 648 quo
277 603 426 636 muneris
451 602 653 646 aequalitas,
662 608 710 645 et
725 602 845 641 officii
852 603 982 645 ratio,
987 608 1020 635 et
1038 603 1206 646 praeteriti
1227 605 1384 647 temporis
1402 603 1563 637 recorda-

85 660 154 702 fio,
186 665 351 702 veterem,
384 659 657 703 utilissimamque
681 668 840 693 renovare
869 659 1050 692 amicitiam
1073 669 1128 691 me
1158 658 1335 711 jubebant:
1369 660 1428 694 sed
1458 660 1558 693 eheu!
1608 678 1611 679 ν

87 721 120 750 te
144 717 291 751 revisum
312 709 487 758 salutare,
516 720 612 759 teque
639 715 696 750 vix
729 716 936 760 recognitum
967 707 1133 748 dimittere
1168 716 1269 749 unius
1306 716 1372 749 fere
1400 708 1563 750 momenti

85 771 314 806 tristissimum
355 772 439 805 mihi
468 778 519 806 est
552 782 697 816 pensum
719 785 730 813 3
769 778 883 806 tecum
914 773 949 806 in
981 772 1124 806 eandem
1163 783 1313 823 arenam
1334 769 1556 807 descendere
1551 799 1561 816 ,

85 833 212 863 tecum
228 828 370 862 eandem
396 829 485 861 Artis
521 834 656 862 nostrae
672 834 822 873 partem,
855 838 925 862 uno
950 838 1013 861 nos
1036 828 1176 862 ducente
1206 829 1321 873 genio,
1355 830 1390 862 in
1425 830 1566 864 docendi

84 893 225 919 munere
249 890 414 927 tractare,
446 885 679 929 studiosaeque
710 886 969 927 adolescentiae,
1003 884 1048 917 ad
1077 885 1287 928 praeclarum
1323 891 1421 919 tuum
1446 898 1562 920 exem—

88 941 184 985 plum
219 947 423 985 quantopere
459 951 594 985 possem
635 942 751 975 utilem
785 942 856 975 fore
897 940 1110 986 cogitabam:
1141 941 1211 974 sed'
1232 945 1437 985 vana'spes!
1477 945 1563 977 'vana

87 998 238 1032 consilia!
270 1007 326 1030 me
354 996 605 1039 advenientem,
640 999 920 1041 consiliorumque
961 1003 1098 1031 tuorum
1132 999 1381 1042 egentissimum
1412 999 1563 1033 deserere

83 1054 290 1099 Amplissimi
305 1053 476 1095 Muneris,
500 1055 642 1087 Decreto
661 1055 784 1098 Regio,
807 1064 869 1098 pro
891 1052 1018 1086 meritis
1046 1055 1082 1087 in
1104 1059 1137 1087 te
1162 1053 1344 1088 honorifice
1371 1055 1479 1089 collati
1505 1067 1564 1090 ra-

83 1112 131 1145 tio
147 1106 181 1144 -te
204 1109 315 1154 ju'bet3
337 1121 401 1144 nec
416 1121 471 1143 me
486 1106 643 1151 'tantum‚'
676 1110 736 1143 sed
758 1110 861 1147 hocce
882 1108 1026 1143 Palladis
1046 1109 1263 1153 sacrarium,
1286 1102 1376 1155 quod
1398 1112 1564 1146 ambabus

83 1168 172 1201 ulnis
196 1172 229 1201 te
247 1166 527 1211 amplectebamr5
549 1167 608 1200 sed
627 1172 659 1200 et
675 1166 837 1209 docilem,
861 1172 894 1200 et
920 1166 963 1200 ab
988 1178 1046 1200 ore
1070 1172 1129 1200 tuo
1155 1160 1375 1211 pendentem,
1409 1170 1482 1203 Arti
1505 1180 1563 1204 sa-

87 1224 236 1259 lutiferae
262 1223 416 1258 devotam
440 1226 654 1258 Juventutem
678 1224 867 1267 *relinquere
884 1248 894 1266 ,
924 1234 1066 1268 eamque
1097 1223 1208 1268 quoad
1234 1225 1458 1258 Institutiones
1483 1228 1560 1259 Me-

83 1281 218 1315 dicinae
247 1281 420 1313 Practicae
441 1279 525 1313 mihi
555 1281 614 1313 uni
641 1280 772 1314 tradere
800 1281 942 1324 cogeris:
974 1280 1054 1322 sed,
1076 1280 1107 1322 i,
1139 1289 1207 1324 quo
1235 1286 1267 1313 te
1293 1282 1416 1316 Divina
1445 1283 1564 1316 Provi-

84 1337 221 1378 dentia,
245 1341 277 1369 et
291 1335 333 1368 ab
349 1336 401 1369 illa
422 1336 571 1380 regunda
588 1333 647 1369 tua
670 1342 702 1369 te
725 1340 875 1370 Fortuna
891 1342 1031 1379 vocant,
1054 1337 1181 1370 medias
1204 1338 1291 1370 inter
1305 1343 1454 1380 nostrae,
1479 1339 1563 1372 ado-

89 1393 359 1436 lescentiumque
375 1392 436 1426 tibi
465 1389 756 1428 devotissimorum
788 1388 972 1436 130191113ερ
1008 1399 1058 1434 et,
1088 1394 1152 1426 nisi
1181 1394 1275 1427 irrita
1298 1400 1390 1428 vota¹
1402 1383 1463 1437 pio
1496 1398 1565 1428 Fa·-

87 1451 209 1485 cultate
224 1449 337 1482 nostra
355 1459 608 1492 nuncupemus,
632 1450 858 1491 Academiae,
873 1460 953 1483 cum
968 1450 1030 1493 qua
1046 1450 1080 1482 in
1093 1455 1264 1500 posterum
1285 1461 1354 1483 non
1370 1440 1434 1483 nisi
1449 1450 1561 1484 hono-

87 1506 181 1541 rifico
208 1504 396 1538 Medicinae
421 1504 621 1538 Professoris
644 1506 738 1539 titulo
764 1502 1036 1540 communionem
1059 1502 1145 1549 ales,
1169 1507 1234 1540 tuis
1256 1506 1431 1551 discipulis
1461 1508 1563 1545 mihiff

88 1573 154 1609 que
170 1571 321 1606 unquam
338 1560 494 1595 reddare!

675 1664 999 1704 ²——ff
1024 1669 1027 1671 ’
1053 1679 1057 1699 ῑ
1148 1669 1166 1697 's
1242 1679 1244 1682 ·
1404 1685 1405 1688 ’
1423 1656 1453 1698 ⁴⁴

84 1740 86 1751 ³
135 1735 250 1775 Quum
262 1739 346 1765 vero
361 1740 478 1765 omnes
498 1732 597 1766 Artes
622 1738 654 1767 et
674 1734 835 1767 Scientiae
854 1728 1026 1767 communi
1043 1732 1191 1777 quodam*
1205 1728 1337 1784 vinculo
1354 1736 1536 1780 junguntur
1545 1751 1558 1781 ‚-

91 1793 186 1834 grato
202 1788 314 1821 animo
329 1788 525 1822 reminiscor
537 1814 547 1831 ,
569 1792 698 1824 caeteri
711 1790 933 1826 Professores!
967 1800 1026 1825 vos
1047 1785 1101 1822 me
1113 1807 1135 1832 ‚>-
1157 1791 1474 1826 'novumhominem
1486 1819 1495 1836 ‚
1525 1797 1560 1829 in

89 1846 247 1880 intimum
267 1849 415 1878 vestrum
436 1845 625 1885 sodalitium,
643 1847 794 1880 lubenter
814 1847 994 1890 recepisse,
1017 1853 1147 1891 gratum
1164 1856 1297 1890 semper
1313 1838 1474 1883 habebitis
1491 1853 1561 1885 col-

92 1902 219 1946 legam,
242 1901 317 1944 qui,
340 1900 507 1935 diversum
538 1902 612 1936 licet
636 1903 758 1937 laboris
785 1902 888 1947 genus
918 1905 1172 1947 nos-'sejungere
1193 1904 1360 1952 videatur,
1386 1905 1428 1938 ad
1450 1912 1561 1940 tanto-

80 1961 169 1994 ‘rum
182 1963 297 1991 tamen
317 1957 476 1993 Virorum
494 1961 676 1994 amicitiam
694 1958 838 1994 adscribi
854 1959 976 1994 honori
993 1965 1025 1993 et
1042 1959 1172 1994 utilitati
1190 1959 1252 1994 sibi
1264 1961 1383 1995 ducere
1399 1962 1520 1997 didicit.

694 2014 746 2042 η’»

790 2118 817 2149 C
840 2127 860 2150 2
1476 2119 1563 2158 Arc-2
