1919 2511
447 142 677 174 RESPONSIO
696 152 740 173 AD
762 142 1076 181 QUAESTIONEM
1098 143 1284 176 PHYSICA.
1588 149 1625 178 23

105 224 245 261 tinguitur
270 225 305 254 ab
333 226 420 255 humo
445 225 544 261 acida,
573 225 637 255 aliis
668 225 886 255 conditionibus
913 233 998 263 nata,
1027 236 1090 256 cum
1117 230 1174 264 qua
1199 235 1292 257 tamen
1316 227 1399 256 etiam
1423 229 1484 265 eJus
1509 227 1613 257 minori

102 275 249 306 fertilitate
274 277 422 307 convenit.
461 277 573 306 Multae
602 278 676 307 enim
704 279 819 314 plantae
847 276 877 306 in
907 279 939 306 ea
963 279 1126 308 moriuntur
1144 298 1154 314 ,
1183 286 1211 308 et
1236 278 1285 307 vix
1311 278 1378 307 alias
1402 278 1452 307 alit
1481 279 1537 308 nisi
1557 280 1614 309 Po-

93 328 237 364 Jygonum
263 327 436 365 fagopyrum
465 335 493 357 et
515 329 607 358 secale
639 330 765 364 cereale3
795 328 904 364 optime
931 335 1024 358 tamen
1052 329 1143 366 ipsam
1183 329 1296 359 Ericam
1321 331 1486 365 vulgarem,
1513 339 1528 358 e
1561 339 1616 366 qua

98 385 161 407 orta
190 386 255 416 est,
285 388 358 415 quae
382 380 523 417 ejusmodi
552 380 672 408 humum
702 378 863 409 continenti
890 381 954 408 solo
982 381 1051 409 adeo
1079 387 1123 409 est
1144 380 1281 417 propria,
1310 387 1342 409 ut
1373 380 1434 408 aliis
1460 381 1532 409 locis
1558 390 1617 410 non

96 429 179 459 facile
205 437 340 467 crescat,
369 431 428 460 imo
453 432 624 468 plerumque
651 431 800 461 moriatur.
849 430 902 459 Uti
933 439 1001 468 ergo
1040 431 1249 468 principiorum
1281 431 1466 467 copulatione
1496 431 1615 459 maxime

90 481 231 511 convenit
254 491 319 511 cum
344 483 432 512 humo
453 483 555 519 acida,
576 483 619 511 sic
642 483 725 511 etiam
753 482 853 511 iisdem
875 483 1037 513 rationibus
1058 483 1235 520 corrigitur3
1258 482 1391 512 nimirum
1409 482 1510 519 argilla
1527 482 1612 516 alba,

88 534 191 568 calce,
220 539 250 562 et
277 535 399 563 multum
423 535 579 564 ammoniae
603 534 770 564 continente
799 534 891 570 fimo,
918 534 1050 570 inprimis
1074 534 1194 570 ovium,
1221 534 1287 571 igne
1314 534 1417 569 etiam,
1449 533 1554 569 quibus
1581 539 1609 561 et

92 586 207 621 plantae
228 585 415 615 destruuntur
440 593 468 615 et
490 586 570 615 humi
599 593 698 616 natura
730 592 870 616 mutatur.
918 586 1119 615 Consideratis
1155 586 1252 623 itaque
1282 586 1339 615 illis
1371 585 1451 614 humi
1483 584 1612 621 partibus

91 646 164 674 quae
188 639 235 667 vel
258 638 292 666 ab
315 639 408 674 aqua,
429 639 478 668 vel
501 638 535 666 ab
556 637 694 667 alcaiibus
716 636 935 673 suscipiuntur,
961 646 1038 666 nune
1055 637 1203 666 videamus
1228 637 1263 666 de
1286 636 1345 665 illis
1365 636 1445 665 humi
1461 635 1608 672 partibus,

87 689 214 718 carbone
237 688 468 724 abundantibus,
491 697 575 725 quam
596 690 686 725 vulgo
701 695 789 717 atram
807 689 924 718 humum
946 689 1039 717 dicere
1058 690 1154 718 solent
1176 688 1260 727 (1).

124 740 223 770 Humo
253 746 347 769 autem
374 748 447 775 aqua
475 746 503 768 et
525 739 666 769 alcalibus
693 740 831 775 excocta,
852 739 923 768 adeo
939 746 971 768 ut
986 739 1059 768 nihil
1083 740 1172 776 mag1s
1188 740 1222 769 ab
1245 740 1280 769 iis
1299 740 1493 776 suscipiatur,
1515 745 1603 768 restat

86 792 218 821 materies
241 799 321 827 atra,
342 791 445 820 similis
465 792 585 821 carboni
606 793 787 829 plantarum,
811 800 883 827 quae
905 799 1001 827 neque
1025 799 1099 827 aqua
1124 800 1219 827 neque
1242 792 1380 820 alcalibus
1405 791 1481 820 solvi
1497 797 1608 827 potest.

84 843 118 871 Si
145 843 213 871 huic
233 851 303 872 vero
327 843 439 872 acidum
463 843 598 872 uitricum
635 843 772 879 addatur,
793 843 952 872 destruitur
976 850 1004 872 et
1026 852 1080 879 pro
1105 849 1186 879 parte
1211 852 1286 879 aqua
1312 850 1340 871 et
1362 842 1467 879 spiritu
1485 842 1544 871 vini
1561 851 1612 870 so-

82 893 182 923 lubilis
206 894 259 923 fit:
281 895 405 924 solvitur
434 894 518 923 etiam
543 892 696 923 sulfur-etis
712 893 866 929 alcalium,
889 894 968 930 quod
993 894 1103 930 primus
1127 894 1235 923 detexit
1259 893 1380 923 Kortius
1396 892 1482 930 (2),
1505 899 1533 921 et
1553 901 1607 921 nos

80 944 164 974 etiam
188 945 332 981 vidimus,
352 955 418 975 cum
443 946 491 975 via
517 945 613 981 sicca,
634 952 695 975 tum
722 945 771 974 via
794 945 923 974 humida.
961 947 1019 975 illa
1044 952 1137 975 tamen
1162 947 1226 974 sola
1249 946 1348 974 harum
1376 944 1487 973 indoles
1510 950 1602 972 muta,-

79 1003 130 1024 tur
149 996 253 1026 additis
272 996 446 1026 sulfatibus:
468 998 562 1026 calore
588 997 663 1026 enim
687 1003 794 1032 aucto,
817 997 964 1025 exhalatur
991 996 1103 1024 acidum
1126 995 1334 1030 carbonicum‚
1362 995 1464 1032 Juncto
1493 1002 1601 1031 oxyge-

78 1047 130 1076 nio
156 1047 229 1076 acidi
256 1047 390 1076 sulfurici
411 1057 477 1077 cum
499 1047 641 1077 carbonio
665 1048 765 1077 harum
790 1048 926 1085 partium.
973 1046 1076 1076 Sulfur
1100 1047 1197 1083 itaque
1220 1046 1367 1083 oxygenio
1391 1045 1434 1074 sic
1456 1046 1600 1082 privatum

76 1098 179 1135 arripit
204 1099 316 1136 oxyda3
338 1099 401 1129 sive
421 1099 539 1136 potius,
557 1105 591 1128 ut
613 1099 760 1128 Berzelius
786 1099 908 1135 docuit,
927 1097 1024 1127 sulfur
1047 1106 1078 1126 se
1101 1098 1198 1135 jungit
1229 1106 1294 1127 cum
1320 1096 1392 1134 ipsis
1417 1096 1538 1125 metallis
1569 1103 1598 1125 et

74 1149 217 1179 sulfureta
246 1149 363 1180 format.
414 1152 491 1181 Cum
521 1157 640 1186 uratur,
670 1150 822 1180 obtinetur
849 1150 1060 1187 hydrogenium
1091 1150 1275 1179 carbonicum
1294 1169 1305 1186 ‚
1344 1148 1456 1177 acidum
1493 1149 1596 1177 carbo-

72 1200 170 1230 nicum
198 1206 227 1229 et
248 1202 344 1230 oleum
368 1202 589 1239 pyro-animale.
636 1201 745 1230 Verum
772 1211 837 1231 cum
870 1210 983 1238 semper
1006 1200 1068 1229 fere
1094 1200 1160 1230 illae
1188 1200 1297 1236 fibrae,
1326 1200 1362 1228 de
1396 1199 1502 1235 quibus
1530 1200 1594 1236 pri·

73 1259 122 1281 mo
142 1253 209 1281 Ioco
234 1251 357 1280 diximus
375 1272 387 1287 ,
410 1252 461 1281 has
484 1252 565 1281 humi
587 1258 682 1289 partes
704 1251 954 1288 concomitantur,
984 1259 1078 1281 tamen
1106 1251 1266 1282 secundum
1299 1249 1449 1279 Cromium
1483 1249 1591 1278 utrius-

73 1311 130 1339 que
155 1302 241 1339 copia
264 1302 376 1332 definiri
401 1310 511 1339 potest.
555 1303 732 1333 observavit
758 1303 859 1340 enim,
894 1312 954 1340 quo
984 1305 1051 1340 plus
1078 1303 1152 1332 acidi
1177 1301 1322 1331 carbonici
1352 1301 1516 1335 exhalatur,
1549 1308 1588 1328 eo*

70 1353 207 1390 maJ’orem
236 1361 300 1382 esse
330 1353 418 1391 hujus
440 1354 568 1383 materiei
584 1355 756 1384 carbonicae
783 1355 987 1392 quantitatem3
1019 1364 1078 1392 quo
1107 1357 1174 1392 plus
1200 1362 1271 1384 vero
1306 1353 1362 1382 olei
1386 1361 1583 1389 empyreuma-

68 1404 121 1433 tici
141 1410 170 1433 et
190 1403 362 1441 hydrogenii
390 1405 537 1434 carbonici
560 1405 742 1441 obtineatur,
773 1414 809 1434 eo
832 1408 899 1442 plus
922 1406 1034 1435 illarum
1058 1406 1193 1435 fibrarum
1215 1405 1315 1434 adesse
1343 1404 1423 1441 (3).
1474 1403 1548 1432 Suut
1568 1424 1582 1439 ,

70 1455 122 1491 qui
145 1454 328 1490 existiment,
365 1455 416 1484 has
443 1455 522 1484 humi
549 1463 645 1493 partes
662 1477 673 1492 ‚
711 1457 790 1493 quod
820 1457 856 1486 ad
886 1458 1052 1488 nutriendas
1077 1459 1189 1494 plantas
1216 1456 1347 1492 attinet,
1384 1457 1468 1492 plane
1500 1456 1578 1485 iner-

65 1514 110 1536 tes
132 1515 213 1543 esse,
244 1506 352 1543 quippe
376 1516 471 1544 neque
500 1518 575 1545 aqua
599 1518 695 1545 neque
720 1509 859 1539 alcalibus
888 1509 1052 1546 solubiles3
1083 1508 1173 1544 idque
1196 1507 1281 1536 facile
1310 1505 1426 1543 probati
1455 1507 1578 1536 credunt

65 1559 155 1587 humo
186 1560 265 1589 acida
280 1579 292 1595 ,
328 1560 412 1597 cujus
445 1569 573 1597 magnam
611 1560 766 1597 aliquando
800 1559 916 1597 faciunt}
945 1566 1067 1597 partem.
1116 1557 1192 1587 Mihi
1228 1564 1323 1586 tamen
1352 1556 1490 1586 videntur
1518 1564 1577 1587 tam

65 1618 199 1646 paucae,
227 1619 300 1647 quae
329 1611 516 1641 inveniuntur
545 1613 575 1642 in
602 1613 693 1641 humo
725 1611 848 1648 pingui,
883 1611 1001 1641 minime
1033 1618 1137 1640 nocere
1169 1616 1255 1645 posse
1283 1609 1444 1645 plantarum
1482 1609 1575 1638 nutri-

64 1660 161 1697 tioni,
182 1662 227 1690 vel
250 1661 357 1690 inertes
383 1671 469 1699 esse,
492 1664 600 1700 quippe
623 1670 651 1692 et
671 1663 750 1699 ipsae
773 1663 834 1691 a'e're
852 1663 929 1692 lente
953 1667 1118 1696 mutantur,
1139 1666 1187 1695 et,
1207 1660 1309 1696 J‘uncto
1334 1659 1405 1687 aeris
1422 1659 1566 1696 oxygenio

61 1719 127 1740 cum
151 1720 246 1740 earum
274 1712 436 1750 carbonio,
456 1714 568 1743 acidum
589 1713 774 1742 cai-bonicum
794 1712 921 1742 formant
943 1719 972 1741 et
997 1711 1088 1749 magis
1111 1719 1184 1746 aqua
1208 1709 1347 1739 solubiles
1373 1709 1466 1746 fiuntg,
1491 1710 1570 1746 quod

63 1763 138 1791 enim
161 1762 244 1790 acido
271 1763 375 1792 uitrico
401 1763 462 1792 fieri
490 1764 634 1800 diximus,
656 1764 686 1793 id
709 1765 785 1793 lente
808 1764 891 1793 etiam
915 1765 981 1793 aere
1000 1763 1046 1793 fit.

98 1812 155 1841 Sed
175 1812 332 1842 verisimile
356 1813 438 1842 etiam
459 1814 594 1851 videtur,
621 1815 723 1847 harum
746 1814 961 1845 carbonicarum
986 1814 1109 1852 partium
1133 1812 1257 1842 indolem
1277 1820 1339 1841 non·
1367 1813 1481 1842 eandem
1503 1821 1571 1842 esse*

57 1867 87 1896 in
104 1867 182 1896 omni
201 1867 308 1903 humo,
334 1869 385 1897 sed
402 1867 541 1899 diversam
553 1890 564 1906 ,
587 1870 674 1906 idque
701 1878 735 1899 ex
752 1869 824 1906 ipsis
844 1866 1060 1898 conditionibus
1084 1864 1201 1901 probari
1217 1872 1302 1900 posse
1319 1863 1461 1892 credimus
1472 1883 1483 1899 ‚
1505 1863 1568 1899 qui-

56 1918 112 1947 bus
135 1918 241 1965 humus
261 1917 419 1956 formetur,
441 1922 525 1958 cujus
544 1921 692 1950 maximam
709 1920 819 1951 faciunt
839 1926 959 1957 partem.
999 1917 1113 1947 Humus
1137 1915 1211 1945 enim
1225 1935 1235 1951 ,
1266 1922 1339 1951 quae
1366 1914 1426 1943 fere
1452 1922 1565 1950 semper

1517 1972 1563 1992 ae-

87 2049 104 2084 (
115 2050 152 2085 1)
170 2051 229 2079 Vid.
246 2052 411 2080 Hermbstadt
427 2054 537 2082 Archiv.
554 2056 587 2083 Β.
600 2056 633 2082 V.
650 2062 709 2089 pag.
728 2055 786 2087 138'·

88 2096 129 2130 (2
141 2097 158 2131 )
175 2098 234 2125 Vid.
253 2099 334 2125 Korte
352 2101 370 2126 l.
386 2102 404 2127 l.
423 2109 482 2134 pag.
502 2102 544 2134 98.

87 2142 155 2179 (3)
175 2144 235 2172 Vid.
253 2146 352 2172 Crome
371 2147 391 2174 l.
409 2148 418 2173 l
446 2155 504 2180 pag.
519 2147 578 2180 368.
