1919 2511
404 161 635 194 RESPONSIO
663 170 707 194 An
735 160 1044 201 QUAESTIONEM
1072 165 1288 199 MEDICAM.
1571 177 1606 201 11

325 416 812 464 SECTIO
947 425 1356 467 PRIMA.

83 552 135 573 DE
157 550 446 586 DEFINiTIONE
468 551 729 573 LUXATIONIS
752 552 867 574 OSSIS
889 553 1083 583 HUMERI,
1105 555 1290 587 EJUSQUE
1313 556 1596 578 DIVERSARUM

103 604 371 632 SPECIERUM3
399 602 448 623 DE
478 602 661 624 DlvERso
681 603 799 632 SITU‚
825 605 1102 634 DIVERSAQUE
1132 606 1407 628 DIRECTIONE
1436 608 1576 629 IPSIUS

119 656 237 678 OSSIS
275 656 460 684 HUMERI,
498 654 874 683 MUSCULORUMQUE
913 657 1022 679 HANG
1063 658 1458 680 ARTICULATIONEM
1488 659 1557 679 1⁸10-

139 711 337 732 VENTIUM
365 710 415 732 AD
445 708 660 729 CENTRUM
680 707 923 731 CAVITATls
945 710 1161 732 SCAPULAE
1182 711 1223 732 IN
1246 710 1452 734 SINGULIS
1473 711 1539 732 Lu-

597 761 810 783 XATIOle
842 762 1084 784 SPECIEBUS.

782 886 900 897 -η

75 968 201 1040 Omne
232 999 364 1039 Medicae
385 997 456 1027 artis
481 995 655 1035 prIncipium
679 1006 696 1026 a
716 996 875 1033 chirurgia
901 997 1088 1034 repetendum
1112 997 1250 1033 videtur3
1274 995 1372 1032 primis
1403 996 1498 1032 enim,
1521 1004 1592 1033 quae

72 1041 215 1088 respicere
235 1060 416 1088 possumus,
435 1045 617 1087 temporibus
629 1044 767 1078 'homines
787 1048 918 1078 nondum
938 1050 1008 1078 luxu
1031 1056 1058 1078 et
1084 1048 1304 1085 intemperantis
1321 1048 1481 1077 dissolutos
1501 1047 1517 1081 <
1530 1052 1590 1086 1),

70 1102 122 1131 sed
145 1103 279 1139 quidem,
306 1103 419 1140 integra
444 1100 576 1139 corporIs
608 1100 762 1137 firmitate,
789 1107 968 1129 externarum
998 1109 1092 1130 rerum
1121 1100 1234 1138 inJ'uriis
1269 1100 1420 1136 expositos
1445 1100 1515 1129 dura
1540 1108 1590 1129 ne-

73 1153 193 1184 cessitas
216 1155 331 1192 coegit,
352 1153 384 1184 ut
410 1155 466 1185 sibi
492 1152 702 1191 prospicientes
727 1152 785 1189 ipsi
804 1151 946 1189 originem
969 1151 1100 1182 dederint
1121 1152 1196 1189 arti,
1219 1160 1292 1188 quae
1308 1151 1411 1180 merito
1428 1150 1590 1180 Medicinae

69 1213 173 1242 parens
194 1205 249 1235 dici
268 1212 393 1235 meretur
415 1203 494 1240 (2).
546 1205 549 1207 ’

108 1257 191 1295 Quae
214 1266 281 1287 cum
304 1258 343 1287 ita
369 1258 447 1295 sint,
468 1266 529 1287 non
547 1257 706 1286 mirandum
725 1263 789 1294 est,
810 1256 1021 1294 Hippocratem
1045 1255 1171 1294 primum
1195 1254 1276 1284 illum
1306 1253 1519 1290 Chirurgorum
1539 1262 1588 1283 ve-

67 1314 160 1336 terum
185 1309 354 1345 scriptorem
378 1306 445 1347 (3)
469 1310 557 1348 hujus
585 1309 677 1345 mali,
709 1310 743 1338 de
770 1317 828 1345 quo
850 1308 936 1338 nobis
960 1309 1010 1337 hic
1032 1308 1172 1345 agendum
1200 1312 1263 1342 est,
1291 1305 1475 1340 meminisse,
1497 1303 1586 1339 magis

67 1353 136 1389 vero
161 1360 338 1397 mirandum,
360 1361 440 1390 illum
466 1361 514 1390 ita·
529 1361 645 1397 quidem
672 1360 829 1390 luxationis
851 1359 1036 1396 meminisse,
1058 1365 1092 1388 ut
1113 1364 1213 1396 postea
1233 1355 1371 1393 Chirurgi
1395 1363 1451 1384 tam
1475 1355 1523 1383 diu
1536 1355 1585 1391 J'u-

65 1411 189 1440 raverint
213 1411 242 1441 in
266 1412 359 1448 ipsius
383 1412 488 1448 verba,
511 1413 546 1441 de
572 1412 749 1441 restituenda
773 1411 920 1440 luxatione
943 1411 1077 1440 dicentis.

99 1462 162 1500 Jam
186 1471 256 1492 vero
283 1464 404 1499 ordine,
437 1472 521 1500 quem
544 1464 776 1500 proposuimus,
805 1462 982 1497 observato,
1013 1469 1129 1498 agemus
1155 1460 1185 1489 in
1212 1459 1266 1488 hac
1292 1458 1427 1488 Sectione
1449 1458 1483 1486 de
1503 1462 1583 1493 parte

68 1514 229 1542 theoretica
247 1513 436 1552 Quaestionis
460 1515 647 1552 propositae,
668 1515 698 1544 in
714 1515 805 1543 altera
827 1514 895 1543 dein
922 1512 1014 1543 visuri
1037 1513 1071 1541 de
1092 1511 1228 1542 Praeticis
1256 1519 1271 1539 a
1293 1510 1379 1539 variis
1402 1508 1580 1538 Auctoribus

64 1562 225 1600 propositis
251 1564 286 1592 ad
308 1565 462 1593 luxationis
488 1566 566 1594 ossis
590 1566 703 1595 'numeri
728 1565 929 1600 curationem,
955 1572 1020 1593 cum
1047 1563 1126 1593 illius
1149 1563 1233 1591 brevi
1258 1560 1385 1597 epicrisi.

102 1613 157 1642 His
177 1620 269 1643 autem
296 1615 326 1644 in
345 1616 572 1653 pertractandis,
602 1626 726 1646 mearum
746 1616 850 1647 virium
873 1624 1004 1651 memor,
1028 1615 1164 1644 Vestrum
1193 1613 1426 1643 Clarissimorum
1442 1610 1581 1639 Virorum

62 1663 266 1700 indulgentiam
294 1665 448 1702 implorare
476 1675 580 1704 cogor.

1483 1800 1572 1830 CA-

93 1909 157 1944 (1)
184 1910 225 1936 De
245 1909 277 1936 iis
300 1910 483 1942 pulcherrime
508 1913 710 1947 philosophatur
740 1915 773 1942 L.
797 1916 832 1942 A.
858 1915 969 1942 Seneca.
993 1914 1081 1947 Epist.
1098 1920 1141 1947 95·
1177 1932 1193 1946 „
1213 1912 1285 1947 Quid
1308 1912 1374 1938 alios
1398 1912 1510 1938 referam
1532 1912 1572 1937 in-

62 1958 237 1982 numerabiles
256 1958 363 1983 morbos
386 1960 518 1992 supplicia
535 1961 676 1987 luxuriae?
702 1962 828 1988 Immunes
849 1968 922 1988 erant
935 1962 966 1987 ab
983 1961 1039 1987 istis
1057 1962 1143 1993 malis,
1162 1960 1208 1993 qui
1226 1958 1338 1985 nondum
1357 1967 1384 1985 se
1403 1959 1504 1984 deliciis
1522 1959 1572 1983 sol·

59 2008 172 2034 verant,
191 2003 236 2034 qui
253 2003 303 2029 sibi
324 2004 496 2037 imperabant,
515 2007 562 2032 sibi
582 2008 771 2040 ministrabant,
792 2014 849 2035 cet.

92 2047 157 2080 (2)
184 2047 209 2083 J.
227 2048 257 2075 Z.
275 2049 401 2077 Plattner.
426 2050 528 2084 Opusc.
554 2059 574 2080 t.
592 2062 617 2080 2.
644 2054 746 2081 Prolus.
766 2060 790 2081 1.
818 2054 850 2079 de
866 2053 996 2086 Chirurg.
1019 2053 1076 2080 Art.
1099 2051 1170 2078 med.
1189 2059 1293 2086 parent.
1316 2051 1389 2084 Lips.
1409 2055 1483 2083 1749.

92 2092 155 2128 (3)
184 2098 217 2121 Α.
235 2102 262 2121 v.
282 2094 380 2123 Haller.
403 2097 471 2124 Bibl.
496 2099 597 2125 Chirur
622 2106 643 2127 t.
661 2107 688 2127 1.
711 2101 732 2131 S.
749 2107 775 2134 5.
802 2099 884 2126 Basil.
900 2106 927 2125 et
945 2100 1024 2128 Bern.
1044 2105 1117 2133 1774.
1134 2098 1179 2126 8⁰·

881 2145 904 2175 B
924 2155 942 2175 2
