1919 2511
358 176 377 203 4
684 159 1013 209 GJDEONIS
1070 159 1219 196 JANI
1278 160 1551 190 VERDAM

398 247 510 275 Natura
526 245 649 280 denique
666 245 852 280 problematis
863 244 1003 281 ejusmodi
1017 241 1101 271 nobis
1114 241 1227 270 videtur
1238 263 1248 278 ‚
1266 248 1319 276 ut,
1330 251 1440 279 praeter
1457 244 1585 272 teuurem
1596 263 1605 278 ‚
1628 249 1655 272 et
1665 244 1758 273 lunam
1776 252 1871 279 qmes»

361 304 473 326 tentem
494 296 598 332 fingere
624 296 729 332 liceat3
752 295 776 323 si
803 295 875 324 enim
902 296 987 323 tellus
1013 294 1140 329 quiescat
1157 301 1184 322 et
1207 295 1302 322 lunam
1325 294 1399 323 circa
1427 304 1457 323 se
1483 295 1586 329 ducat,
1616 303 1741 330 corpus,
1770 304 1785 323 e
1802 297 1869 325 luna
1910 302 1912 305 ·

367 348 550 384 projectum,
581 347 677 373 eodem
702 352 782 373 motu
804 345 944 373 rotatorio
973 345 1112 380 afficitur3
1144 353 1210 380 crgo
1227 365 1236 379 ,
1267 352 1402 379 quantum
1422 346 1487 373 luua
1513 345 1641 381 procedit
1666 346 1701 373 ab
1724 345 1871 374 Occidente

361 406 465 427 versus
485 397 625 425 Orientem
639 416 648 431 ,
671 403 778 424 tantum
796 402 824 423 et
840 404 948 431 corpus
965 395 1134 430 provehitur
1155 395 1184 423 in
1206 395 1298 423 eadem
1325 395 1503 430 directione,
1526 395 1562 423 ita
1591 402 1622 424 ut
1646 402 1742 424 motus
1763 402 1871 425 rotato-

360 449 421 477 rius
442 448 593 484 corporis,
617 447 725 475 ratione
742 448 825 475 lunae
845 455 903 475 non
923 446 1110 480 observetur-3.
1133 445 1158 473 si
1174 445 1261 481 igitur
1286 445 1362 474 hunc
1381 453 1487 474 motum
1506 446 1706 481 excludamus,
1729 446 1770 474 nil
1788 445 1871 474 omit·

358 499 450 533 titur,
474 507 531 533 quo
550 505 646 526 motus
665 497 799 526 relativus
825 497 857 524 de
873 499 939 525 luna
959 498 993 525 ad
1018 497 1147 524 tellurem
1173 502 1319 531 mutatum
1349 505 1415 532 ergo
1440 505 1503 524 cum
1529 497 1787 532 supposuerimus,
1810 505 1870 525 mo·

362 556 422 576 tum
442 550 526 577 lunae
551 548 609 576 fere
637 557 698 577 esse
726 547 895 576 uniformem
911 568 921 582 .,
953 548 1071 584 ejusque
1094 546 1202 574 radium
1225 553 1369 575 vectorem
1398 554 1597 582 constantem,
1627 555 1704 575 nunc
1728 547 1811 575 ettam
1834 556 1869 576 eo

360 598 473 627 facilius
492 608 656 636 supponere
682 606 853 634 possumus:
884 599 1005 635 corporis
1030 598 1185 625 transitum
1213 597 1300 625 eodem
1326 597 1401 626 modo
1422 596 1509 632 slas-i,
1538 600 1595 626 sive
1622 598 1691 625 luna
1716 599 1794 626 circa
1819 598 1870 626 tel·

358 650 449 677 larem
472 651 624 686 agitetur,
647 651 703 678 sive
730 650 870 686 quiescat,⁸
897 657 966 684 quas
991 648 1166 684 hypotheses
1189 657 1222 675 eo
1239 648 1377 677 libentius
1401 648 1570 683 arripimus,
1595 648 1727 683 quoniam
1753 657 1870 685 magnas

360 699 540 728 difficultates
563 701 677 735 levare,
699 700 820 734 ideoque
833 699 925 735 ipsum
943 699 1090 734 problema
1104 699 1211 727 nostris
1226 699 1336 727 viribus
1352 699 1439 735 magis
1456 699 1587 734 adaptare
1609 699 1755 728 videntur.

402 761 432 787 3.
476 751 688 779 Determinatur
709 750 772 783 vis,
796 759 850 784 qua
872 758 978 785 corpus
995 758 1009 777 e
1027 750 1093 777 luna
1112 755 1156 777 est
1174 749 1382 786 projiciendum
1403 756 1435 777 ut
1458 749 1486 777 in
1507 751 1636 777 tellurem
1662 750 1825 785 perveniat,
1847 750 1876 778 si

357 801 519 830 inveniatur
536 802 694 834 velocitas,
719 809 774 836 qua
794 809 902 837 corpus
921 809 936 828 e
956 802 1022 829 luna
1037 800 1095 828 abit
1113 807 1141 828 et
1165 800 1194 828 in
1215 801 1345 828 tellurem
1367 799 1465 827 venit:
1488 799 1584 834 itaque
1605 807 1701 835 aptum
1727 800 1812 829 nobis
1830 801 1874 828 vi-

361 861 422 880 sum
441 859 504 886 est,
527 853 648 888 primum
678 851 805 880 invenire
833 852 988 887 generalem
1016 851 1167 880 formulam
1195 859 1246 878 seu
1273 851 1396 879 valorem
1425 849 1608 885 velocitatis,
1632 859 1666 878 cx
1693 851 1820 886 qualibet
1842 852 1872 879 vi

360 902 481 930 moti-ice
497 902 594 938 o‘rtae3
618 909 644 931 et
666 903 730 931 inde
746 902 932 931 determinare
956 902 1103 931 minimum
1127 901 1218 937 ipsius
1245 900 1426 934 velocitatis,
1450 909 1505 935 qua
1529 909 1655 936 corpus,
1683 910 1697 929 e
1719 903 1785 930 luna
1806 910 1874 938 pron

359 952 466 981 fectum
480 973 490 988 ‚
512 954 622 981 telluris
635 953 814 989 superficiem
833 960 929 989 potest
946 953 1083 989 attingere
1093 961 1106 981 2v
1124 953 1175 980 hac
1190 959 1283 981 autem
1308 952 1338 980 vi
1355 952 1557 987 determinata,
1580 952 1718 989 temporis
1742 952 1872 982 functio-

360 1012 424 1032 nem
441 1012 456 1032 e
475 1003 610 1032 formulis
627 1004 752 1032 inventis
771 1004 910 1032 deducere
926 1003 1101 1033 conabimur.

399 1063 430 1089 4.
462 1055 634 1082 Accuratius
651 1055 740 1090 igitur
755 1053 976 1082 determinemus
995 1054 1070 1082 vires
1090 1061 1222 1091 agentes,

468 1115 499 1135 a.
528 1105 579 1134 Vis
591 1096 782 1144 projectionis.

471 1156 500 1184 h.
530 1157 580 1184 Vis
596 1156 759 1193 centrifuga
777 1164 791 1183 e
804 1157 886 1184 l‘unae
901 1155 1044 1184 rotatione
1059 1163 1144 1185 nara.

364 1206 426 1234 Hae
440 1207 517 1235 vires
532 1207 715 1234 uniformiter
732 1211 840 1241 agunt,
863 1205 986 1240 ideoque
1009 1206 1179 1234 uniformem
1208 1205 1389 1235 velocitatem
1416 1206 1541 1236 efficiunt
1559 1206 1588 1235 in
1612 1212 1693 1234 motu
1718 1205 1871 1243 corporis3

365 1264 541 1293 quapropter
567 1266 581 1284 e
607 1255 847 1284 determinatione
870 1256 994 1292 generali
1026 1256 1146 1285 effectus
1172 1256 1275 1285 virium
1309 1257 1546 1285 acceIeratricium
1582 1257 1795 1292 excluduntur,
1822 1257 1873 1286 sed

363 1316 423 1337 aum
442 1308 553 1336 demum
571 1308 600 1336 in
620 1314 721 1336 nostro
736 1308 847 1335 calculo
867 1307 1086 1335 considerandae
1105 1314 1191 1342 sunt,
1219 1316 1284 1335 cum
1301 1307 1405 1335 virium
1432 1307 1671 1336 acceleratricium
1690 1308 1875 1336 intensitates

361 1359 390 1386 in
408 1359 511 1394 quovis
531 1358 667 1393 temporis
684 1364 791 1393 puncto
814 1357 1116 1393 determinaverimus3
1148 1358 1310 1387 inserviunt
1335 1358 1422 1394 igitur
1451 1358 1515 1386 illae
1540 1358 1616 1386 vires
1640 1357 1819 1393 uniformes,
1838 1358 1874 1386 ad

362 1410 590 1438 determinandas·
605 1415 780 1444 constantes,
802 1408 840 1436 'tta
855 1408 943 1436 dictas
961 1407 1160 1444 arbitrarius,
1181 1417 1244 1436 cum
1259 1417 1340 1444 agere
1355 1408 1493 1445 incipiant
1513 1410 1542 1437 in
1558 1415 1654 1437 motus
1672 1408 1796 1445 origine.

473 1470 499 1487 a.
530 1459 579 1487 Vis
598 1461 791 1488 attractionis.

365 1512 444 1540 Haec
463 1511 506 1538 vis
530 1510 590 1545 ipsi·
603 1510 733 1538 materiae
749 1518 902 1545 corporum
920 1511 1088 1538 coelestium
1111 1510 1196 1539 insita
1215 1517 1276 1546 est,
1299 1517 1327 1539 et
1350 1510 1408 1547 agit
1432 1510 1462 1539 in
1480 1510 1589 1540 ratione
1606 1510 1712 1539 directa
1726 1511 1872 1547 quantita-

362 1563 400 1589 tis
414 1561 565 1594 materiei,
583 1567 667 1595 atque
682 1561 711 1589 in
725 1561 835 1588 ratione.
852 1561 965 1589 inversa
982 1561 1126 1597 duplicata
1140 1562 1367 1597 distantiarum
1387 1562 1545 1597 unicuique
1562 1569 1657 1589 atomo
1675 1560 1790 1596 propria
1807 1567 1872 1596 εει.)
1895 1574 1899 1578 ·

360 1612 412 1640 sed
427 1620 460 1639 ex
478 1611 637 1639 mechanica
659 1611 768 1646 liquet,
791 1611 813 1638 si
831 1620 920 1639 massa
943 1612 1088 1647 sphaerica
1108 1620 1156 1640 aut
1179 1613 1349 1649 sphero'idea
1376 1613 1497 1641 attrahat
1522 1614 1682 1647 punctumg
1711 1611 1746 1638 ad
1767 1611 1873 1639 distans
1918 1642 1919 1649 ἵ

362 1663 429 1691 tiam
450 1672 471 1690 x
494 1662 528 1689 ab
550 1663 613 1698 ejus
637 1668 735 1689 centro
758 1661 903 1697 positum,
931 1663 1127 1691 attractionem
1152 1663 1244 1691 omnis
1263 1671 1370 1691 massae
1401 1663 1515 1690 eandem
1540 1670 1623 1696 esse,
1645 1668 1730 1696 atque
1753 1661 1777 1689 si
1803 1661 1870 1690 haec

362 1722 454 1743 massa
467 1712 496 1741 in
515 1718 612 1740 centro
628 1711 730 1739 fuisset
747 1713 886 1747 collec1a3
910 1721 977 1748 ergo
995 1713 1048 1742 erit
1066 1714 1196 1743 attractio
1222 1723 1328 1742 massae
1345 1714 1455 1742 telluris
1474 1713 1508 1741 M
1524 1713 1553 1742 in
1573 1719 1710 1749 punctum
1728 1713 1872 1749 quoddam

1068 1766 1099 1794 M
1177 1790 1182 1796 .

361 1789 537 1818 extrinsecus
563 1787 707 1823 positum,
730 1786 957 1823 proportionalis
985 1789 1041 1824 ipsi
1077 1799 1128 1829 ᾈίγ,ς
1160 1799 1200 1818 sic
1227 1790 1308 1819 etiam
1336 1788 1362 1817 si
1381 1797 1471 1817 massa
1499 1787 1605 1816 lunaris
1621 1796 1647 1815 m
1666 1793 1730 1823 agat
1748 1786 1777 1816 in
1797 1786 1868 1815 idem

1069 1823 1089 1841 m

360 1882 522 1912 punctum,
547 1874 581 1902 ad
597 1873 754 1902 distantiam
769 1881 787 1908 y
811 1872 843 1900 ah
865 1874 955 1909 ipsius
974 1882 1073 1904 centro
1097 1876 1246 1912 positum,
1270 1874 1323 1903 erit
1346 1873 1477 1903 attractio
1502 1873 1728 1910 proportionalis
1752 1857 1798 1932 ᾖ.
1838 1871 1874 1900 δί
1918 1883 1919 1895 2

358 1957 450 1980 autem
472 1958 584 1984 corpus
607 1949 764 1984 projectum
795 1948 1031 1985 consideremus„
1060 1951 1178 1986 ejusque
1206 1959 1325 1980 massam
1355 1957 1491 1979 vocemus
1518 1961 1561 1985 μ,
1590 1947 1720 1977 attractio
1744 1955 1804 1975 non
1826 1947 1876 1983 ¹0.-
1916 1963 1919 1973 ι,

358 2009 422 2029 eum
448 2000 532 2028 habet
557 1999 585 2026 in
613 2006 748 2034 punctum
774 1998 824 2026 sed
849 1998 877 2027 in
906 2008 1024 2028 massam
1046 2013 1079 2036 μ.
1129 2002 1207 2031 Haec
1234 2009 1327 2030 massa
1353 2013 1376 2036 μ.
1401 2001 1498 2028 eodem
1528 1999 1613 2028 modo
1644 2004 1702 2035 agit
1728 1996 1758 2026 in
1785 1996 1866 2025 tenu-

356 2060 418 2083 xem
449 2057 477 2079 et
497 2051 526 2080 in
545 2052 643 2078 lunam
662 2070 672 2085 ‚
702 2058 804 2085 easque
831 2051 947 2079 attrahit
981 2060 1046 2081 cum
1071 2053 1208 2090 viribus,
1247 2061 1318 2089 quae
1348 2051 1583 2089 proportionales
1613 2056 1682 2080 sunt
1717 2047 1873 2079 valoribus-
1916 2059 1919 2074 ς
