1919 2511
333 132 368 163 16
581 133 807 166 CLAUDII
846 131 1077 165 HENRICI
1117 142 1194 165 vAN
1235 133 1594 168 HERWERDEN

334 214 419 250 dem,
439 215 532 252 prImo
551 217 712 255 adspectu,
737 218 908 248 concinnare
929 217 1044 247 videtur
1062 225 1127 246 cum
1151 217 1303 248 notissima
1318 219 1478 256 meritoque
1502 219 1631 250 damnata
1651 219 1752 251 Caroli
1775 229 1842 250 cru-

334 266 467 304 delitate3
497 269 547 297 sed
573 275 666 299 tamen
690 270 750 307 eJus
777 277 845 306 post
868 268 1017 298 victoriam
1045 269 1282 305 magnanimitas,
1306 270 1458 300 liberalitas
1474 277 1560 307 atque
1577 272 1726 301 clementia
1745 274 1850 308 plures-

335 323 462 346 veterum
486 320 647 349 laudatores
676 321 795 350 habent.
845 321 924 350 Illam
947 319 1133 356 Eginhardus
1153 321 1240 357 (ι),
1262 322 1334 350 hanc
1357 321 1514 350 Alcuinus.
1530 322 1642 351 extollit
1661 324 1677 359 (
1689 322 1752 358 2),
1771 322 1842 352 alios

334 376 396 397 eum
420 371 575 409 praemiis,
597 372 681 401 minis
704 372 776 401 alios
800 370 1002 400 sollicitavisse
1025 379 1198 401 memorans.
1243 372 1425 409 Quibuscum
1449 374 1534 410 pocta
1553 373 1701 409 conspirat
1721 373 1801 410 (3):

634 423 799 460 Plasregis
815 425 912 461 pietas
932 428 958 450 et
979 420 1171 456 munificentia
1183 422 1259 458 fecit

636 482 721 511 qaam
741 479 860 508 terror‚·
879 481 947 501 nam
967 481 995 500 so
1014 473 1139 510 quisquis
1154 475 1329 503 commiserat
1349 475 1407 512 ejas

633 525 765 562 eg,·egiae
779 522 850 559 fidei
861 544 871 559 ,
893 525 967 552 ritus
983 521 1136 560 spernendo
1149 523 1309 561 profanos,

637 575 711 604 bunc
731 575 825 614 opibus
844 575 940 604 ditans
964 573 1085 604 ornabat
1104 574 1252 604 honoribus
1271 577 1386 615 ampli&

631 627 718 665 Copia
738 627 911 665 pauperibus
938 626 1096 655 Saxonibus
1120 629 1222 663 agnita
1245 631 1371 666 primam

634 684 703 706 tunc
716 677 842 714 fuerat,
865 687 935 716 quas
957 678 1057 707 Gallia
1070 677 1138 714 fert
1158 679 1309 716 opulenta,

626 728 752 767 praedia
767 730 959 767 praestiterat
977 737 1040 758 cam
1062 738 1116 757 rex
1134 731 1321 768 compluribus
1340 733 1418 768 illic,

629 792 666 812 ex
685 782 783 820 quibas
809 784 968 821 acciperent
983 783 1125 821 pretiosae
1144 784 1271 819 tegmina
1290 785 1373 813 vastis
1385 804 1397 820 ,

628 836 745 872 argenti
763 835 886 865 cumulos
906 834 1049 872 dulcisque
1068 833 1179 871 fluenta
1199 833 1302 869 Lyaei.

633 886 687 915 His
708 886 755 915 ubi
769 888 910 925 primores
930 885 1008 915 donis
1027 885 1183 922 illexerat,
1205 895 1295 915 omnes

632 937 764 974 subjectos
783 939 892 969 sibimet
913 940 1034 977 reliquos
1055 937 1209 968 obtriverat
1230 939 1340 974 armis,

634 997 661 1019 et
680 991 778 1020 multis
797 998 916 1029 experta
935 990 1022 1020 modis
1041 991 1167 1019 innotuit
1185 990 1246 1027 esus

634 1048 695 1070 tam
715 1041 806 1071 dulcis
823 1043 936 1079 pictas,
957 1050 1042 1079 quam
1055 1041 1254 1078 formidabilis
1273 1044 1335 1072 ira.
1488 1071 1494 1076 ,

375 1095 454 1123 Haec
487 1093 700 1123 munificentiae
725 1099 752 1122 et
779 1092 1006 1122 mansuetudinis
1035 1094 1135 1124 Caroli
1162 1095 1281 1132 laudes,
1309 1096 1362 1125 etsi
1393 1097 1604 1132 quodammodo
1619 1097 1732 1133 poetice
1756 1096 1843 1132 tnagis

337 1156 419 1183 quam
442 1147 556 1183 quidem
584 1156 650 1177 vere
680 1147 855 1184 praedicatae
880 1147 1051 1182 videantur,
1085 1153 1114 1175 at
1140 1153 1233 1176 tamen
1255 1155 1326 1182 quae
1342 1149 1427 1183 pocta
1446 1149 1480 1176 dc
1503 1148 1628 1184 praediis
1658 1147 1845 1184 opulentissi-

334 1198 387 1227 mis
407 1205 563 1233 memorat,
589 1207 620 1227 ea
640 1198 687 1227 alii
710 1198 868 1234 scriptores
889 1197 1059 1226 confirmant
1080 1197 1162 1234 (4).
1204 1197 1391 1234 Quae.omnia
1407 1198 1432 1227 si
1452 1199 1517 1234 quis
1533 1193 1693 1234 discrepare
1712 1193 1795 1234 putet
1806 1188 1844 1226 ‘ab

340 1251 391 1285 est,
415 1259 497 1286 quam
524 1258 609 1286 supra
632 1249 766 1285 defendi,
788 1247 952 1283 sententia,
975 1254 1068 1283 regem
1091 1246 1161 1275 belli
1182 1247 1289 1276 fecisse
1308 1248 1441 1285 initium,
1469 1256 1502 1278 ut
1523 1255 1654 1286 caveret,
1683 1258 1720 1278 ne
1738 1250 1848 1285 primo·

334 1310 378 1329 res
407 1301 540 1337 imperii,
563 1301 623 1329 otio
643 1301 821 1336 diffluentes,
849 1299 948 1327 turbas
967 1297 1098 1335 cierent,
1120 1307 1250 1330 eaautem
1267 1310 1330 1330 eum
1351 1308 1453 1338 postea
1469 1302 1581 1330 demum
1601 1300 1783 1331 instrumenti
1805 1300 1848 1329 in-

334 1359 393 1382 star
411 1353 446 1381 ad
461 1353 638 1389 subigendos
661 1354 789 1382 Saxones
821 1360 904 1380 usum
936 1358 997 1379 esse
1023 1350 1180 1387 religione,
1214 1352 1269 1380 hoc
1292 1346 1401 1388 'quaeso
1426 1350 1478 1381 ille
1503 1352 1675 1381 consideret.
1725 1351 1801 1380 Cum
1816 1351 1845 1379 in

338 1405 543 1441 plerorumque
559 1405 708 1434 hominum
729 1404 832 1433 animis
853 1401 958 1431 insitus
979 1401 1016 1430 sit
1030 1400 1117 1436 boni,
1141 1402 1233 1439 justi,
1255 1403 1370 1432 honesti
1383 1412 1484 1432 sensus
1499 1404 1612 1438 quidam
1628 1411 1660 1431 ac
1680 1400 1844 1437 delectatiog

335 1457 412 1484 unde
438 1457 509 1492 fiat,
539 1465 593 1493 ut,
624 1456 739 1492 siquid
767 1454 834 1484 mali
863 1454 897 1483 ab
924 1453 958 1481 iis
988 1453 1204 1489 committatur,
1235 1453 1302 1483 huic
1329 1454 1452 1490 speciem
1482 1454 1642 1483 honestatis
1674 1460 1701 1482 et
1731 1453 1849 1482 virtutis

339 1506 482 1534 obducere
506 1508 643 1544 cupiant3
671 1507 780 1535 Carolo
808 1505 881 1533 idem
908 1503 1045 1532 accidisse
1065 1504 1219 1541 suspicor,
1242 1505 1281 1534 ita
1304 1512 1354 1542 ut,
1372 1515 1438 1535 cum
1460 1505 1542 1535 initio
1559 1504 1698 1541 religione
1717 1505 1848 1533 abutere-

339 1567 402 1594 tur,
424 1568 508 1595 mox,
527 1559 621 1595 ipsum
641 1561 718 1588 hunc
744 1559 864 1587 abusum
888 1557 1037 1585 hominum
1062 1556 1159 1585 laudes
1182 1556 1240 1585 sibi
1256 1557 1410 1586 conciliare
1431 1566 1520 1594 posse
1547 1565 1689 1592 cernen5‚
1712 1555 1847 1584 omnibus

336 1612 448 1640 viribus
474 1611 677 1645 contenderet,
703 1617 735 1638 ut
749 1630 760 1645 ,
778 1607 1018 1645 quemadmodum
1040 1606 1115 1642 sibi,
1138 1606 1177 1634 ita
1188 1607 1307 1637 Christo
1327 1617 1446 1644 quoque
1462 1608 1612 1638 devinctos
1629 1606 1757 1637 Saxones
1772 1606 1848 1635 face.

335 1670 388 1694 ret,
429 1662 597 1692 Commovit
624 1671 685 1690 eum
699 1662 775 1690 forte
790 1660 879 1697 magis
895 1659 977 1688 etiam
998 1659 1190 1696 praemiorum
1210 1667 1298 1694 spes,
1319 1667 1390 1694 quae
1406 1658 1607 1695 superstitiosa
1624 1657 1750 1686 hominis
1769 1666 1847 1686 mens

338 1713 393 1743 sibi
412 1713 558 1743 recondita
574 1721 636 1741 esse
654 1719 723 1749 post
739 1712 796 1740 fata
807 1710 1007 1739 arbitrabatur.
1035 1708 1139 1745 ,Igitur
1158 1709 1252 1737 omnia
1272 1708 1365 1737 facere
1382 1715 1501 1738 conatus
1523 1716 1584 1742 est,
1604 1715 1658 1744 ut,
1680 1717 1754 1744 quos
1777 1708 1850 1736 mili-

337 1772 396 1794 tum
420 1765 527 1794 auxilio
548 1764 603 1793 sibi
631 1764 810 1799 Christoque
832 1762 909 1791 dicto
929 1761 1075 1790 audientes
1098 1759 1276 1795 reddiderat,
1306 1768 1356 1788 eos
1371 1760 1531 1789 antistitum
1550 1768 1604 1796 ope
1628 1760 1757 1790 sinceros
1781 1758 1850 1787 fide·

337 1818 437 1852 lesquc
461 1815 581 1846 Domini
611 1815 705 1846 nostri
736 1814 885 1846 ministros
910 1812 1085 1844 efformaret.
1133 1812 1216 1852 Quae
1241 1811 1299 1842 nisi
1317 1811 1355 1841 ita
1370 1820 1433 1843 sese
1448 1812 1621 1845 habuerint,
1644 1811 1773 1847 equidem
1797 1820 1846 1839 ne-

1794 1870 1852 1891 sct-

375 1952 438 1988 (ι)
458 1954 487 1979 In
506 1954 559 1981 vita
580 1955 642 1982 C'ar.
661 1955 680 1982 1.
698 1955 717 1981 1.
854 1953 919 1990 (2)
942 1954 971 1982 l'n
989 1952 1228 1988 ep.sad‘c01chum
1245 1953 1387 1984 lectorem,
1406 1959 1446 1985 ap.
1465 1952 1552 1985 Bouq.
1571 1960 1598 1986 p.
1612 1958 1670 1985 407.

372 1998 390 2034 (
402 2001 440 2033 3)
458 2001 528 2026 Anti.
545 2000 564 2026 l.
580 2000 626 2026 IV.
645 2009 683 2027 va.
699 2008 746 2027 110
764 2009 822 2034 sqq.

371 2044 440 2081 (4)
465 2047 526 2074 vid.
547 2046 680 2080 Schmidt,
700 2048 798 2075 Gesch.
815 2047 863 2075 der
881 2047 1006 2075 Tentsch.
1024 2054 1046 2076 t.
1063 2048 1087 2075 1Φ
1099 2056 1127 2082 p.
1143 2053 1185 2082 43.
1219 2046 1266 2074 Cf.
1283 2053 1334 2072 van
1351 2046 1513 2074 Hamelsveld
1524 2064 1534 2079 ,
1552 2045 1631 2072 Kerk.¹
1651 2043 1748 2071 Gesch.
1767 2049 1785 2069 t.
1803 2042 1850 2069 xl.

342 2102 368 2127 p.
387 2101 455 2127 290,
470 2100 532 2127 29¹·
