1919 2511
259 196 297 218 πο
588 181 768 215 ΑΝΤΟΝΙΙ
789 179 963 212 HENRICI
981 187 1046 210 VAN
1065 186 1131 209 Dim
1152 177 1265 209 BOON
1284 178 1428 210 MESCH

304 270 360 298 Sed
385 268 506 298 diximus
535 268 616 297 etiam
641 267 760 295 humum
783 264 887 294 acidam
914 263 1004 298 soda,
1033 269 1170 299 potassa,
1199 263 1276 291 calce
1304 269 1330 291 et
1348 262 1411 292 aliis
1429 260 1523 295 solvi,
1548 265 1575 288 et
1594 259 1681 296 magis
1696 259 1769 295 aqud

265 321 416 351 solubilem
440 320 516 348 reddi
541 319 668 353 adeoque
691 316 871 346 fertiliorem.
913 314 1006 343 Etiam
1030 313 1102 342 iliud
1129 312 1255 348 egregrie
1281 313 1419 349 probatur
1437 311 1620 348 experientia.
1672 310 1773 339 Solent

267 372 339 401 enini
362 372 494 400 sollertes
521 369 661 407 agricolae
691 369 746 397 tale
767 367 859 395 solum
895 364 1037 401 corrigere
1067 363 1133 392 huic
1158 364 1345 392 admiscendis
1369 365 1416 392 vel
1439 363 1538 398 argilla
1563 361 1649 396 alba,
1677 361 1772 394 calce,

266 424 312 451 vei
343 422 488 452 cineribus
517 420 681 456 cespitum,
705 418 851 453 aliisque;
879 424 970 451 quae,
1003 421 1035 443 ut
1064 414 1229 443 observavit
1257 414 1387 449 Davius,
1417 413 1502 450 hujus
1526 411 1637 448 generis
1670 411 1771 439 herbas

272 473 415 508 destruit,
452 472 641 506 melioresque
664 469 798 506 producit
829 468 919 503 (1);
946 472 1031 500 atque
1061 464 1199 501 probatur
1232 465 1314 493 etiam
1344 464 1515 500 experientia
1540 462 1726 498 agricolarum
1749 462 1777 491 in

269 524 417 558 Picardist,
455 522 503 558 qui
531 527 671 550 testantur
693 519 723 548 in
750 519 836 555 hujus
860 516 984 553 regionis
1009 515 1137 551 campis,
1171 515 1201 544 in
1224 515 1329 550 quibus
1353 516 1473 543 multum
1499 520 1589 550 terrae
1616 512 1778 548 cespitosae

261 574 431 613 invenitur,
463 575 565 609 plures
592 569 761 603 animalibus
790 568 820 597 in
846 567 945 604 primis
969 566 1065 596 vaccis
1090 572 1117 595 et
1145 565 1226 601 equis
1252 565 1336 594 utiles
1358 564 1460 592 herbas
1482 572 1540 593 nou
1568 570 1693 599 repertas
1715 571 1778 592 esse

270 632 334 653 ante
357 632 391 661 93
418 623 602 657 fere-annos,
631 631 646 650 a
672 629 730 657 quo
758 626 888 656 tempore
914 618 1023 647 cineres
1046 617 1080 645 ad
1098 616 1239 654 ejusmodi
1255 624 1338 653 agros
1355 615 1541 651 corrigendos
1560 614 1696 642 adhibere
1711 622 1777 642 coe-

268 683 374 712 perunt
399 675 481 713 (2).
522 673 579 703 Sed
602 673 647 701 vel
669 670 822 708 praecipue
845 670 924 698 hisce
947 667 1113 697 adhibendis
1127 666 1206 695 humi
1229 673 1337 696 natura·
1351 672 1488 694 mutatur.
1529 665 1620 693 Acida
1637 665 1710 694 enim
1733 674 1780 694 ar.

266 728 375 764 ripiunt
387 747 397 762 ,
421 733 492 762 quae
515 723 618 760 plantis
638 730 742 751 nocere
760 728 788 750 et
806 720 897 757 ipsius
913 718 992 747 humi
1011 717 1196 747 mutationem
1213 717 1349 754 impedire
1368 717 1474 746 scimus
1487 735 1498 753 ‚
1517 722 1674 745 eXtractum
1690 715 1772 745 humi

266 779 385 806 solvunt
406 784 492 812 atque
521 775 563 804 sic
590 783 648 803 eam
672 763 795 802 reddunt
815 770 998 800 fertiliorem.

305 830 402 866 Quum
427 835 493 863 ergo
524 825 705 854 attendamus
732 824 767 852 ad
790 829 918 851 naturam
942 827 1028 856 atque
1055 819 1178 849 indolem
1196 818 1412 855 praecipuarum
1429 818 1507 847 humi
1526 817 1621 846 acidae
1635 816 1779 853 partium,

268 888 296 909 et
321 880 354 908 ad
379 878 582 912 conditiones,
609 874 714 911 quibus
741 882 799 902 eam
825 872 941 901 formari
964 870 1109 906 diximus,
1139 871 1210 899 hanc
1236 870 1354 898 humum
1379 870 1461 898 valde
1487 869 1608 898 similem
1633 876 1694 898 esse
1717 868 1781 904 qui-

270 932 388 960 busdam
412 928 571 965 cespitibus
595 926 736 955 videmus.
784 923 860 953 Nam
886 931 921 951 ex
944 921 1084 955 Thaerii,
1114 920 1243 950 Einhofii
1267 921 1447 956 aliorumque
1479 919 1681 956 experimentis
1708 927 1781 948 con-

271 989 327 1012 stat
360 981 458 1010 iisdem
486 977 726 1012 conditionibus,
752 974 857 1011 quibus
881 973 988 1002 humus
1014 972 1093 1001 acida
1121 972 1270 1008 nascitur,
1299 970 1369 1001 oriri
1393 970 1538 1007 cespites,
1571 969 1622 1006 qui
1650 978 1710 999 non
1733 978 1782 998 so-

271 1035 330 1061 lum
359 1032 499 1061 materiem
522 1029 602 1058 hurni
627 1033 756 1057 extracto
781 1025 901 1054 similem
926 1022 1098 1058 continent,
1125 1029 1153 1051 et
1183 1022 1321 1051 alcalibus
1345 1021 1520 1057 solubilem,
1545 1021 1596 1050 sed
1619 1020 1701 1050 etiam
1725 1020 1783 1050 aci·

271 1084 338 1112 dum
357 1081 582 1119 phosphoricum
595 1099 605 1116 ,
631 1078 678 1107 cui
703 1076 750 1106 alii
774 1075 915 1112 deinceps
933 1073 1043 1103 acidum
1059 1073 1198 1103 aceticutn
1216 1073 1385 1102 addiderunt
1409 1072 1455 1109 (3
1467 1073 1497 1109 J.

1731 1109 1785 1139 Uti

272 1206 393 1237 tinguunt
409 1204 440 1229 ab
457 1203 526 1234 agris
549 1201 647 1228 acidis.-
666 1206 721 1224 man
736 1197 850 1224 versteht
865 1201 940 1221 unter
956 1201 1055 1220 saurem
1070 1194 1133 1221 Feid
1153 1195 1256 1220 solciies
1272 1194 1358 1225 Land,
1377 1193 1465 1220 dessen
1476 1191 1568 1218 Boden
1579 1200 1630 1219 von
1644 1192 1718 1219 Thon
1731 1191 1786 1218 und

276 1250 341 1276 Sand
358 1249 484 1282 gemischt
502 1249 532 1272 ist
553 1246 603 1272 und
623 1253 670 1271 nur
690 1244 864 1275 binsenartige
880 1243 976 1267 Griiser
992 1242 1191 1273 liervorbrIngt‚
1209 1248 1267 1267 zum
1288 1241 1379 1267 Anbau
1404 1239 1575 1271 eigentlicher
1592 1239 1787 1265 Futterkrauter

273 1298 351 1327 aber,
365 1298 489 1327 vermc'jge
507 1295 589 1320 seiner
608 1293 679 1325 La-ge
690 1309 699 1323 ,
713 1291 791 1318 Hdhe
806 1289 860 1317 und
877 1297 919 1315 aus
933 1288 1023 1314 andern
1039 1288 1110 1314 nicht
1126 1287 1208 1313 leicht
1219 1294 1251 1312 zu
1265 1286 1413 1312 erklarende
1423 1286 1559 1312 Ursachen
1569 1285 1700 1311 durchaus
1714 1284 1788 1310 nicht

274 1342 385 1375 rauglich
404 1343 444 1368 ist.
465 1341 557 1366 Saures
572 1340 636 1365 Feld
652 1340 721 1365 heist
736 1345 763 1363 es
779 1338 937 1369 deswegem
951 1336 1012 1361 weil
1028 1334 1071 1361 das
1087 1334 1154 1360 Vieh
1167 1333 1230 1358 nach
1242 1332 1301 1358 dem
1315 1334 1419 1359 Geriuss
1433 1332 1537 1358 solcher
1553 1330 1646 1357 Weide
1665 1329 1788 1356 wirklich

272 1389 445 1421 Magensiiure
454 1388 597 1414 bekommt.
617 1384 906 1415 Nichtsdestoweniger
921 1383 953 1407 ist
963 1383 1001 1407 sie
1013 1382 1070 1407 dem
1086 1380 1222 1406 Rindvieh
1233 1380 1372 1406 besonders
1383 1379 1526 1410 zutriiglich
1537 1377 1600 1408 ,und
1610 1384 1684 1403 werin
1698 1383 1724 1402 es
1735 1376 1790 1401 ein·

273 1437 322 1460 mal
333 1434 405 1460 daran
419 1433 543 1467 gewohut
555 1434 599 1464 ist,
613 1433 727 1463 verti-'agr
740 1438 767 1455 es
784 1430 857 1456 nicht
869 1429 939 1455 wohl
951 1429 993 1453 ein
1001 1427 1134 1458 safrigeres
1151 1427 1251 1457 Funer,
1265 1426 1330 1451 ohne
1348 1425 1478 1458 plotzlich
1492 1425 1671 1456 abzumagern.
1701 1422 1790 1448 Siisses

273 1480 335 1507 Feid
353 1487 430 1506 nennt
453 1487 509 1505 man
533 1478 644 1510 dagegen
653 1477 694 1503 die
709 1476 886 1503 fruchtbarere
900 1472 1027 1506 Gegend,
1042 1473 1082 1497 die
1097 1472 1183 1497 wahre
1205 1472 1302 1497 Graser
1318 1471 1370 1496 und
1392 1471 1492 1497 weiche
1510 1469 1702 1497 Futterkrbluter
1715 1469 1791 1500 trigt.

276 1527 326 1552 Die
341 1526 529 1558 abgerundeten
545 1525 630 1557 Hiigel
648 1531 678 1548 an
699 1523 747 1548 den
765 1522 862 1548 Fiissen
880 1527 980 1552 grosser
991 1520 1117 1551 Gebirge‚
1136 1518 1221 1543 zumal
1238 1518 1301 1543 nach
1323 1518 1367 1543 der
1385 1517 1503 1543 Sfidseite
1521 1517 1582 1547 hin,
1601 1515 1658 1541 sind
1674 1515 1792 1540 melstens

276 1573 353 1598 siiure
372 1572 469 1598 Fclder.
506 1572 549 1596 Sie
568 1571 688 1595 komrnen
713 1569 755 1594 nie
770 1568 847 1593 tiefer
863 1567 897 1591 als
916 1573 965 1592 100
979 1566 1075 1592 Toisen
1098 1564 1163 1590 iiber
1179 1564 1224 1590 der
1244 1564 1438 1591 Meeresflache
1462 1571 1513 1590 vor
1530 1562 1584 1590 und
1599 1564 1710 1596 granzen
1728 1561 1791 1587 nach

276 1621 343 1645 oben
361 1620 405 1645 bin
426 1626 454 1643 an
474 1617 516 1643 die
534 1617 641 1649 Region
662 1617 710 1642 der
738 1613 933 1646 Saftgewiichse
951 1609 1004 1636 und
1031 1610 1244 1643 Felsenplanzen.
1281 1609 1340 1637 vid.
1364 1610 1463 1636 Reisen
1488 1611 1522 1636 im
1544 1609 1681 1635 siidlichen
1705 1607 1796 1634 Africa

275 1673 324 1692 van
351 1666 456 1691 [linrich
482 1664 670 1690 Lichtenstein.
707 1662 802 1688 Berlin.
826 1662 904 1687 1811.
928 1658 980 1684 Th.
1000 1658 1022 1683 Ι.
1047 1664 1105 1689 pag.
1121 1664 1165 1688 99,
1197 1657 1338 1688 Agricolae
1357 1657 1444 1688 itaque
1467 1657 1516 1682 hos
1538 1663 1611 1688 agros
1635 1653 1724 1680 acidos
1744 1661 1792 1680 vo-

276 1712 350 1743 dant,
369 1712 492 1744 quoniam
512 1717 606 1735 vaccae
624 1709 708 1734 herbis
724 1709 749 1732 in
767 1708 799 1732 iis
815 1706 880 1738 agris
903 1704 1076 1730 crescentibus
1094 1709 1195 1729 utentes
1216 1704 1279 1727 male
1298 1702 1456 1732 afficiuntur,
1475 1700 1550 1726 acido
1571 1701 1686 1726 nimirum
1708 1701 1734 1725 in
1751 1706 1794 1725 ea-

277 1765 334 1783 rum
351 1757 505 1783 venrricrli5
530 1762 633 1781 exor:o.
668 1754 783 1779 Forsitan
801 1753 842 1777 iile
866 1751 969 1775 morbus
988 1750 1012 1774 iu
1033 1751 1116 1774 ventri
1133 1750 1200 1774 culis
1224 1755 1329 1774 exortus
1354 1749 1508 1778 animalium,
1533 1754 1600 1780 quae
1624 1748 1649 1772 in
1669 1746 1794 1779 ejusmodi

276 1805 341 1836 agris
358 1802 436 1828 acidis
459 1808 616 1835 pascuntur,
634 1800 748 1825 nascitur
769 1805 802 1823 ex
824 1797 901 1823 acidis
912 1814 924 1826 ‚¹
938 1803 1003 1828 quae
1019 1797 1046 1821 in
1065 1798 1156 1829 plantis
1177 1797 1201 1821 in
1220 1798 1250 1822 iis
1270 1797 1332 1828 agris
1356 1796 1534 1822 crescentibus
1551 1796 1637 1821 insunt
1648 1812 1661 1826 ,.
1675 1800 1794 1826 quaeque

276 1850 347 1875 acida
368 1851 425 1875 illae
447 1850 548 1882 plantae
567 1855 628 1874 tunc
655 1854 686 1873 ex
706 1848 764 1878 ipso
785 1845 843 1870 solo
867 1844 994 1870 hauriant.
1029 1843 1161 1869 Illustrant
1184 1843 1245 1868 haec
1264 1849 1338 1868 certe
1355 1842 1473 1867 Einhofii
1490 1843 1652 1873 aliorumque
1668 1840 1700 1866 de
1713 1840 1796 1866 humo

276 1895 349 1921 acida
370 1896 519 1921 sententiam
531 1912 539 1925 ,
566 1900 591 1918 et
610 1901 623 1918 e
639 1893 781 1925 longinquo
799 1891 874 1917 etiam
893 1891 936 1916 hic
960 1890 1079 1923 egregius
1102 1889 1306 1915 Lichtensteinii
1327 1890 1400 1915 locus
1418 1889 1527 1922 probat,
1547 1886 1621 1913 acida
1642 1888 1668 1912 in
1687 1884 1795 1919 quadam

276 1943 349 1967 humi
363 1943 453 1974 specie
472 1943 578 1967 inventa
591 1940 681 1965 educta
701 1945 767 1965 esse.

311 1987 327 2020 ζ
339 1987 376 2021 ι)
395 1988 454 2013 Vid.
480 1989 636 2013 Elementen
661 1985 707 2011 der
726 1984 879 2016 Agricultur
902 1981 1013 2008 Chemie
1030 1988 1082 2007 von
1100 1982 1237 2015 Humpliry
1255 1983 1330 2014 Davy
1352 1989 1409 2014 pag.
1424 1982 1482 2014 369.
1517 1981 1615 2012 Berlyn
1635 1980 1705 2012 1814.

314 2036 379 2072 (2)
405 2037 465 2064 Vid.
489 2036 667 2062 Dicrionnaire
694 2033 838 2059 d'Histoire
864 2032 1006 2059 Naturtlle
1037 2037 1083 2063 par
1107 2030 1228 2054 Valrnont
1254 2028 1285 2053 de
1309 2029 1418 2053 Bomare
1440 2026 1582 2054 tom.VII.
1605 2032 1664 2058 pag.
1680 2028 1738 2056 13'9.
1760 2036 1795 2044 -

280 2084 324 2109 Sic
347 2089 448 2109 coistat
473 2083 548 2108 etiam
575 2081 763 2112 Tussilaginem
788 2079 906 2105 fat-faram
928 2079 954 2103 in
973 2079 1043 2110 agris
1070 2076 1204 2102 Zelandiae
1227 2083 1277 2100 non
1304 2081 1380 2107 posse
1398 2073 1479 2098 deleri
1498 2072 1548 2098 nisi
1571 2070 1714 2098 cineribus.
1729 2068 1791 2095 vid.

280 2130 359 2155 Verh.
381 2136 427 2153 van
446 2128 478 2153 de
502 2126 689 2158 Maarscinppij
714 2133 761 2151 van
784 2125 884 2151 Landb.
906 2131 930 2150 te
951 2122 1081 2149 Amsterd.
1100 2123 1201 2148 tom.1.
1221 2129 1279 2155 pag.
1302 2127 1368 2153 107,
1389 2126 1435 2152 ¹79
1452 2125 1477 2143 et
1493 2125 1552 2150 207.

315 2174 378 2209 (3)
403 2175 488 2200 Thaer
506 2173 558 2199 und
580 2172 694 2204 Einhof,
720 2171 921 2203 Untersuchnng
944 2177 1049 2202 zweyer
1065 2169 1204 2196 Torsarten
1228 2168 1252 2193 in
1267 2166 1372 2202 Journal
1389 2172 1442 2190 von
1458 2163 1561 2191 Gehleu
1579 2164 1612 2191 B.
1627 2163 1678 2190 111.
1701 2168 1728 2194 p.
1744 2166 1797 2192 400

1708 2206 1778 2233 Tuae
