1919 2511
284 156 324 192 64
561 153 847 193 JoANvas
906 154 1219 188 HERMA'NI
1276 157 1496 191 KROON

577 240 663 275 Ὁρᾷς
682 237 760 274 παραὶ
778 237 897 275 temporat
916 238 1075 277 χειμάρῤοις
1092 239 1145 270 ὅσοι

575 288 696 325 Δένδρων
717 290 843 324 Omina,
865 292 972 323 κλῶνας
992 291 1026 323 ὥς
1046 291 1213 328 ἐκσώζετικι·

573 339 622 368 Τὰ
641 338 666 369 δ’
685 339 860 370 ἀντιτείνοντ’
881 341 1047 378 αὐτοπρέμν’
1066 341 1237 372 ἀπόλλυται.

451 517 717 550 FABULA
774 519 1357 560 QUINQUAGESIMA
1414 522 1630 555 PRIMA.

775 616 913 636 ASINI
963 618 1314 644 2TJUPP1TER.

571 691 709 721 Pertaesa
725 701 793 730 gens
813 694 927 722 asinina
945 694 1034 724 duras
1053 697 1180 725 sarcinas
1191 716 1202 731 ‚

571 742 752 780 Legationem
773 745 850 773 misit
869 743 911 772 ad
927 754 1062 773 summum
1078 745 1178 783 jovem
1192 767 1203 782 ,

575 794 742 831 Aliquando
763 801 795 824 ut
814 803 834 823 a
853 802 912 824 tam
933 797 1060 825 exercita
1080 798 1142 825 vita
1160 795 1213 824 sibi

576 843 698 873 Tandem
719 847 837 883 quietem
858 852 885 875 et
905 846 992 874 otium
1012 845 1184 876 concederet.

574 894 680 931 Quibus
699 896 790 926 volens
809 896 980 924 denunciare
995 896 1154 935 juppiter,

569 944 651 974 Fieri
670 946 704 974 td
720 948 855 985 nequire,
877 953 937 976 tttnz
958 948 1099 984 quieturos
1119 957 1160 976 ees

573 995 746 1034 Respondit,
767 998 814 1026 ubi
832 1005 946 1027 tantum
967 999 1092 1027 universi
1111 999 1243 1036 mejerent

572 1046 625 1075 Uti
641 1053 762 1084 perenne
776 1048 882 1084 flumen
900 1047 966 1076 inde
986 1050 1141 1079 exsisteret.

565 1096 616 1125 Ex
634 1097 683 1126 illo
702 1099 792 1131 asini,
813 1108 874 1127 eum
894 1100 1085 1127 existimantes
1105 1100 1176 1128 serio

571 1148 648 1176 Haec
667 1149 801 1177 elocutum
815 1169 824 1183 ‚
847 1148 896 1177 ebt
915 1149 992 1177 alter
1011 1150 1134 1178 alterius
1153 1148 1248 1178 vident

567 1197 709 1235 Urinam,
730 1198 772 1226 ibi
789 1199 931 1228 insuevere
950 1198 1033 1236 vulgo
1053 1198 1165 1234 masere.

320 1297 405 1326 Astm'
420 1304 448 1327 et
460 1296 610 1337 Juppiter.
651 1298 706 1327 Est
727 1299 801 1329 inter
825 1302 937 1340 Aesop.
961 1304 1040 1339 vuig.
1070 1303 1139 1334 con.
1168 1302 1231 1332 No.
1259 1309 1327 1333 112.
1366 1302 1445 1332 Flor.
1474 1300 1538 1332 No.
1561 1304 1625 1338 ¹88·
1667 1302 1700 1331 In
1727 1311 1787 1331 mea

278 1357 347 1378 vero
370 1350 495 1380 editione
519 1349 707 1386 epimythium
732 1360 790 1381 non
811 1353 941 1389 additur,
971 1353 1077 1396 nescio¹
1096 1353 1187 1390 ipsius
1208 1353 1306 1382 Faffrni
1333 1352 1456 1382 consilio
1482 1361 1518 1381 an
1545 1352 1660 1381 editoris
1680 1353 1788 1382 incuria

278 1399 425 1430 omissum.
466 1399 550 1429 Prius
576 1400 705 1429 affirmari
732 1402 864 1439 videtur,
894 1405 971 1441 quod
1003 1406 1111 1434 nullum.
1140 1404 1221 1433 etiarn
1248 1403 1387 1440 Anglicae
1414 1402 1539 1432 versioni
1565 1404 1651 1440 hujus
1675 1402 1786 1432 fabulae

276 1449 438 1486 subjectum
458 1456 515 1479 est.
553 1452 593 1480 ·In
620 1451 738 1480 Graecis
764 1454 818 1481 tale
842 1460 905 1489 est,
928 1456 1068 1492 cujusque
1096 1455 1184 1484 fatum
1209 1455 1374 1484 ine-vitabile
1399 1463 1473 1484 esse.

312 1499 450 1528 Pertaesa
478 1500 569 1530 duras
602 1504 743 1532 sarcinas.
787 1503 857 1532 Usu
890 1505 971 1534 vocis
1001 1511 1150 1544 pertaesus
1185 1505 1317 1541 sequitui·
1350 1505 1462 1534 Noster
1498 1505 1667 1534 Suetonium
1701 1504 1786 1534 Caes.

277 1558 342 1587 cap.
361 1558 392 1585 7.
437 1570 455 1587 „
480 1557 509 1580 et
531 1554 614 1589 quasi
633 1560 780 1591 pertaesus
805 1555 953 1592 ignaviam
981 1557 1095 1585 suam''
1134 1563 1162 1585 et
1192 1557 1268 1592 Aug.
1301 1565 1367 1593 cap.
1386 1558 1436 1586 62.
1475 1562 1655 1594 „pertaesus
1677 1565 1787 1585 morum

279 1621 299 1636 „
317 1602 532 1638 perversitatem
547 1603 645 1639 ejus”
667 1611 695 1633 et
720 1605 759 1634 ita
784 1605 898 1642 quidem
925 1607 1046 1644 ponitur
1071 1607 1230 1644 (monente
1253 1608 1355 1646 Jacob.
1376 1607 1530 1637 PerizonIO
1545 1607 1580 1636 ad
1598 1606 1704 1635 Sanctii
1727 1606 1787 1634 Mi-

276 1660 388 1681 nervam
417 1651 488 1681 Lib.
510 1652 561 1682 111.
591 1662 656 1690 cap.
684 1663 714 1691 3·
743 1655 806 1686 No.
833 1658 925 1695 110.)
961 1657 1172 1695 significatione
1198 1658 1312 1688 Passiva
1338 1667 1390 1695 per
1420 1657 1533 1694 ellipsin
1565 1666 1665 1693 praep.
1697 1658 1784 1687 κατὰ.

277 1701 357 1731 Alias
377 1701 437 1731 fere
458 1702 599 1733 Genitivo
620 1705 751 1742 jungitur
774 1714 807 1737 ut
824 1709 904 1744 apud
933 1707 1015 1746 Virg.
1045 1709 1122 1740 Aen.
1137 1709 1212 1740 Lib.
1233 1711 1285 1739 1v.
1309 1718 1355 1739 vs.
1373 1709 1419 1739 18.

563 1755 596 1784 Si
616 1765 670 1784 non
685 1763 850 1795 pertaesum
870 1760 992 1788 thalami
1011 1759 1165 1796 taedaeque
1177 1759 1294 1795 fuisset.

277 1804 371 1833 Corn.
393 1803 496 1841 Nepos
508 1825 520 1840 ,
543 1803 574 1833 iu
603 1805 666 1836 Att.
689 1815 754 1843 cap.
774 1814 820 1843 15.
853 1826 873 1845 „
887 1810 1044 1848 Nunquam
1060 1812 1179 1849 suscepti
1193 1812 1297 1849 negotii
1313 1820 1375 1839 eum
1391 1817 1552 1848 pertaesum
1565 1811 1636 1839 est”
1660 1817 1687 1840 et
1704 1811 1786 1840 Nos-

277 1860 320 1882 ter
340 1853 398 1883 fab.
423 1862 469 1891 sq.
491 1861 641 1893 pertaesus
667 1856 726 1893 q'us
745 1859 821 1887 vitae
840 1862 931 1889 canis.

313 1903 440 1933 Perenne
457 1904 574 1941 flumen.
612 1906 662 1936 Sic
683 1908 788 1944 passim
810 1911 887 1946 apud
910 1917 1019 1940 veteres
1043 1918 1099 1941 tam
1126 1914 1237 1942 solutae
1267 1921 1349 1948 quam
1371 1912 1470 1950 ligatae
1494 1913 1633 1941 orationis
1656 1912 1784 1949 scripto-

277 1963 334 1984 res.
357 1954 445 1985 Ovid.
468 1955 527 1993 Ep.
546 1956 628 1987 VIII.

563 2007 687 2043 Hument
706 2010 831 2039 incultae
842 2010 926 2048 fonte
943 2020 1063 2052 perenne
1079 2022 1180 2051 genae.

276 2055 344 2086 Liv.
372 2056 442 2088 Lib.
464 2057 521 2088 lv.
550 2065 613 2095 cap.
635 2067 685 2096 30.
726 2080 744 2095 „
763 2060 813 2089 sed
834 2067 917 2090 terra
945 2072 1071 2101 quoque,
1092 2065 1216 2102 ingenito
1241 2066 1355 2095 humore
1383 2074 1483 2103 egens,
1514 2067 1564 2094 vix
1587 2065 1629 2094 ad
1649 2072 1783 2104 perennes

1727 2115 1786 2152 suf-
