1919 2511
278 180 317 207 40
577 171 774 202 PETRI
833 170 1182 203 ABRAHAMI
1236 171 1485 210 JELTES

279 258 376 281 xatum
399 257 485 288 caput
514 253 543 282 in
568 255 714 284 cavitatem
739 256 907 292 repelleret3
930 256 976 284 vel
997 255 1160 290 hominem,
1190 255 1236 283 cui
1257 255 1407 284 accedebat
1429 255 1492 283 talis
1515 254 1643 290 laxatio,
1664 255 1781 292 jubebat

280 304 359 331 humi
383 306 475 341 Jacere
497 305 651 341 supinum,
674 307 799 343 etipse,
822 309 909 335 altero
936 307 1083 334 humerum
1107 307 1294 340 extendente,
1315 305 1344 334 in
1369 305 1518 342 pristinum
1543 307 1638 334 locum
1658 307 1783 335 retrude-

279 355 326 383 bat
353 363 438 391 caput
463 356 537 384 ossis
568 357 653 385 luxati
682 359 783 394 (¹3)·
832 358 913 395 Quae
940 364 1032 385 autern
1060 357 1212 385 methodus
1241 357 1361 393 simplex
1389 364 1453 384 cum
1476 365 1535 385 non
1563 356 1694 392 pluribus
1717 365 1781 385 ver·

279 406 323 434 bis
349 407 382 434 ad
406 407 620 442 explicationem
645 408 772 444 indigere
796 407 946 442 videatur,
968 408 1066 444 potius
1091 416 1180 443 pauca
1197 407 1323 436 dieamus
1347 407 1381 435 de
1404 407 1593 436 instrumento
1617 407 1781 436 tractatorIO

275 458 310 485 ab
338 459 465 486 Auctore
492 459 636 494 descripto
660 466 688 487 et
713 459 827 495 depicto
848 459 957 497 (14);
982 459 1010 487 in
1036 459 1145 487 duabus
1169 458 1294 494 capsulis
1317 459 1512 488 reconduntur
1531 458 1693 494 trochleae,
1717 466 1788 494 qua·

277 517 338 536 rum
363 517 417 544 ope
441 508 552 537 facilius
574 511 730 538 tenduntur
754 510 858 544 funes,
881 509 905 537 si
932 518 1064 538 manuum
1087 509 1128 537 vis
1157 518 1216 538 non
1241 509 1380 544 sufficiat,
1402 510 1519 545 capsula
1543 515 1636 537 autem
1662 518 1716 538 una
1733 518 1784 545 pet

281 569 384 588 uncum
405 560 500 595 sigitur
530 568 637 596 puncto
657 562 714 590 fiio
728 581 737 596 ,
759 570 787 589 et
808 562 894 590 altera
918 562 1021 596 laqueo
1050 560 1168 589 humero
1192 561 1370 588 extendendo
1394 559 1512 588 firmiter
1534 559 1682 595 imposito.
1724 560 1787 589 Alii

277 617 400 639 utuntur
422 611 471 647 (ait
488 611 619 647 Auctor)
643 614 699 641 alio
717 613 907 641 instrumento
923 611 1075 640 trochleari
1094 610 1201 648 (15),
1223 612 1306 648 cujus
1322 619 1398 647 ope,
1421 612 1524 647 laqueo
1542 611 1616 640 ossis
1634 610 1721 640 luxati
1735 612 1788 640 hu·

274 663 320 698 jus
340 661 524 690 instrumenti
545 671 618 692 unco
639 673 767 699 annexo,
790 664 872 692 etiam
893 663 1019 692 extensio
1039 662 1071 691 fit
1092 662 1189 699 (16).

313 713 471 750 Magnas-di
491 714 639 743 humerum
658 717 784 743 luxatum
804 714 962 750 reponendi
980 714 1146 742 methodum
1163 721 1302 742 memorat
1322 713 1485 751 Stephanus
1505 713 1656 743 Blankaart
1676 714 1784 751 (17),

278 773 349 799 quac
374 765 524 793 methodus
548 766 698 801 praecipue
723 766 751 794 in
777 767 842 794 solil
864 764 997 794 consistit
1023 764 1194 793 encheiresi.
1235 764 1386 794 Mentione
1407 772 1499 794 autem
1523 765 1599 794 facta
1618 765 1652 793 de
1669 765 1704 794 iis
1723 774 1786 794 mo-

276 815 339 850 dis,
364 815 468 850 quibus
491 816 670 852 antiquiores
687 817 729 845 uti
747 817 879 846 solebant
896 825 926 846 v.
949 823 978 851 g.
999 815 1095 849 scala,
1114 815 1200 852 janua
1221 822 1282 844 cet:
1306 824 1384 844 suam
1407 816 1586 844 commendat
1605 816 1786 844 methodum:

279 875 402 902 corpore
433 867 543 904 aegroti
564 866 684 895 firmiter
705 877 754 903 per
779 868 896 896 linteum
919 873 1053 902 retento,
1076 866 1133 894 duo
1159 864 1211 894 viri
1228 865 1362 902 robusti,
1393 866 1515 903 genibus
1542 866 1787 902 procumbentes,

277 919 414 946 trahendo
436 918 583 947 humerum
606 920 733 947 luxatum
750 920 884 947 reducere
900 924 1029 952 tentant,
1053 918 1109 946 una
1131 925 1215 946 mauu
1236 917 1266 946 in
1285 917 1369 947 axilla
1382 937 1394 953 9
1413 919 1501 946 altera
1519 917 1571 945 sub
1594 917 1712 946 humero
1731 926 1786 954 po-

275 969 351 998 sit-tit
376 978 458 1005 quam
479 970 643 998 methodum
665 977 747 1006 putat
769 977 870 998 auctor
895 969 1093 998 sufficientem.

316 1022 526 1056 Instrumenta,
548 1030 620 1057 quae
641 1021 748 1058 judicat
771 1021 914 1049 HIldatms
941 1020 1042 1049 idonea
1061 1020 1095 1048 ad
1110 1028 1197 1056 ossa,
1217 1029 1231 1048 e
1249 1020 1306 1049 situ
1322 1020 1441 1049 naturali
1461 1022 1621 1057 propulsa,
1642 1021 1671 1051 in
1690 1023 1788 1060 pristi-

275 1079 341 1099 num
372 1077 476 1100 statum
503 1073 682 1108 reducenda,
708 1078 791 1101 sunt:
814 1080 946 1106 remora,
965 1072 1111 1108 cingulum
1132 1078 1160 1099 et
1179 1072 1400 1100 instrumentum
1419 1072 1619 1101 trochlearum.

315 1123 457 1151 Remorae
483 1123 656 1160 explicatio,
679 1130 761 1158 quam
785 1122 971 1152 instrumenti
987 1122 1094 1158 figurae
1113 1123 1191 1151 addit
1210 1123 1322 1151 Auctor
1341 1122 1448 1158 (18),
1471 1122 1635 1159 hujusmodi
1660 1130 1721 1154 esti
1744 1125 1789 1154 in.

275 1181 463 1204 strumentum
486 1181 531 1203 est
557 1176 674 1210 longum
697 1174 819 1210 pollices
843 1182 968 1208 novem,
998 1174 1076 1209 quod
1109 1173 1183 1202 circa
1208 1173 1313 1208 finem,
1344 1174 1393 1209 qui
1416 1175 1445 1202 in
1473 1175 1599 1202 torcular
1623 1174 1699 1211 abit,
1722 1177 1786 1205 solo

275 1227 321 1254 vel
349 1234 464 1255 scamno
487 1226 682 1262 infigendum,
704 1224 789 1253 unius
813 1224 927 1260 pollicis
952 1224 1170 1253 crassitudinem
1190 1224 1296 1261 habet3
1319 1224 1348 1253 in
1372 1231 1452 1260 parte
1477 1223 1568 1252 media
1594 1224 1720 1255 foramen
1739 1227 1788 1256 ad·

275 1283 341 1312 est,
363 1276 393 1304 in
416 1286 493 1312 quo,
523 1277 662 1304 mediante
688 1275 846 1311 torculari,
878 1275 1013 1311 globulus
1042 1275 1151 1303 ferreus
1178 1275 1329 1310 infigitur,
1361 1274 1411 1311 qui
1440 1276 1555 1304 alteram
1581 1276 1710 1305 laminam
1732 1277 1788 1306 fer-

274 1336 370 1363 ream,
391 1337 406 1356 a
421 1327 563 1363 superiori
581 1335 659 1363 parte
679 1326 837 1362 descriptae
854 1327 1004 1354 columnae
1021 1326 1257 1361 descendentem,
1281 1333 1428 1362 penetrat,
1448 1333 1475 1353 et
1497 1325 1656 1355 firmitatem
1681 1328 1788 1358 instru-

275 1378 363 1407 menti
393 1385 498 1416 auget3
529 1379 616 1416 hujus
646 1385 739 1407 autem
758 1377 877 1406 laminae
899 1377 986 1407 cauda
1011 1378 1074 1406 solo
1099 1379 1146 1407 vel
1178 1385 1302 1406 scammo
1328 1385 1445 1413 quoque
1469 1376 1602 1406 insistere
1626 1378 1729 1415 debet,
1758 1386 1787 1408 et

272 1431 356 1459 clavo
381 1439 435 1459 suo
459 1430 594 1459 torculari
617 1429 735 1458 firmiter
763 1427 888 1457 annecti.

311 1482 387 1510 Data
407 1488 519 1517 autem,
542 1488 614 1509 teste
637 1481 730 1509 Plinio
754 1482 855 1518 (19),
877 1479 964 1517 hujus
981 1479 1162 1508 instrumenti
1183 1480 1308 1509 nominis
1335 1479 1544 1516 explicatione,
1566 1481 1704 1512 describit
1723 1483 1790 1512 Hil-

275 1533 364 1560 danus
391 1540 474 1559 suum
499 1532 643 1568 cingulum
664 1531 771 1566 (20)=
802 1540 816 1559 e
836 1532 914 1559 corio
939 1538 1089 1567 paratum,
1119 1539 1146 1560 et
1172 1532 1287 1560 duobus
1315 1531 1437 1559 hamulis
1462 1530 1655 1568 instructum,
1678 1533 1784 1569 quibus

274 1584 394 1617 laqueus
419 1581 529 1610 validus
553 1581 722 1618 injiciendus
747 1588 809 1616 est,
831 1588 863 1610 ut
886 1581 1001 1610 illorum
1025 1591 1080 1617 ope
1104 1589 1180 1611 recta
1204 1589 1304 1618 posset
1324 1581 1385 1610 fieri
1410 1583 1559 1617 extensio,
1585 1592 1656 1619 quae
1680 1584 1713 1612 fit
1736 1593 1788 1620 per

279 1636 498 1662 instrumentum
527 1632 711 1660 trochleatum
742 1633 777 1661 ab
803 1631 908 1662 Ambr.
935 1632 1004 1662 Pare
1032 1633 1228 1670 descriptum,
1259 1642 1413 1670 parumper
1438 1633 1472 1662 ab
1498 1633 1623 1663 Hildano
1657 1636 1787 1664 emenda-

1706 1693 1788 1722 tum,

311 1768 392 1802 (13)
423 1770 441 1795 1.
460 1776 494 1796 c..
817 1766 939 1804 (14)l.
958 1777 983 1797 c.
1000 1777 1024 1796 c.
1041 1777 1066 1803 7.
1084 1778 1110 1803 p.
1129 1775 1187 1803 445.

312 1816 326 1849 (
341 1815 395 1848 15)
425 1815 529 1847 Belgice
547 1814 637 1840 dicitur
655 1813 788 1847 hageveer.
991 1815 1075 1851 (16)
1101 1817 1120 1842 l.
1139 1824 1164 1843 c.

314 1860 400 1896 (17)
425 1861 540 1887 Collect.
558 1860 630 1886 Med.
649 1861 728 1894 Phys.
754 1868 822 1888 cent.
840 1869 864 1895 3.
894 1871 919 1890 n.
936 1871 979 1896 41·
998 1871 1026 1896 p.
1043 1872 1101 1896 224.
1126 1864 1210 1889 Amst.
1229 1863 1303 1890 1680.
1322 1863 1384 1889 8vo.

313 1906 393 1942 (ιῦ)
422 1907 522 1933 Hildani
548 1908 631 1939 Opera
650 1908 707 1934 obs.
726 1914 751 1932 et
771 1915 851 1934 curat.
871 1910 1036 1937 Med-Chir.
1059 1916 1129 1936 cent.
1147 1917 1173 1942 5.
1201 1909 1267 1935 Obs.
1284 1909 1325 1935 86.
1346 1916 1373 1942 p.
1389 1908 1450 1940 478.
1478 1907 1595 1939 francof,
1615 1909 1688 1942 1732.
1716 1909 1788 1936 Scul-

280 1961 346 1979 tetus
373 1955 389 1980 l.
409 1960 433 1980 c.
461 1959 481 1979 t.
502 1959 525 1979 1.
547 1961 573 1985 p.
590 1960 630 1985 55.
650 1960 674 1978 et
698 1954 748 1980 tab.
765 1962 809 1987 24.
834 1954 877 1987 fig.
893 1962 919 1988 3.
1335 1988 1337 1991 Ι

313 1999 389 2034 (19)
418 2001 435 2026 l.
454 2006 495 2031 32.
520 2006 545 2024 c.
565 2005 587 2026 1.
612 1999 653 2024 ubi
673 1999 772 2025 Auctor
788 2000 870 2027 dicit:
905 2020 923 2034 „
942 2001 1153 2035 quemadmodum
1172 2009 1286 2034 remora,
1305 2002 1385 2035 piscis
1404 2002 1527 2034 exiguus,
1542 2001 1613 2034 cogit
1632 2008 1696 2027 stare
1713 2001 1783 2026 navi-

280 2050 332 2079 gia,
351 2055 379 2073 ut
401 2049 467 2072 ultra
486 2046 605 2080 progredi
630 2054 679 2071 nou
703 2048 818 2079 possint,
835 2049 870 2073 ita
895 2050 971 2074 etiam
993 2050 1182 2074 instrumentum
1207 2049 1279 2079 hoc,
1297 2055 1328 2073 eo
1347 2047 1443 2077 modo,
1462 2049 1497 2073 uti
1515 2048 1584 2079 dixI,
1611 2047 1787 2073 accommoda-

281 2102 332 2119 tum
355 2101 475 2127 aegrum,
494 2095 568 2119 etiam
591 2093 610 2117 si
630 2093 712 2118 fuerit
737 2095 931 2120 robustissimus
943 2113 951 2126 ,
968 2096 1078 2126 retinet,
1098 2094 1273 2128 impediique,
1291 2103 1322 2121 ne
1338 2095 1463 2120 trahendo
1486 2095 1604 2120 deorsum
1623 2095 1751 2121 inclinet.''

316 2138 400 2174 (20)
429 2142 446 2167 l.
465 2148 489 2168 c.
516 2149 542 2173 p.
559 2148 621 2174 479.
655 2141 786 2166 Scultetus
812 2142 830 2168 1.
848 2149 874 2169 c.
902 2142 952 2168 tab.
972 2142 1018 2168 cit.
1044 2140 1087 2173 fig.
1105 2148 1130 2168 2.
1150 2142 1259 2168 Heister.
1279 2142 1297 2168 1.
1315 2149 1339 2168 c.
1364 2143 1415 2168 tab.
1433 2142 1457 2169 8.
1483 2140 1527 2174 fig.
1545 2147 1584 2174 17.
