<?xml version="1.0" encoding="UTF-8"?>
<!DOCTYPE html PUBLIC "-//W3C//DTD XHTML 1.0 Transitional//EN"
    "http://www.w3.org/TR/xhtml1/DTD/xhtml1-transitional.dtd">
<html xmlns="http://www.w3.org/1999/xhtml" xml:lang="en" lang="en">
 <head>
  <title>
</title>
<meta http-equiv="Content-Type" content="text/html;charset=utf-8" />
  <meta name='ocr-system' content='tesseract 3.04.00' />
  <meta name='ocr-capabilities' content='ocr_page ocr_carea ocr_par ocr_line ocrx_word'/>
</head>
<body>
  <div class='ocr_page' id='page_1' title='image "annalesacademiae24rijk_0339.png"; bbox 0 0 1919 2511; ppageno 0'>
   <div class='ocr_carea' id='block_1_1' title="bbox 350 99 1611 146">
    <p class='ocr_par' dir='ltr' id='par_1_1' title="bbox 350 99 1611 146">
     <span class='ocr_line' id='line_1_1' title="bbox 350 99 1611 146; baseline 0.006 -15"><span class='ocrx_word' id='word_1_1' title='bbox 350 100 577 133; x_wconf 84' lang='lat' dir='ltr'>RESPONSIO</span> <span class='ocrx_word' id='word_1_2' title='bbox 604 109 647 131; x_wconf 77' lang='lat' dir='ltr'>AD</span> <span class='ocrx_word' id='word_1_3' title='bbox 677 99 992 139; x_wconf 87' lang='lat' dir='ltr'><strong>QUAESTIONEM</strong></span> <span class='ocrx_word' id='word_1_4' title='bbox 1025 102 1355 138; x_wconf 87' lang='lat' dir='ltr'>THEOLOGICAM.</span> <span class='ocrx_word' id='word_1_5' title='bbox 1577 116 1611 146; x_wconf 77' lang='lat'>33</span> 
     </span>
    </p>
   </div>
   <div class='ocr_carea' id='block_1_2' title="bbox 81 182 1614 1440">
    <p class='ocr_par' dir='ltr' id='par_1_2' title="bbox 102 182 1612 624">
     <span class='ocr_line' id='line_1_2' title="bbox 104 182 1608 226; baseline 0.003 -12"><span class='ocrx_word' id='word_1_6' title='bbox 104 182 258 214; x_wconf 83' lang='lat' dir='ltr'>mandavit.</span> <span class='ocrx_word' id='word_1_7' title='bbox 297 183 345 212; x_wconf 85' lang='lat' dir='ltr'>Ad</span> <span class='ocrx_word' id='word_1_8' title='bbox 370 192 402 212; x_wconf 87' lang='lat' dir='ltr'>se</span> <span class='ocrx_word' id='word_1_9' title='bbox 425 189 519 212; x_wconf 88' lang='lat' dir='ltr'>autem</span> <span class='ocrx_word' id='word_1_10' title='bbox 542 192 641 213; x_wconf 90' lang='lat' dir='ltr'>omnes</span> <span class='ocrx_word' id='word_1_11' title='bbox 666 183 732 212; x_wconf 89' lang='lat' dir='ltr'>duci</span> <span class='ocrx_word' id='word_1_12' title='bbox 758 183 867 223; x_wconf 84' lang='lat' dir='ltr'>jussit,</span> <span class='ocrx_word' id='word_1_13' title='bbox 888 184 938 220; x_wconf 87' lang='lat' dir='ltr'>qui</span> <span class='ocrx_word' id='word_1_14' title='bbox 964 185 1100 214; x_wconf 87' lang='lat' dir='ltr'>adversus</span> <span class='ocrx_word' id='word_1_15' title='bbox 1132 194 1192 214; x_wconf 90' lang='lat' dir='ltr'>eam</span> <span class='ocrx_word' id='word_1_16' title='bbox 1218 194 1370 222; x_wconf 85' lang='lat' dir='ltr'>peccarent</span> <span class='ocrx_word' id='word_1_17' title='bbox 1390 187 1472 226; x_wconf 84' lang='lat'>(1).</span> <span class='ocrx_word' id='word_1_18' title='bbox 1513 189 1608 218; x_wconf 84' lang='lat' dir='ltr'>Aedes</span> 
     </span>
     <span class='ocr_line' id='line_1_3' title="bbox 105 234 1611 277; baseline -0.001 -13"><span class='ocrx_word' id='word_1_19' title='bbox 105 242 201 264; x_wconf 80' lang='lat' dir='ltr'>sacrae</span> <span class='ocrx_word' id='word_1_20' title='bbox 215 243 285 263; x_wconf 89' lang='lat' dir='ltr'>vero</span> <span class='ocrx_word' id='word_1_21' title='bbox 300 241 332 263; x_wconf 90' lang='lat' dir='ltr'>ut</span> <span class='ocrx_word' id='word_1_22' title='bbox 346 235 457 263; x_wconf 74' lang='lat' dir='ltr'>summa</span> <span class='ocrx_word' id='word_1_23' title='bbox 478 243 543 263; x_wconf 89' lang='lat' dir='ltr'>cum</span> <span class='ocrx_word' id='word_1_24' title='bbox 561 235 743 264; x_wconf 89' lang='lat' dir='ltr'>veneratione</span> <span class='ocrx_word' id='word_1_25' title='bbox 765 234 1000 271; x_wconf 85' lang='lat' dir='ltr'><strong>suspicerentur,</strong></span> <span class='ocrx_word' id='word_1_26' title='bbox 1023 236 1104 265; x_wconf 86' lang='lat' dir='ltr'>enixe</span> <span class='ocrx_word' id='word_1_27' title='bbox 1133 237 1265 264; x_wconf 81' lang='lat' dir='ltr'>hortatus</span> <span class='ocrx_word' id='word_1_28' title='bbox 1289 244 1332 265; x_wconf 86' lang='lat' dir='ltr'>est</span> <span class='ocrx_word' id='word_1_29' title='bbox 1347 238 1425 274; x_wconf 88' lang='lat'>(2).</span> <span class='ocrx_word' id='word_1_30' title='bbox 1467 239 1546 277; x_wconf 83' lang='lat' dir='ltr'>Quid</span> <span class='ocrx_word' id='word_1_31' title='bbox 1562 249 1611 269; x_wconf 80' lang='lat' dir='ltr'>au-</span> 
     </span>
     <span class='ocr_line' id='line_1_4' title="bbox 102 284 1612 327; baseline 0.004 -14"><span class='ocrx_word' id='word_1_32' title='bbox 102 291 159 314; x_wconf 89' lang='lat' dir='ltr'>tem</span> <span class='ocrx_word' id='word_1_33' title='bbox 180 285 336 314; x_wconf 87' lang='lat' dir='ltr'>contulerit</span> <span class='ocrx_word' id='word_1_34' title='bbox 353 285 387 314; x_wconf 87' lang='lat' dir='ltr'>ad</span> <span class='ocrx_word' id='word_1_35' title='bbox 404 284 477 314; x_wconf 88' lang='lat' dir='ltr'>sacri</span> <span class='ocrx_word' id='word_1_36' title='bbox 493 286 590 314; x_wconf 88' lang='lat' dir='ltr'>cultus</span> <span class='ocrx_word' id='word_1_37' title='bbox 609 285 845 322; x_wconf 88' lang='lat' dir='ltr'>magnificentiam</span> <span class='ocrx_word' id='word_1_38' title='bbox 865 286 1019 322; x_wconf 85' lang='lat' dir='ltr'>augendam</span> <span class='ocrx_word' id='word_1_39' title='bbox 1044 293 1072 314; x_wconf 90' lang='lat' dir='ltr'>et</span> <span class='ocrx_word' id='word_1_40' title='bbox 1095 285 1322 322; x_wconf 88' lang='lat' dir='ltr'>amplificandam</span> <span class='ocrx_word' id='word_1_41' title='bbox 1335 307 1345 322; x_wconf 92' lang='lat'>‚</span> <span class='ocrx_word' id='word_1_42' title='bbox 1367 288 1489 318; x_wconf 81' lang='lat' dir='ltr'>declarat</span> <span class='ocrx_word' id='word_1_43' title='bbox 1508 290 1537 319; x_wconf 90' lang='lat' dir='ltr'>in</span> <span class='ocrx_word' id='word_1_44' title='bbox 1554 291 1612 327; x_wconf 85' lang='lat' dir='ltr'>pri·</span> 
     </span>
     <span class='ocr_line' id='line_1_5' title="bbox 102 334 1612 373; baseline 0.004 -10"><span class='ocrx_word' id='word_1_45' title='bbox 102 334 155 364; x_wconf 86' lang='lat' dir='ltr'>mis</span> <span class='ocrx_word' id='word_1_46' title='bbox 168 335 214 363; x_wconf 93' lang='lat' dir='ltr'>hic</span> <span class='ocrx_word' id='word_1_47' title='bbox 238 335 397 371; x_wconf 87' lang='lat' dir='ltr'>Eginhardi</span> <span class='ocrx_word' id='word_1_48' title='bbox 414 336 511 366; x_wconf 86' lang='lat' dir='ltr'>locus.</span> <span class='ocrx_word' id='word_1_49' title='bbox 555 356 575 371; x_wconf 86' lang='lat'>,‚</span> <span class='ocrx_word' id='word_1_50' title='bbox 597 334 723 371; x_wconf 78' lang='lat' dir='ltr'>Curabat</span> <span class='ocrx_word' id='word_1_51' title='bbox 747 344 938 372; x_wconf 83' lang='lat' dir='ltr'>magnopere,</span> <span class='ocrx_word' id='word_1_52' title='bbox 951 336 972 348; x_wconf 91' lang='lat'>&#39;&#39;</span> <span class='ocrx_word' id='word_1_53' title='bbox 994 336 1108 372; x_wconf 87' lang='lat' dir='ltr'>inquit,</span> <span class='ocrx_word' id='word_1_54' title='bbox 1141 356 1159 372; x_wconf 91' lang='lat'>,‚</span> <span class='ocrx_word' id='word_1_55' title='bbox 1174 343 1207 365; x_wconf 93' lang='lat' dir='ltr'>ut</span> <span class='ocrx_word' id='word_1_56' title='bbox 1229 337 1323 366; x_wconf 90' lang='lat' dir='ltr'>omnia</span> <span class='ocrx_word' id='word_1_57' title='bbox 1348 346 1418 373; x_wconf 90' lang='lat' dir='ltr'>quae</span> <span class='ocrx_word' id='word_1_58' title='bbox 1439 339 1468 368; x_wconf 89' lang='lat' dir='ltr'>in</span> <span class='ocrx_word' id='word_1_59' title='bbox 1489 341 1612 369; x_wconf 74' lang='lat' dir='ltr'>ecclesia</span> 
     </span>
     <span class='ocr_line' id='line_1_6' title="bbox 105 386 1611 426; baseline 0.003 -12"><span class='ocrx_word' id='word_1_60' title='bbox 105 406 124 422; x_wconf 86' lang='lat'><strong>„</strong></span> <span class='ocrx_word' id='word_1_61' title='bbox 145 386 334 423; x_wconf 87' lang='lat' dir='ltr'>gerebantur,</span> <span class='ocrx_word' id='word_1_62' title='bbox 362 395 427 416; x_wconf 88' lang='lat' dir='ltr'>cum</span> <span class='ocrx_word' id='word_1_63' title='bbox 452 386 572 416; x_wconf 70' lang='lat' dir='ltr'>maxima</span> <span class='ocrx_word' id='word_1_64' title='bbox 597 386 698 416; x_wconf 89' lang='lat' dir='ltr'>fierent</span> <span class='ocrx_word' id='word_1_65' title='bbox 725 387 894 422; x_wconf 81' lang='lat' dir='ltr'>honestate3</span> <span class='ocrx_word' id='word_1_66' title='bbox 923 387 1053 415; x_wconf 89' lang='lat' dir='ltr'>aedituos</span> <span class='ocrx_word' id='word_1_67' title='bbox 1078 387 1248 417; x_wconf 83' lang='lat' dir='ltr'>creberrime</span> <span class='ocrx_word' id='word_1_68' title='bbox 1271 396 1457 418; x_wconf 89' lang='lat' dir='ltr'>commonens</span> <span class='ocrx_word' id='word_1_69' title='bbox 1483 398 1519 419; x_wconf 91' lang='lat' dir='ltr'>ne</span> <span class='ocrx_word' id='word_1_70' title='bbox 1542 391 1611 426; x_wconf 86' lang='lat' dir='ltr'>quid</span> 
     </span>
     <span class='ocr_line' id='line_1_7' title="bbox 103 437 1611 474; baseline 0.003 -9"><span class='ocrx_word' id='word_1_71' title='bbox 103 437 276 472; x_wconf 81' lang='lat' dir='ltr'>„indecens</span> <span class='ocrx_word' id='word_1_72' title='bbox 307 443 357 466; x_wconf 89' lang='lat' dir='ltr'>aut</span> <span class='ocrx_word' id='word_1_73' title='bbox 390 437 537 466; x_wconf 90' lang='lat' dir='ltr'>sordidum</span> <span class='ocrx_word' id='word_1_74' title='bbox 562 437 664 466; x_wconf 83' lang='lat' dir='ltr'>inferri</span> <span class='ocrx_word' id='word_1_75' title='bbox 691 443 740 466; x_wconf 86' lang='lat' dir='ltr'>aut</span> <span class='ocrx_word' id='word_1_76' title='bbox 765 437 796 467; x_wconf 91' lang='lat' dir='ltr'>in</span> <span class='ocrx_word' id='word_1_77' title='bbox 824 438 856 466; x_wconf 69' lang='lat' dir='ltr'>ea</span> <span class='ocrx_word' id='word_1_78' title='bbox 882 446 1025 467; x_wconf 89' lang='lat' dir='ltr'>remanere</span> <span class='ocrx_word' id='word_1_79' title='bbox 1050 439 1258 474; x_wconf 84' lang='lat' dir='ltr'>permitterent.</span> <span class='ocrx_word' id='word_1_80' title='bbox 1298 439 1450 468; x_wconf 88' lang='lat' dir='ltr'>Sacrorum</span> <span class='ocrx_word' id='word_1_81' title='bbox 1476 449 1611 470; x_wconf 88' lang='lat' dir='ltr'>vasorum</span> 
     </span>
     <span class='ocr_line' id='line_1_8' title="bbox 105 487 1612 527; baseline 0.003 -12"><span class='ocrx_word' id='word_1_82' title='bbox 105 507 125 523; x_wconf 82' lang='lat'><strong>„</strong></span> <span class='ocrx_word' id='word_1_83' title='bbox 146 495 180 516; x_wconf 86' lang='lat' dir='ltr'>ex</span> <span class='ocrx_word' id='word_1_84' title='bbox 200 496 270 516; x_wconf 89' lang='lat' dir='ltr'>auro</span> <span class='ocrx_word' id='word_1_85' title='bbox 294 496 326 516; x_wconf 84' lang='lat' dir='ltr'>ac</span> <span class='ocrx_word' id='word_1_86' title='bbox 352 494 489 524; x_wconf 88' lang='lat' dir='ltr'>argento,</span> <span class='ocrx_word' id='word_1_87' title='bbox 509 487 806 523; x_wconf 85' lang='lat' dir='ltr'>vestimentorumque</span> <span class='ocrx_word' id='word_1_88' title='bbox 827 488 1044 517; x_wconf 86' lang='lat' dir='ltr'>sacerdotalium</span> <span class='ocrx_word' id='word_1_89' title='bbox 1067 495 1173 518; x_wconf 91' lang='lat' dir='ltr'>tantam</span> <span class='ocrx_word' id='word_1_90' title='bbox 1192 489 1222 517; x_wconf 93' lang='lat' dir='ltr'>in</span> <span class='ocrx_word' id='word_1_91' title='bbox 1239 490 1272 518; x_wconf 71' lang='lat' dir='ltr'>ea</span> <span class='ocrx_word' id='word_1_92' title='bbox 1295 489 1405 526; x_wconf 89' lang='lat' dir='ltr'>copiam</span> <span class='ocrx_word' id='word_1_93' title='bbox 1423 491 1612 527; x_wconf 88' lang='lat' dir='ltr'>procuravit,</span> 
     </span>
     <span class='ocr_line' id='line_1_9' title="bbox 102 536 1611 575; baseline 0.003 -10"><span class='ocrx_word' id='word_1_94' title='bbox 102 555 121 572; x_wconf 77' lang='lat'>„</span> <span class='ocrx_word' id='word_1_95' title='bbox 141 536 223 566; x_wconf 88' lang='lat' dir='ltr'>utin</span> <span class='ocrx_word' id='word_1_96' title='bbox 251 536 400 566; x_wconf 87' lang='lat' dir='ltr'>sacrificiis</span> <span class='ocrx_word' id='word_1_97' title='bbox 429 537 605 566; x_wconf 87' lang='lat' dir='ltr'>celebrandis</span> <span class='ocrx_word' id='word_1_98' title='bbox 632 546 668 566; x_wconf 88' lang='lat' dir='ltr'>ne</span> <span class='ocrx_word' id='word_1_99' title='bbox 691 536 863 575; x_wconf 70' lang='lat' dir='ltr'>ianitoribus</span> <span class='ocrx_word' id='word_1_100' title='bbox 889 538 1002 573; x_wconf 90' lang='lat' dir='ltr'>quidem</span> <span class='ocrx_word' id='word_1_101' title='bbox 1018 558 1030 574; x_wconf 90' lang='lat'>,</span> <span class='ocrx_word' id='word_1_102' title='bbox 1071 539 1122 575; x_wconf 86' lang='lat' dir='ltr'>qui</span> <span class='ocrx_word' id='word_1_103' title='bbox 1154 539 1249 568; x_wconf 88' lang='lat' dir='ltr'>ultimi</span> <span class='ocrx_word' id='word_1_104' title='bbox 1281 539 1467 569; x_wconf 79' lang='lat' dir='ltr'>ecclesiastici</span> <span class='ocrx_word' id='word_1_105' title='bbox 1502 541 1611 570; x_wconf 83' lang='lat' dir='ltr'>ordinis</span> 
     </span>
     <span class='ocr_line' id='line_1_10' title="bbox 102 587 1046 624; baseline 0.001 -10"><span class='ocrx_word' id='word_1_106' title='bbox 102 606 121 622; x_wconf 89' lang='lat'>„</span> <span class='ocrx_word' id='word_1_107' title='bbox 141 593 209 615; x_wconf 91' lang='lat' dir='ltr'>sunt</span> <span class='ocrx_word' id='word_1_108' title='bbox 221 606 232 622; x_wconf 90' lang='lat'>,</span> <span class='ocrx_word' id='word_1_109' title='bbox 255 587 368 623; x_wconf 87' lang='lat' dir='ltr'>privato</span> <span class='ocrx_word' id='word_1_110' title='bbox 387 587 487 616; x_wconf 84' lang='lat' dir='ltr'>habitu</span> <span class='ocrx_word' id='word_1_111' title='bbox 504 588 664 617; x_wconf 86' lang='lat' dir='ltr'>ministrare</span> <span class='ocrx_word' id='word_1_112' title='bbox 682 597 800 617; x_wconf 88' lang='lat' dir='ltr'>necesse</span> <span class='ocrx_word' id='word_1_113' title='bbox 815 587 919 616; x_wconf 81' lang='lat' dir='ltr'>fuisset</span> <span class='ocrx_word' id='word_1_114' title='bbox 936 589 950 622; x_wconf 91' lang='lat'>(</span> <span class='ocrx_word' id='word_1_115' title='bbox 964 590 1014 624; x_wconf 84' lang='lat'>3).</span> <span class='ocrx_word' id='word_1_116' title='bbox 1026 588 1046 600; x_wconf 93' lang='lat'>’&#39;</span> 
     </span>
    </p>

    <p class='ocr_par' dir='ltr' id='par_1_3' title="bbox 83 637 1614 1134">
     <span class='ocr_line' id='line_1_11' title="bbox 138 637 1614 675; baseline 0.002 -9"><span class='ocrx_word' id='word_1_117' title='bbox 138 637 265 666; x_wconf 89' lang='lat' dir='ltr'>Carolus</span> <span class='ocrx_word' id='word_1_118' title='bbox 290 646 377 673; x_wconf 89' lang='lat' dir='ltr'>quum</span> <span class='ocrx_word' id='word_1_119' title='bbox 406 638 441 666; x_wconf 87' lang='lat' dir='ltr'>de</span> <span class='ocrx_word' id='word_1_120' title='bbox 464 639 586 668; x_wconf 71' lang='lat' dir='ltr'>ecclesia</span> <span class='ocrx_word' id='word_1_121' title='bbox 610 638 762 675; x_wconf 73' lang='lat' dir='ltr'>pontificia</span> <span class='ocrx_word' id='word_1_122' title='bbox 790 637 898 674; x_wconf 86' lang='lat' dir='ltr'>optime</span> <span class='ocrx_word' id='word_1_123' title='bbox 925 645 1101 675; x_wconf 87' lang='lat' dir='ltr'>mereretur,</span> <span class='ocrx_word' id='word_1_124' title='bbox 1123 645 1208 668; x_wconf 86' lang='lat' dir='ltr'>cantu</span> <span class='ocrx_word' id='word_1_125' title='bbox 1236 639 1353 675; x_wconf 86' lang='lat' dir='ltr'>rituque</span> <span class='ocrx_word' id='word_1_126' title='bbox 1381 639 1459 669; x_wconf 88' lang='lat' dir='ltr'>illius</span> <span class='ocrx_word' id='word_1_127' title='bbox 1484 640 1614 669; x_wconf 87' lang='lat' dir='ltr'>introdu-</span> 
     </span>
     <span class='ocr_line' id='line_1_12' title="bbox 93 687 1610 727; baseline 0.002 -10"><span class='ocrx_word' id='word_1_128' title='bbox 93 688 207 723; x_wconf 86' lang='lat' dir='ltr'>cendo,</span> <span class='ocrx_word' id='word_1_129' title='bbox 230 688 264 716; x_wconf 93' lang='lat' dir='ltr'>de</span> <span class='ocrx_word' id='word_1_130' title='bbox 279 687 445 717; x_wconf 71' lang='lat' dir='ltr'>Christiana</span> <span class='ocrx_word' id='word_1_131' title='bbox 469 689 591 718; x_wconf 75' lang='lat' dir='ltr'>ecclesia</span> <span class='ocrx_word' id='word_1_132' title='bbox 609 688 726 717; x_wconf 88' lang='lat' dir='ltr'>omnino</span> <span class='ocrx_word' id='word_1_133' title='bbox 743 689 867 726; x_wconf 84' lang='lat' dir='ltr'>pessime</span> <span class='ocrx_word' id='word_1_134' title='bbox 887 689 1006 718; x_wconf 89' lang='lat' dir='ltr'>meritus</span> <span class='ocrx_word' id='word_1_135' title='bbox 1021 697 1077 719; x_wconf 89' lang='lat' dir='ltr'>est.</span> <span class='ocrx_word' id='word_1_136' title='bbox 1117 689 1191 719; x_wconf 91' lang='lat' dir='ltr'>Nam</span> <span class='ocrx_word' id='word_1_137' title='bbox 1208 699 1266 726; x_wconf 90' lang='lat' dir='ltr'>quo</span> <span class='ocrx_word' id='word_1_138' title='bbox 1286 691 1376 726; x_wconf 87' lang='lat' dir='ltr'>magis</span> <span class='ocrx_word' id='word_1_139' title='bbox 1396 700 1491 721; x_wconf 87' lang='lat' dir='ltr'>ansam</span> <span class='ocrx_word' id='word_1_140' title='bbox 1512 692 1610 727; x_wconf 84' lang='lat' dir='ltr'>daret,</span> 
     </span>
     <span class='ocr_line' id='line_1_13' title="bbox 95 737 1607 778; baseline 0.003 -12"><span class='ocrx_word' id='word_1_141' title='bbox 95 744 128 767; x_wconf 92' lang='lat' dir='ltr'>ut</span> <span class='ocrx_word' id='word_1_142' title='bbox 145 737 269 767; x_wconf 89' lang='lat' dir='ltr'>Latinus</span> <span class='ocrx_word' id='word_1_143' title='bbox 288 745 383 767; x_wconf 89' lang='lat' dir='ltr'>sermo</span> <span class='ocrx_word' id='word_1_144' title='bbox 399 739 429 768; x_wconf 89' lang='lat' dir='ltr'>in</span> <span class='ocrx_word' id='word_1_145' title='bbox 451 739 571 775; x_wconf 77' lang='lat' dir='ltr'>publico</span> <span class='ocrx_word' id='word_1_146' title='bbox 587 741 668 768; x_wconf 87' lang='lat' dir='ltr'>cultu</span> <span class='ocrx_word' id='word_1_147' title='bbox 690 739 892 776; x_wconf 84' lang='lat' dir='ltr'>adhiberetur,</span> <span class='ocrx_word' id='word_1_148' title='bbox 916 748 950 768; x_wconf 90' lang='lat' dir='ltr'>eo</span> <span class='ocrx_word' id='word_1_149' title='bbox 974 740 1162 769; x_wconf 83' lang='lat' dir='ltr'>difficiliorem</span> <span class='ocrx_word' id='word_1_150' title='bbox 1175 762 1185 777; x_wconf 92' lang='lat'>,</span> <span class='ocrx_word' id='word_1_151' title='bbox 1208 741 1295 777; x_wconf 72' lang='lat' dir='ltr'>pulsa</span> <span class='ocrx_word' id='word_1_152' title='bbox 1319 741 1416 778; x_wconf 74' lang='lat' dir='ltr'>lingua</span> <span class='ocrx_word' id='word_1_153' title='bbox 1436 744 1607 777; x_wconf 70' lang='lat' dir='ltr'>vernacula,</span> 
     </span>
     <span class='ocr_line' id='line_1_14' title="bbox 94 788 1603 829; baseline 0.004 -13"><span class='ocrx_word' id='word_1_154' title='bbox 94 788 229 817; x_wconf 87' lang='lat' dir='ltr'>reddebat</span> <span class='ocrx_word' id='word_1_155' title='bbox 247 789 361 825; x_wconf 84' lang='lat' dir='ltr'>populo</span> <span class='ocrx_word' id='word_1_156' title='bbox 381 798 474 818; x_wconf 89' lang='lat' dir='ltr'>rerum</span> <span class='ocrx_word' id='word_1_157' title='bbox 491 789 650 819; x_wconf 83' lang='lat' dir='ltr'>divinarum</span> <span class='ocrx_word' id='word_1_158' title='bbox 669 791 876 827; x_wconf 83' lang='lat' dir='ltr'>cognit10nem.</span> <span class='ocrx_word' id='word_1_159' title='bbox 915 791 985 820; x_wconf 89' lang='lat' dir='ltr'>Inde</span> <span class='ocrx_word' id='word_1_160' title='bbox 1003 791 1084 820; x_wconf 83' lang='lat' dir='ltr'>etiam</span> <span class='ocrx_word' id='word_1_161' title='bbox 1107 791 1214 821; x_wconf 83' lang='lat' dir='ltr'>factum</span> <span class='ocrx_word' id='word_1_162' title='bbox 1237 800 1301 829; x_wconf 89' lang='lat' dir='ltr'>est,</span> <span class='ocrx_word' id='word_1_163' title='bbox 1324 800 1355 822; x_wconf 93' lang='lat' dir='ltr'>ut</span> <span class='ocrx_word' id='word_1_164' title='bbox 1380 802 1469 829; x_wconf 88' lang='lat' dir='ltr'>quum</span> <span class='ocrx_word' id='word_1_165' title='bbox 1485 793 1580 822; x_wconf 87' lang='lat' dir='ltr'>clerici</span> <span class='ocrx_word' id='word_1_166' title='bbox 1593 814 1603 829; x_wconf 93' lang='lat'>,</span> 
     </span>
     <span class='ocr_line' id='line_1_15' title="bbox 91 837 1604 880; baseline 0.004 -14"><span class='ocrx_word' id='word_1_167' title='bbox 91 837 160 867; x_wconf 87' lang='lat' dir='ltr'>ritui</span> <span class='ocrx_word' id='word_1_168' title='bbox 175 839 360 875; x_wconf 87' lang='lat' dir='ltr'>sermonique</span> <span class='ocrx_word' id='word_1_169' title='bbox 379 839 512 869; x_wconf 87' lang='lat' dir='ltr'>Romano</span> <span class='ocrx_word' id='word_1_170' title='bbox 531 841 659 877; x_wconf 79' lang='lat' dir='ltr'>adsueti,</span> <span class='ocrx_word' id='word_1_171' title='bbox 680 842 708 872; x_wconf 89' lang='lat' dir='ltr'>in</span> <span class='ocrx_word' id='word_1_172' title='bbox 725 843 888 878; x_wconf 88' lang='lat' dir='ltr'>peregrinas</span> <span class='ocrx_word' id='word_1_173' title='bbox 903 843 1035 878; x_wconf 88' lang='lat' dir='ltr'>regiones</span> <span class='ocrx_word' id='word_1_174' title='bbox 1054 843 1308 879; x_wconf 84' lang='lat' dir='ltr'>proficiscerentur</span> <span class='ocrx_word' id='word_1_175' title='bbox 1326 844 1361 872; x_wconf 93' lang='lat' dir='ltr'>ad</span> <span class='ocrx_word' id='word_1_176' title='bbox 1384 843 1604 880; x_wconf 84' lang='lat' dir='ltr'>praedicandum</span> 
     </span>
     <span class='ocr_line' id='line_1_16' title="bbox 93 888 1605 932; baseline 0.004 -15"><span class='ocrx_word' id='word_1_177' title='bbox 93 888 251 925; x_wconf 87' lang='lat' dir='ltr'>gentilibus</span> <span class='ocrx_word' id='word_1_178' title='bbox 259 890 471 928; x_wconf 84' lang='lat' dir='ltr'>Euangelium,</span> <span class='ocrx_word' id='word_1_179' title='bbox 484 891 590 922; x_wconf 91' lang='lat' dir='ltr'>Latino</span> <span class='ocrx_word' id='word_1_180' title='bbox 609 892 681 921; x_wconf 89' lang='lat' dir='ltr'>sacri</span> <span class='ocrx_word' id='word_1_181' title='bbox 697 893 783 921; x_wconf 83' lang='lat' dir='ltr'>officii</span> <span class='ocrx_word' id='word_1_182' title='bbox 801 902 880 923; x_wconf 82' lang='lat' dir='ltr'>more</span> <span class='ocrx_word' id='word_1_183' title='bbox 898 901 1058 923; x_wconf 90' lang='lat' dir='ltr'>uterentur.</span> <span class='ocrx_word' id='word_1_184' title='bbox 1091 895 1208 932; x_wconf 86' lang='lat' dir='ltr'>Quanto</span> <span class='ocrx_word' id='word_1_185' title='bbox 1225 904 1309 924; x_wconf 90' lang='lat' dir='ltr'>verae</span> <span class='ocrx_word' id='word_1_186' title='bbox 1325 895 1464 924; x_wconf 89' lang='lat' dir='ltr'>ecclesiae</span> <span class='ocrx_word' id='word_1_187' title='bbox 1480 895 1582 924; x_wconf 88' lang='lat' dir='ltr'>damno</span> <span class='ocrx_word' id='word_1_188' title='bbox 1594 916 1605 931; x_wconf 91' lang='lat'><em>‚</em></span> 
     </span>
     <span class='ocr_line' id='line_1_17' title="bbox 90 942 1604 982; baseline 0.003 -13"><span class='ocrx_word' id='word_1_189' title='bbox 90 948 175 969; x_wconf 88' lang='lat' dir='ltr'>nemo</span> <span class='ocrx_word' id='word_1_190' title='bbox 194 948 237 971; x_wconf 90' lang='lat' dir='ltr'>est</span> <span class='ocrx_word' id='word_1_191' title='bbox 256 942 382 979; x_wconf 87' lang='lat' dir='ltr'>opinor,</span> <span class='ocrx_word' id='word_1_192' title='bbox 405 942 476 978; x_wconf 89' lang='lat' dir='ltr'>quin</span> <span class='ocrx_word' id='word_1_193' title='bbox 495 943 600 973; x_wconf 88' lang='lat' dir='ltr'>sentiat</span> <span class='ocrx_word' id='word_1_194' title='bbox 619 944 696 981; x_wconf 87' lang='lat'><strong>(4).</strong></span> <span class='ocrx_word' id='word_1_195' title='bbox 737 945 835 982; x_wconf 89' lang='lat' dir='ltr'>Quum</span> <span class='ocrx_word' id='word_1_196' title='bbox 854 953 926 974; x_wconf 89' lang='lat' dir='ltr'>vero</span> <span class='ocrx_word' id='word_1_197' title='bbox 954 945 1013 973; x_wconf 90' lang='lat' dir='ltr'>illis</span> <span class='ocrx_word' id='word_1_198' title='bbox 1036 945 1072 973; x_wconf 93' lang='lat' dir='ltr'>de</span> <span class='ocrx_word' id='word_1_199' title='bbox 1099 945 1185 974; x_wconf 89' lang='lat' dir='ltr'>rebus</span> <span class='ocrx_word' id='word_1_200' title='bbox 1207 946 1385 974; x_wconf 86' lang='lat' dir='ltr'>voluntatem</span> <span class='ocrx_word' id='word_1_201' title='bbox 1411 954 1490 974; x_wconf 86' lang='lat' dir='ltr'>suain</span> <span class='ocrx_word' id='word_1_202' title='bbox 1511 945 1604 974; x_wconf 89' lang='lat' dir='ltr'>Caro-</span> 
     </span>
     <span class='ocr_line' id='line_1_18' title="bbox 90 991 1605 1031; baseline 0.003 -12"><span class='ocrx_word' id='word_1_203' title='bbox 90 991 136 1020; x_wconf 90' lang='lat' dir='ltr'>lus</span> <span class='ocrx_word' id='word_1_204' title='bbox 149 998 206 1019; x_wconf 88' lang='lat' dir='ltr'>tam</span> <span class='ocrx_word' id='word_1_205' title='bbox 232 993 337 1021; x_wconf 87' lang='lat' dir='ltr'>diserte</span> <span class='ocrx_word' id='word_1_206' title='bbox 363 993 574 1030; x_wconf 86' lang='lat' dir='ltr'>expressisset,</span> <span class='ocrx_word' id='word_1_207' title='bbox 596 994 671 1023; x_wconf 82' lang='lat' dir='ltr'>haud</span> <span class='ocrx_word' id='word_1_208' title='bbox 694 995 796 1024; x_wconf 88' lang='lat' dir='ltr'>mirum</span> <span class='ocrx_word' id='word_1_209' title='bbox 822 995 956 1030; x_wconf 86' lang='lat' dir='ltr'>videtur,</span> <span class='ocrx_word' id='word_1_210' title='bbox 984 995 1064 1024; x_wconf 87' lang='lat' dir='ltr'>irrita</span> <span class='ocrx_word' id='word_1_211' title='bbox 1087 994 1179 1024; x_wconf 88' lang='lat' dir='ltr'>fuisse</span> <span class='ocrx_word' id='word_1_212' title='bbox 1199 997 1405 1025; x_wconf 90' lang='lat' dir='ltr'>nonnullorum</span> <span class='ocrx_word' id='word_1_213' title='bbox 1434 995 1605 1031; x_wconf 84' lang='lat' dir='ltr'>conamina,</span> 
     </span>
     <span class='ocr_line' id='line_1_19' title="bbox 88 1041 1606 1084; baseline 0.002 -14"><span class='ocrx_word' id='word_1_214' title='bbox 88 1042 158 1078; x_wconf 88' lang='lat' dir='ltr'>qui,</span> <span class='ocrx_word' id='word_1_215' title='bbox 181 1048 209 1071; x_wconf 91' lang='lat' dir='ltr'>et</span> <span class='ocrx_word' id='word_1_216' title='bbox 222 1041 274 1071; x_wconf 86' lang='lat' dir='ltr'>illo</span> <span class='ocrx_word' id='word_1_217' title='bbox 292 1042 361 1072; x_wconf 92' lang='lat' dir='ltr'>vivo</span> <span class='ocrx_word' id='word_1_218' title='bbox 381 1063 392 1078; x_wconf 95' lang='lat'>,</span> <span class='ocrx_word' id='word_1_219' title='bbox 414 1050 442 1072; x_wconf 85' lang='lat' dir='ltr'>et</span> <span class='ocrx_word' id='word_1_220' title='bbox 467 1044 561 1080; x_wconf 88' lang='lat' dir='ltr'>primo</span> <span class='ocrx_word' id='word_1_221' title='bbox 591 1053 661 1082; x_wconf 87' lang='lat' dir='ltr'>post</span> <span class='ocrx_word' id='word_1_222' title='bbox 682 1046 793 1075; x_wconf 89' lang='lat' dir='ltr'>obitum</span> <span class='ocrx_word' id='word_1_223' title='bbox 822 1047 884 1084; x_wconf 87' lang='lat' dir='ltr'>ejus</span> <span class='ocrx_word' id='word_1_224' title='bbox 911 1054 1063 1084; x_wconf 85' lang='lat' dir='ltr'>tempore,</span> <span class='ocrx_word' id='word_1_225' title='bbox 1091 1046 1246 1084; x_wconf 86' lang='lat' dir='ltr'>religiosos</span> <span class='ocrx_word' id='word_1_226' title='bbox 1268 1052 1369 1076; x_wconf 87' lang='lat' dir='ltr'>cantus</span> <span class='ocrx_word' id='word_1_227' title='bbox 1394 1045 1493 1083; x_wconf 71' lang='lat' dir='ltr'>lingua</span> <span class='ocrx_word' id='word_1_228' title='bbox 1514 1046 1606 1083; x_wconf 73' lang='lat' dir='ltr'>patria</span> 
     </span>
     <span class='ocr_line' id='line_1_20' title="bbox 83 1093 772 1134; baseline 0.01 -12"><span class='ocrx_word' id='word_1_229' title='bbox 83 1100 258 1130; x_wconf 87' lang='lat' dir='ltr'>componere</span> <span class='ocrx_word' id='word_1_230' title='bbox 278 1100 306 1123; x_wconf 93' lang='lat' dir='ltr'>et</span> <span class='ocrx_word' id='word_1_231' title='bbox 325 1093 507 1123; x_wconf 88' lang='lat' dir='ltr'>introducere</span> <span class='ocrx_word' id='word_1_232' title='bbox 526 1096 674 1126; x_wconf 90' lang='lat' dir='ltr'>studerent</span> <span class='ocrx_word' id='word_1_233' title='bbox 695 1097 772 1134; x_wconf 86' lang='lat'>(5).</span> 
     </span>
    </p>

    <p class='ocr_par' dir='ltr' id='par_1_4' title="bbox 81 1144 1605 1440">
     <span class='ocr_line' id='line_1_21' title="bbox 125 1144 1605 1189; baseline 0.002 -16"><span class='ocrx_word' id='word_1_234' title='bbox 125 1144 280 1174; x_wconf 85' lang='lat' dir='ltr'>Laudanda</span> <span class='ocrx_word' id='word_1_235' title='bbox 297 1144 414 1175; x_wconf 84' lang='lat' dir='ltr'>omnino</span> <span class='ocrx_word' id='word_1_236' title='bbox 431 1145 530 1177; x_wconf 87' lang='lat' dir='ltr'>Caroli</span> <span class='ocrx_word' id='word_1_237' title='bbox 548 1155 617 1177; x_wconf 90' lang='lat' dir='ltr'>cura</span> <span class='ocrx_word' id='word_1_238' title='bbox 633 1148 747 1177; x_wconf 91' lang='lat' dir='ltr'>videtur</span> <span class='ocrx_word' id='word_1_239' title='bbox 759 1150 795 1178; x_wconf 86' lang='lat' dir='ltr'>ad</span> <span class='ocrx_word' id='word_1_240' title='bbox 818 1150 973 1187; x_wconf 87' lang='lat' dir='ltr'>augendam</span> <span class='ocrx_word' id='word_1_241' title='bbox 1000 1149 1072 1179; x_wconf 88' lang='lat' dir='ltr'>sacri</span> <span class='ocrx_word' id='word_1_242' title='bbox 1099 1150 1194 1179; x_wconf 86' lang='lat' dir='ltr'>cultus</span> <span class='ocrx_word' id='word_1_243' title='bbox 1222 1149 1447 1179; x_wconf 84' lang='lat' dir='ltr'>solemnitatem.</span> <span class='ocrx_word' id='word_1_244' title='bbox 1486 1146 1605 1189; x_wconf 50' lang='lat' dir='ltr'>Repreq</span> 
     </span>
     <span class='ocr_line' id='line_1_22' title="bbox 83 1193 1602 1236; baseline 0.002 -13"><span class='ocrx_word' id='word_1_245' title='bbox 83 1193 233 1225; x_wconf 86' lang='lat' dir='ltr'>hendenda</span> <span class='ocrx_word' id='word_1_246' title='bbox 260 1203 329 1225; x_wconf 89' lang='lat' dir='ltr'>vero</span> <span class='ocrx_word' id='word_1_247' title='bbox 355 1205 427 1232; x_wconf 86' lang='lat' dir='ltr'>quae</span> <span class='ocrx_word' id='word_1_248' title='bbox 453 1197 487 1226; x_wconf 89' lang='lat' dir='ltr'>ad</span> <span class='ocrx_word' id='word_1_249' title='bbox 520 1207 656 1235; x_wconf 90' lang='lat' dir='ltr'>pompam</span> <span class='ocrx_word' id='word_1_250' title='bbox 690 1200 752 1236; x_wconf 89' lang='lat' dir='ltr'>ejus</span> <span class='ocrx_word' id='word_1_251' title='bbox 788 1206 816 1229; x_wconf 88' lang='lat' dir='ltr'>et</span> <span class='ocrx_word' id='word_1_252' title='bbox 846 1200 1081 1236; x_wconf 85' lang='lat' dir='ltr'>magnificentiam</span> <span class='ocrx_word' id='word_1_253' title='bbox 1113 1198 1340 1236; x_wconf 88' lang='lat' dir='ltr'>amplificandam</span> <span class='ocrx_word' id='word_1_254' title='bbox 1374 1198 1479 1227; x_wconf 87' lang='lat' dir='ltr'>effecit.</span> <span class='ocrx_word' id='word_1_255' title='bbox 1519 1198 1602 1236; x_wconf 85' lang='lat' dir='ltr'>Quae</span> 
     </span>
     <span class='ocr_line' id='line_1_23' title="bbox 85 1246 1602 1287; baseline 0.003 -16"><span class='ocrx_word' id='word_1_256' title='bbox 85 1248 176 1281; x_wconf 82' lang='lat' dir='ltr'>quu‘m</span> <span class='ocrx_word' id='word_1_257' title='bbox 198 1252 311 1281; x_wconf 85' lang='lat' dir='ltr'>semper</span> <span class='ocrx_word' id='word_1_258' title='bbox 331 1246 484 1282; x_wconf 87' lang='lat' dir='ltr'>fugiendae</span> <span class='ocrx_word' id='word_1_259' title='bbox 505 1255 532 1277; x_wconf 87' lang='lat' dir='ltr'>et</span> <span class='ocrx_word' id='word_1_260' title='bbox 552 1250 707 1285; x_wconf 89' lang='lat' dir='ltr'>carpendae</span> <span class='ocrx_word' id='word_1_261' title='bbox 734 1250 904 1286; x_wconf 89' lang='lat' dir='ltr'>videantur,</span> <span class='ocrx_word' id='word_1_262' title='bbox 928 1257 989 1279; x_wconf 88' lang='lat' dir='ltr'>turn</span> <span class='ocrx_word' id='word_1_263' title='bbox 1011 1251 1043 1278; x_wconf 72' lang='lat' dir='ltr'>ea</span> <span class='ocrx_word' id='word_1_264' title='bbox 1064 1249 1197 1287; x_wconf 87' lang='lat' dir='ltr'>inprimis</span> <span class='ocrx_word' id='word_1_265' title='bbox 1224 1256 1335 1284; x_wconf 84' lang='lat' dir='ltr'>aetate,</span> <span class='ocrx_word' id='word_1_266' title='bbox 1356 1257 1428 1285; x_wconf 87' lang='lat' dir='ltr'>quae</span> <span class='ocrx_word' id='word_1_267' title='bbox 1451 1250 1486 1277; x_wconf 88' lang='lat' dir='ltr'>de</span> <span class='ocrx_word' id='word_1_268' title='bbox 1509 1248 1602 1277; x_wconf 87' lang='lat' dir='ltr'>horni-</span> 
     </span>
     <span class='ocr_line' id='line_1_24' title="bbox 84 1294 1599 1338; baseline 0.003 -17"><span class='ocrx_word' id='word_1_269' title='bbox 84 1301 152 1338; x_wconf 86' lang='lat' dir='ltr'>num</span> <span class='ocrx_word' id='word_1_270' title='bbox 168 1294 330 1331; x_wconf 82' lang='lat' dir='ltr'>eruditione</span> <span class='ocrx_word' id='word_1_271' title='bbox 348 1303 376 1325; x_wconf 89' lang='lat' dir='ltr'>et</span> <span class='ocrx_word' id='word_1_272' title='bbox 391 1297 491 1326; x_wconf 85' lang='lat' dir='ltr'>Sacrae</span> <span class='ocrx_word' id='word_1_273' title='bbox 506 1298 672 1335; x_wconf 87' lang='lat' dir='ltr'>Scripturae</span> <span class='ocrx_word' id='word_1_274' title='bbox 686 1300 862 1336; x_wconf 88' lang='lat' dir='ltr'>aliarumque</span> <span class='ocrx_word' id='word_1_275' title='bbox 884 1309 1027 1329; x_wconf 88' lang='lat' dir='ltr'>sacrarum</span> <span class='ocrx_word' id='word_1_276' title='bbox 1047 1309 1141 1329; x_wconf 90' lang='lat' dir='ltr'>rerum</span> <span class='ocrx_word' id='word_1_277' title='bbox 1160 1299 1328 1337; x_wconf 89' lang='lat' dir='ltr'>cognitione</span> <span class='ocrx_word' id='word_1_278' title='bbox 1350 1307 1410 1328; x_wconf 90' lang='lat' dir='ltr'>non</span> <span class='ocrx_word' id='word_1_279' title='bbox 1425 1297 1519 1335; x_wconf 88' lang='lat' dir='ltr'>possit</span> <span class='ocrx_word' id='word_1_280' title='bbox 1535 1298 1599 1332; x_wconf 88' lang='lat' dir='ltr'>glo-</span> 
     </span>
     <span class='ocr_line' id='line_1_25' title="bbox 81 1343 1597 1391; baseline 0.004 -19"><span class='ocrx_word' id='word_1_281' title='bbox 81 1343 160 1391; x_wconf 70' lang='lat' dir='ltr'>riari.</span> <span class='ocrx_word' id='word_1_282' title='bbox 202 1345 271 1383; x_wconf 91' lang='lat' dir='ltr'>Quo</span> <span class='ocrx_word' id='word_1_283' title='bbox 297 1347 426 1378; x_wconf 89' lang='lat' dir='ltr'>rudiores</span> <span class='ocrx_word' id='word_1_284' title='bbox 449 1349 524 1379; x_wconf 87' lang='lat' dir='ltr'>enim</span> <span class='ocrx_word' id='word_1_285' title='bbox 558 1350 795 1388; x_wconf 86' lang='lat' dir='ltr'>indoctioresque</span> <span class='ocrx_word' id='word_1_286' title='bbox 827 1351 958 1380; x_wconf 90' lang='lat' dir='ltr'>homines</span> <span class='ocrx_word' id='word_1_287' title='bbox 989 1353 1091 1380; x_wconf 70' lang='lat' dir='ltr'>natura</span> <span class='ocrx_word' id='word_1_288' title='bbox 1120 1351 1201 1387; x_wconf 88' lang='lat' dir='ltr'>sint,</span> <span class='ocrx_word' id='word_1_289' title='bbox 1229 1359 1264 1379; x_wconf 91' lang='lat' dir='ltr'>eo</span> <span class='ocrx_word' id='word_1_290' title='bbox 1291 1350 1404 1383; x_wconf 80' lang='lat' dir='ltr'>facillus</span> <span class='ocrx_word' id='word_1_291' title='bbox 1429 1355 1460 1375; x_wconf 81' lang='lat' dir='ltr'>se</span> <span class='ocrx_word' id='word_1_292' title='bbox 1481 1345 1597 1374; x_wconf 52' lang='lat' dir='ltr'>extem&amp;</span> 
     </span>
     <span class='ocr_line' id='line_1_26' title="bbox 83 1396 1602 1440; baseline 0.007 -16"><span class='ocrx_word' id='word_1_293' title='bbox 83 1396 246 1439; x_wconf 77' lang='lat' dir='ltr'>splendoris</span> <span class='ocrx_word' id='word_1_294' title='bbox 273 1399 466 1431; x_wconf 84' lang='lat' dir='ltr'>ostentatione</span> <span class='ocrx_word' id='word_1_295' title='bbox 489 1401 593 1430; x_wconf 86' lang='lat' dir='ltr'>attrahi</span> <span class='ocrx_word' id='word_1_296' title='bbox 618 1407 645 1431; x_wconf 85' lang='lat' dir='ltr'>et</span> <span class='ocrx_word' id='word_1_297' title='bbox 661 1402 725 1439; x_wconf 87' lang='lat' dir='ltr'>capi</span> <span class='ocrx_word' id='word_1_298' title='bbox 742 1403 915 1440; x_wconf 84' lang='lat' dir='ltr'>patiuntur,</span> <span class='ocrx_word' id='word_1_299' title='bbox 936 1402 1050 1440; x_wconf 86' lang='lat' dir='ltr'>sibique</span> <span class='ocrx_word' id='word_1_300' title='bbox 1072 1402 1268 1440; x_wconf 86' lang='lat' dir='ltr'>persuadent,</span> <span class='ocrx_word' id='word_1_301' title='bbox 1291 1402 1323 1430; x_wconf 75' lang='lat' dir='ltr'>ea</span> <span class='ocrx_word' id='word_1_302' title='bbox 1347 1406 1459 1429; x_wconf 84' lang='lat' dir='ltr'>ornnem</span> <span class='ocrx_word' id='word_1_303' title='bbox 1482 1397 1602 1434; x_wconf 59' lang='lat' dir='ltr'>refigio-</span> 
     </span>
    </p>
   </div>
   <div class='ocr_carea' id='block_1_3' title="bbox 82 1442 927 1583">
    <p class='ocr_par' dir='ltr' id='par_1_5' title="bbox 82 1442 927 1583">
     <span class='ocr_line' id='line_1_27' title="bbox 82 1442 424 1491; baseline 0.023 -19"><span class='ocrx_word' id='word_1_304' title='bbox 82 1451 149 1491; x_wconf 82' lang='lat' dir='ltr'>nem</span> <span class='ocrx_word' id='word_1_305' title='bbox 168 1454 230 1476; x_wconf 86' lang='lat' dir='ltr'>esse</span> <span class='ocrx_word' id='word_1_306' title='bbox 248 1442 424 1480; x_wconf 88' lang='lat' dir='ltr'>contentam.</span> 
     </span>
     <span class='ocr_line' id='line_1_28' title="bbox 95 1533 927 1583; baseline 0.013 -17"><span class='ocrx_word' id='word_1_307' title='bbox 95 1534 100 1539; x_wconf 85' lang='lat'>&#39;</span> <span class='ocrx_word' id='word_1_308' title='bbox 115 1538 177 1575; x_wconf 82' lang='grc' dir='ltr'>(ι)</span> <span class='ocrx_word' id='word_1_309' title='bbox 196 1542 255 1570; x_wconf 84' lang='lat' dir='ltr'>vid.</span> <span class='ocrx_word' id='word_1_310' title='bbox 274 1545 299 1570; x_wconf 83' lang='lat' dir='ltr'>in</span> <span class='ocrx_word' id='word_1_311' title='bbox 317 1533 402 1578; x_wconf 73' lang='lat' dir='ltr'>Capit.</span> <span class='ocrx_word' id='word_1_312' title='bbox 419 1554 460 1580; x_wconf 76' lang='lat' dir='ltr'>ap.</span> <span class='ocrx_word' id='word_1_313' title='bbox 478 1546 577 1580; x_wconf 72' lang='lat' dir='ltr'>Mami,</span> <span class='ocrx_word' id='word_1_314' title='bbox 594 1555 614 1575; x_wconf 87' lang='lat' dir='ltr'>t.</span> <span class='ocrx_word' id='word_1_315' title='bbox 627 1548 704 1577; x_wconf 84' lang='lat' dir='ltr'>XIII.</span> <span class='ocrx_word' id='word_1_316' title='bbox 722 1557 749 1582; x_wconf 87' lang='lat' dir='ltr'>p.</span> <span class='ocrx_word' id='word_1_317' title='bbox 766 1553 844 1582; x_wconf 70' lang='lat'><strong>¹021·</strong></span> <span class='ocrx_word' id='word_1_318' title='bbox 860 1555 889 1579; x_wconf 84' lang='lat' dir='ltr'>n.</span> <span class='ocrx_word' id='word_1_319' title='bbox 901 1556 927 1583; x_wconf 83' lang='lat'>5.</span> 
     </span>
    </p>
   </div>
   <div class='ocr_carea' id='block_1_4' title="bbox 92 1584 1300 1676">
    <p class='ocr_par' dir='ltr' id='par_1_6' title="bbox 92 1584 1300 1676">
     <span class='ocr_line' id='line_1_29' title="bbox 92 1584 1300 1629; baseline -0.002 -7"><span class='ocrx_word' id='word_1_320' title='bbox 92 1592 99 1598; x_wconf 88' lang='grc'><em>“</em></span> <span class='ocrx_word' id='word_1_321' title='bbox 116 1586 133 1619; x_wconf 91' lang='grc'>(</span> <span class='ocrx_word' id='word_1_322' title='bbox 144 1584 182 1621; x_wconf 80' lang='lat'>2)</span> <span class='ocrx_word' id='word_1_323' title='bbox 203 1589 290 1622; x_wconf 77' lang='lat' dir='ltr'>Capit.</span> <span class='ocrx_word' id='word_1_324' title='bbox 308 1599 331 1619; x_wconf 73' lang='lat'>³·</span> <span class='ocrx_word' id='word_1_325' title='bbox 346 1593 404 1625; x_wconf 83' lang='lat'>805.</span> <span class='ocrx_word' id='word_1_326' title='bbox 420 1596 451 1620; x_wconf 78' lang='lat' dir='ltr'>n.</span> <span class='ocrx_word' id='word_1_327' title='bbox 467 1596 509 1625; x_wconf 87' lang='lat'>36.</span> <span class='ocrx_word' id='word_1_328' title='bbox 527 1603 555 1627; x_wconf 83' lang='lat' dir='ltr'>p.</span> <span class='ocrx_word' id='word_1_329' title='bbox 571 1595 631 1628; x_wconf 81' lang='lat'>675.</span> <span class='ocrx_word' id='word_1_330' title='bbox 649 1603 689 1628; x_wconf 82' lang='lat' dir='ltr'>ap.</span> <span class='ocrx_word' id='word_1_331' title='bbox 711 1596 799 1629; x_wconf 85' lang='lat' dir='ltr'>Bouq.</span> <span class='ocrx_word' id='word_1_332' title='bbox 941 1592 979 1628; x_wconf 86' lang='lat'>(3</span> <span class='ocrx_word' id='word_1_333' title='bbox 993 1593 1007 1628; x_wconf 89' lang='lat'><em>)</em></span> <span class='ocrx_word' id='word_1_334' title='bbox 1028 1595 1056 1621; x_wconf 87' lang='lat' dir='ltr'>In</span> <span class='ocrx_word' id='word_1_335' title='bbox 1071 1595 1123 1620; x_wconf 76' lang='lat' dir='ltr'>vita</span> <span class='ocrx_word' id='word_1_336' title='bbox 1141 1593 1201 1620; x_wconf 79' lang='lat' dir='ltr'>car.</span> <span class='ocrx_word' id='word_1_337' title='bbox 1217 1601 1244 1620; x_wconf 84' lang='lat' dir='ltr'>e.</span> <span class='ocrx_word' id='word_1_338' title='bbox 1258 1593 1300 1620; x_wconf 80' lang='lat'>26.</span> 
     </span>
     <span class='ocr_line' id='line_1_30' title="bbox 94 1630 1260 1676; baseline -0.001 -9"><span class='ocrx_word' id='word_1_339' title='bbox 94 1633 97 1638; x_wconf 55' lang='lat'><em>⁴</em></span> <span class='ocrx_word' id='word_1_340' title='bbox 115 1630 181 1667; x_wconf 82' lang='lat'>(4)</span> <span class='ocrx_word' id='word_1_341' title='bbox 200 1635 332 1670; x_wconf 76' lang='lat' dir='ltr'>Schmidt,</span> <span class='ocrx_word' id='word_1_342' title='bbox 352 1638 515 1672; x_wconf 73' lang='lat' dir='ltr'>Handbucla,</span> <span class='ocrx_word' id='word_1_343' title='bbox 535 1646 553 1666; x_wconf 84' lang='lat' dir='ltr'>t·</span> <span class='ocrx_word' id='word_1_344' title='bbox 569 1641 607 1668; x_wconf 90' lang='lat' dir='ltr'>V.</span> <span class='ocrx_word' id='word_1_345' title='bbox 625 1650 654 1676; x_wconf 86' lang='lat' dir='ltr'>p.</span> <span class='ocrx_word' id='word_1_346' title='bbox 669 1650 730 1675; x_wconf 86' lang='lat'>209.</span> <span class='ocrx_word' id='word_1_347' title='bbox 833 1640 898 1676; x_wconf 88' lang='grc'>(5)</span> <span class='ocrx_word' id='word_1_348' title='bbox 915 1641 1047 1673; x_wconf 82' lang='lat' dir='ltr'>Schmidt,</span> <span class='ocrx_word' id='word_1_349' title='bbox 1066 1648 1092 1674; x_wconf 85' lang='lat' dir='ltr'>p.</span> <span class='ocrx_word' id='word_1_350' title='bbox 1108 1647 1156 1668; x_wconf 81' lang='lat'>211</span> <span class='ocrx_word' id='word_1_351' title='bbox 1171 1660 1179 1673; x_wconf 87' lang='lat'>,</span> <span class='ocrx_word' id='word_1_352' title='bbox 1200 1647 1260 1670; x_wconf 75' lang='lat'>217.</span> 
     </span>
    </p>
   </div>
   <div class='ocr_carea' id='block_1_5' title="bbox 82 1788 149 1802">
    <p class='ocr_par' dir='ltr' id='par_1_7' title="bbox 82 1788 149 1802">
     <span class='ocr_line' id='line_1_31' title="bbox 82 1788 149 1802; baseline 0.015 -1"><span class='ocrx_word' id='word_1_353' title='bbox 82 1788 96 1801; x_wconf 68' lang='lat' dir='ltr'>k</span> <span class='ocrx_word' id='word_1_354' title='bbox 143 1788 149 1802; x_wconf 58' lang='grc' dir='ltr'><em>ὲ</em></span> 
     </span>
    </p>
   </div>
   <div class='ocr_carea' id='block_1_6' title="bbox 810 1861 861 1924">
    <p class='ocr_par' dir='ltr' id='par_1_8' title="bbox 810 1861 861 1924">
     <span class='ocr_line' id='line_1_32' title="bbox 810 1861 861 1924; baseline 0 -12"><span class='ocrx_word' id='word_1_355' title='bbox 810 1861 861 1924; x_wconf 42' lang='lat' dir='ltr'><em>Q</em></span> 
     </span>
    </p>
   </div>
   <div class='ocr_carea' id='block_1_7' title="bbox 856 2101 1587 2138">
    <p class='ocr_par' dir='ltr' id='par_1_9' title="bbox 856 2101 1587 2138">
     <span class='ocr_line' id='line_1_33' title="bbox 856 2101 1587 2138; baseline -0.01 0"><span class='ocrx_word' id='word_1_356' title='bbox 856 2109 884 2138; x_wconf 83' lang='lat' dir='ltr'>E</span> <span class='ocrx_word' id='word_1_357' title='bbox 1325 2110 1327 2113; x_wconf 89' lang='grc'><strong>’</strong></span> <span class='ocrx_word' id='word_1_358' title='bbox 1434 2101 1587 2133; x_wconf 70' lang='lat' dir='ltr'>SECTio</span> 
     </span>
    </p>
   </div>
  </div>
 </body>
</html>
