1919 2511
404 139 628 176 RESPONSIO
657 150 700 173 AD
729 136 1039 180 QUAESTioNEM
1067 135 1294 170 PHYSICAM.
1586 146 1606 174 9

94 229 218 262 maxime
240 218 429 264 carbonicis,
451 227 595 262 solvitur,
618 231 646 254 et
666 224 800 259 deinceps
821 221 917 250 addito
941 221 1022 250 acido
1043 221 1147 249 humus
1170 227 1306 257 praeceps
1325 218 1407 247 datur
1426 217 1506 255 (ι).
1548 217 1607 247 Ve-

96 290 182 316 rum,
203 288 235 311 ut
259 288 335 310 recte
358 278 554 310 animadvertit
572 276 719 311 Kortius,
748 273 790 302 sic
813 272 1000 309 negliguntur
1024 272 1087 300 illae
1113 271 1193 299 humi
1221 276 1337 307 partes,
1371 278 1442 305 quae
1473 270 1507 297 ab
1534 278 1607 305 aqua

97 332 298 370 suscipiuntur
323 332 412 368 (2),
437 337 465 358 et
490 336 608 365 quarum
627 334 765 356 summam
788 331 852 352 esse
874 322 981 358 plantis
1003 329 1031 351 'et
1057 321 1207 351 utilitatem
1236 327 1263 349 et
1286 320 1484 356 praestantiam
1510 320 1609 348 docuit

97 383 289 419 Saussurius,
311 388 344 411 ut
366 387 467 419 postea
481 379 653 409 videbimus.
694 377 734 406 Et
754 383 853 405 revera
869 373 965 402 Kortii
983 373 1124 402 sententia
1143 373 1243 401 exinde
1260 373 1315 409 jam
1332 370 1488 406 probatur,
1509 371 1606 407 quod,

95 436 164 465 licet
187 441 295 464 tantum
320 433 394 462 acidi
418 431 542 461 additum
570 429 630 465 sit,
660 435 797 465 quantum
820 429 854 457 ad
881 428 968 457 sodae
993 428 1195 456 saturationem
1223 424 1363 461 sufficiat,
1392 430 1485 452 tamen
1510 424 1609 459 liquor

95 486 186 515 flavus
212 490 326 520 manet,
347 490 380 512 ut
401 482 464 519 ipse
490 480 607 510 affirmat
630 480 885 515 Hermbstadtius‚
907 485 935 508 et
958 488 1011 516 ego
1037 478 1116 515 vidi3
1151 477 1230 514 quod
1252 483 1328 504 certe
1353 475 1478 508 indicat,
1507 475 1607 503 humo-

95 545 154 565 rem
181 535 273 565 adhuc
297 534 444 564 continere
470 532 548 561 humi
569 537 683 568 parteS,
707 532 788 568 {quas
813 539 885 567 aqua
912 529 1002 559 solvit
1030 538 1082 558 nec
1104 528 1187 558 facile
1213 528 1246 556 de
1275 535 1305 556 se
1333 526 1462 556 dimittit.
1512 524 1606 563 Quam

95 587 132 616 o'b
152 595 211 615 rem
236 586 373 616 Cromius
394 591 511 620 censet,
539 584 655 612 humum
687 583 810 619 primum
835 582 919 617 aquis
946 580 1161 616 excoquendam
1188 587 1271 612 esse,
1299 578 1389 606 donec
1412 578 1499 614 hujus
1525 579 1607 606 color

93 646 154 667 uon
184 637 292 665 diutius
313 642 460 672 mutetur,
481 643 513 664 nt
540 635 626 670 inde,
647 633 774 663 decoctis
806 632 910 669 aquis,
933 639 1046 669 partes,
1077 640 1148 669 quas
1174 629 1378 666 susceperint,
1400 629 1605 665 obtineantur3
1642 635 1646 637 “

95 687 196 716 deinde
221 687 360 723 reliquam
388 687 506 715 humum
539 693 603 714 curn
629 685 766 713 alcalibus
795 685 1005 719 excoquendam
1036 692 1117 718 esse,
1141 683 1232 711 donec
1259 689 1287 710 et
1314 681 1359 709 illa
1391 680 1463 709 nihil
1484 680 1607 715 amplius

93 743 227 777 solvant,
259 748 286 770 et
314 750 348 769 ex
372 740 406 769 iis
431 740 534 769 additis
565 738 653 767 acidis
695 739 805 767 solutas
836 742 930 772 partes
954 734 1125 771 praecipites
1155 734 1270 762 dandas
1319 732 1376 760 Sed
1407 740 1471 760 cum
1498 730 1608 759 videret

93 792 233 829 liquorem
247 812 257 828 ,
276 793 311 821 ad
331 791 534 821 saturationem
559 790 662 819 additis
683 789 794 826 acidis,
810 789 915 818 flavum
935 796 1069 823 manere,
1091 785 1196 823 spiritu
1219 784 1278 814 vini
1300 784 1363 812 illas
1378 783 1470 812 adhuc
1496 783 1607 810 solutas

91 852 187 881 partes
216 843 398 880 deponendas
420 852 484 871 esse
505 842 647 871 existimat
668 842 748 879 (3).

130 896 239 924 Verum
273 895 494 924 animadvertere
529 894 632 929 liceat,
672 900 700 921 et
730 893 801 922 hanc
834 891 972 922 rationem
1006 896 1176 929 quamquam
1206 886 1411 916 accuratiorem
1443 884 1512 912 mihi
1546 891 1605 912 non

90 954 211 983 prorsus
235 947 368 983 placere3
392 946 500 982 quippe
526 953 555 974 et
581 945 622 974 sic
650 945 713 974 illae
730 944 809 973 humi
836 951 931 980 partes
962 942 1168 978 negliguntur,
1191 947 1263 975 quae
1284 945 1378 972 neque
1401 935 1484 971 aquis
1512 942 1607 969 neque

89 997 228 1026 alcalibus
248 999 425 1033 solvuntur,
449 1004 476 1025 et
501 1003 647 1033 praeterea
666 996 796 1024 materies
811 1004 870 1024 non
887 999 1103 1031 cognoscuntur
1119 1000 1187 1026 eae,
1211 998 1281 1026 quae
1301 996 1413 1024 semper
1432 994 1496 1015 cum
1517 987 1605 1014 humo

89 1048 259 1076 commixtae
287 1054 376 1083 sunt,
413 1048 459 1076 vel
491 1056 548 1075 eam
577 1046 767 1076 concomitari
802 1047 910 1075 solent.
963 1044 1055 1081 Igitur
1086 1043 1167 1070 aliam
1197 1040 1325 1076 quaesivi
1356 1046 1383 1067 et
1412 1037 1484 1073 elegi
1510 1037 1605 1071 viam,

91 1108 175 1135 quam
202 1099 231 1127 in
257 1099 345 1126 humo
372 1100 513 1135 cujusque
542 1097 654 1135 generis
678 1094 852 1134 exploranda
873 1104 985 1132 semper
1010 1101 1127 1123 secutus
1152 1101 1229 1121 sum.
1279 1090 1422 1118 Nimirum
1443 1094 1535 1116 certae
1553 1088 1607 1115 hu-

90 1150 128 1178 mi
149 1149 302 1186 ¹quantitati
314 1157 406 1185 aquas
425 1158 512 1186 puras
537 1148 644 1185 affudi,
672 1155 742 1186 post
764 1148 907 1184 quoddam
926 1154 1040 1183 tempus
1065 1154 1111 1174 eas
1137 1153 1188 1181 per
1210 1143 1334 1171 chartam
1359 1139 1476 1175 colavi,
1498 1145 1525 1167 et
1544 1146 1606 1174 per·

88 1202 195 1230 colatas
228 1200 399 1237 exploravi,
430 1207 462 1228 ut
493 1199 663 1235 definirem,
700 1207 837 1235 quaenam
862 1197 1005 1234 principia
1032 1204 1122 1232 aquae
1153 1193 1272 1230 frigidae
1302 1191 1367 1220 illae
1393 1189 1604 1226 suscepissent.

89 1251 176 1281 Tunc
208 1251 323 1279 eandem
351 1251 470 1279 humum
498 1250 606 1279 tamdiu
631 1249 755 1285 excoxi,
786 1248 921 1284 quamdiu
949 1256 1038 1284 aquae
1067 1244 1294 1278 colorabantur,
1324 1249 1351 1270 et
1376 1242 1425 1270 has
1447 1242 1607 1279 percolatas

87 1303 163 1331 haud
187 1311 241 1331 una
271 1304 380 1331 ratione
405 1301 566 1338 exploravi.
613 1300 689 1331 Dein
718 1300 844 1336 reliquas
871 1300 950 1330 humi
983 1306 1079 1336 partes
1105 1297 1228 1334 primurn
1256 1293 1362 1331 spiritu
1390 1292 1449 1321 vini
1486 1290 1605 1320 tractavi

89 1362 118 1383 et
141 1355 205 1384 dein
231 1355 323 1383 addita
352 1362 467 1390 potassa
496 1354 601 1382 tamdiu
623 1352 746 1388 dccoxi,
771 1351 906 1387 quamdiu
934 1351 1031 1386 liquor
1053 1348 1257 1382 colorabatur,
1289 1346 1411 1373 solutam
1449 1351 1518 1372 vero
1548 1342 1605 1370 ma-

88 1406 186 1439 teriem
211 1405 292 1434 acido
312 1405 538 1442 hydroclilorico
561 1406 607 1433 vel
632 1404 802 1440 sulphurico
822 1404 914 1433 diluto
938 1402 1083 1441 deposui,
1110 1399 1315 1437 depositaeque
1338 1403 1466 1425 naturam
1494 1393 1606 1430 quaesi-

87 1457 128 1488 vi.
171 1457 247 1486 Tum
276 1457 396 1492 reliquis
421 1457 531 1485 tandem
555 1455 634 1485 humi
663 1456 813 1492 partibus,
835 1456 903 1485 atris
926 1455 983 1483 illis
999 1474 1010 1490 ,
1030 1461 1124 1489 neque
1149 1451 1233 1487 aquis
1260 1457 1355 1484 neque
1388 1445 1524 1475 alcalibus
1547 1445 1607 1473 sol-

87 1509 209 1543 vendis,
239 1507 327 1536 affudi
356 1507 467 1535 acidum
491 1507 648 1544 niti-icum,
678 1516 736 1543 quo
765 1506 863 1543 sacto,
893 1508 988 1535 calore
1020 1505 1103 1533 etiam
1125 1510 1232 1537 aucto,
1261 1500 1362 1536 partim
1385 1498 1419 1526 ab
1442 1498 1516 1533 aquai
1541 1505 1606 1532 par-

88 1562 138 1590 tim
163 1570 179 1589 a
202 1560 307 1597 spiritu
332 1559 392 1588 vini
415 1558 544 1588 materies
574 1559 795 1595 suscipiebatur.
837 1558 974 1594 Denique
997 1557 1111 1585 ultimas
1142 1553 1222 1583 humi
1247 1558 1341 1588 partes
1364 1549 1441 1584 ussi,
1470 1550 1547 1577 aeres
1574 1547 1603 1576 in

87 1612 227 1649 excipulis
251 1610 436 1648 comparavi,
466 1611 496 1640 in
522 1612 612 1639 altero
641 1619 708 1639 vase
735 1610 879 1647 reperiens
905 1608 1044 1645 quicquid
1066 1614 1160 1642 neque
1182 1605 1254 1641 aqu-i
1278 1611 1371 1638 neque
1394 1601 1531 1631 alcalibus
1553 1609 1603 1629 ne·

93 1672 150 1699 que
164 1663 245 1693 acido
265 1663 471 1699 susciperetur.
513 1662 607 1699 Quam
629 1662 708 1690 humi
734 1662 860 1698 analysis
883 1660 1020 1690 rationem
1033 1678 1045 1695 ,
1065 1657 1170 1687 lubens
1191 1654 1351 1692 profiteor,
1373 1662 1433 1682 non
1449 1651 1513 1690 „nisi
1533 1658 1602 1688 post

87 1714 188 1743 crebra
210 1714 340 1743 instituta
365 1713 556 1750 experimenta
576 1712 684 1742 inveni·

125 1765 283 1801 Postquam
307 1772 398 1794 autem
423 1764 541 1801 Physici
559 1763 639 1792 vario
661 1764 747 1793 modo
768 1764 887 1793 humum
907 1764 1056 1800 explorare
1076 1764 1255 1796 coeperunt,
1278 1765 1337 1787 eam
1359 1756 1441 1786 valde
1460 1755 1602 1785 diversam

88 1817 281 1853 invenerunt,
314 1817 433 1855 eiusque
461 1817 513 1846 tria
542 1817 699 1854 praecipua
728 1822 888 1853 posuerunt
910 1822 1029 1852 genera,
1051 1819 1079 1841 et
1097 1810 1290 1841 distinxerunt
1310 1809 1424 1838 humum
1444 1809 1600 1845 pinguem,

1547 1857 1602 1885 lm-

124 1949 187 1984 (1)
207 1951 267 1977 Vid.
296 1950 463 1977 Hermbmadt
490 1952 514 1977 in
540 1950 662 1984 Mag-izin
687 1950 731 1977 der
750 1948 1016 1977 Naturforschenden
1039 1944 1216 1972 Geseltschaft
1237 1944 1262 1970 in
1283 1943 1389 1973 Berlin,
1406 1941 1539 1976 flfihrhang
1561 1938 1599 1965 V.

88 1998 195 2030 Quartat
214 2006 239 2025 2.
264 2006 323 2031 pag.
340 2003 397 2030 124,
1058 2007 1061 2008 ν

125 2043 191 2078 (2)
211 2044 270 2070 Vid.
289 2045 368 2070 Korre
387 2046 411 2070 in
430 2045 561 2071 Hermbst.
579 2045 690 2072 Archiv.
708 2045 740 2071 B.
753 2044 815 2071 VII.
833 2051 891 2076 pag.
907 2051 950 2076 90.

128 2090 195 2124 (3)
215 2091 273 2119 Vid.
293 2093 405 2124 Crmne,
425 2092 634 2126 Agronomische
652 2093 781 2125 Beijtrage
796 2091 821 2116 in
838 2091 973 2117 Hermbst.
994 2087 1104 2115 Archiv.
1122 2087 1154 2114 B.
1171 2085 1207 2112 V.
1222 2088 1349 2118 pag-355.
1384 2081 1457 2107 1812.
