1919 2511
302 175 340 205 32
641 167 820 201 ἎΝΤΟΝῙῙ
840 168 1017 201 HENRICI
1036 178 1103 201 vau
1121 176 1188 201 nna
1207 169 1323 203 BOON
1341 171 1489 204 MESCH

307 257 368 279 tere
390 258 507 281 necesse
524 257 579 280 est.
621 252 694 282 lllud
712 259 804 283 tamen
827 253 941 282 minime
961 253 1160 290 negligendum
1176 261 1220 284 est
1237 261 1387 292 potassae‚
1408 256 1495 285 sodae
1510 255 1561 285 sed
1576 255 1705 292 inprimis
1723 258 1811 288 calcis

304 302 469 339 adjumento
503 303 619 331 humum
646 304 767 333 celerius
792 304 917 340 arripere
940 304 1012 333 aeris
1040 305 1232 342 oxygenium‚
1264 307 1343 342 quod
1366 313 1395 335 et
1420 305 1575 336 Einhofius
1594 307 1757 338 observavit
1784 315 1813 338 et

306 353 361 382 hoc
383 353 580 390 experimento
600 354 720 390 probare
740 363 873 391 possum.

359 404 392 433 ln
426 412 548 441 quatuor
575 406 719 442 campanis
749 407 891 442 oxygenio
920 405 1046 441 impletis
1073 406 1159 442 posui
1191 407 1309 436 humum
1340 407 1485 437 'diversam
1503 427 1515 444 ,
1553 416 1657 445 nempe
1686 417 1769 438 unam
1797 418 1813 438 e

303 455 376 484 silva
398 456 554 485 desumtam
587 463 615 484 et
639 465 653 483 e
683 456 915 492 putrescentibus
939 455 1019 485 foliis
1050 463 1079 486 et
1107 457 1211 493 plantis
1235 464 1350 494 natam3
1378 459 1494 487 alteram
1523 466 1556 487 ex
1579 467 1648 495 agro
1672 467 1731 489 non
1758 460 1816 489 nisi

302 507 373 536 fimo
400 515 551 535 vaccarum
574 513 753 543 stercorato,
782 513 869 543 atque
892 506 943 536 uni
967 507 1117 544 utriusque
1143 507 1222 536 humi
1244 508 1403 538 addidimus
1427 510 1544 538 calcem.
1584 508 1655 538 Post
1678 516 1815 545 quatuor-

303 557 392 586 decim
410 557 469 586 dies
488 557 518 586 in
537 566 582 586 eas
601 566 770 595 campana-s,
791 557 820 587 in
838 557 943 594 quibus
958 558 1063 587 humus
1079 558 1175 595 posita
1191 565 1250 588 erat
1266 568 1331 588 cum
1348 561 1443 596 calce,
1467 567 1539 596 aqua
1556 558 1615 588 fere
1638 561 1673 597 1}
1690 560 1813 596 pollices

302 608 506 644 adscenderat,
542 609 608 637 dum
636 609 665 638 in
690 611 791 638 alteras
817 608 866 638 vix
889 611 910 649 {-
936 609 1052 646 pollicis
1079 609 1260 639 adscendisse
1286 610 1445 641 videbatur.
1491 612 1526 640 In
1542 610 1607 639 fillis
1631 619 1705 647 aqua
1727 611 1814 640 calcis

303 661 423 688 multum
447 660 623 689 monstrabat
646 660 719 689 acidi
742 660 908 693 carbonici,
934 660 964 690 in
990 659 1035 688 his
1055 668 1123 689 vero
1149 660 1197 689 vix
1222 660 1404 690 turbabatur.
1443 660 1492 690 Sic
1510 661 1597 697 igitur
1618 664 1695 690 calce
1709 662 1814 691 humus

302 710 494 746 dissolvitur,
523 712 590 747 plus
614 711 686 739 acidi
712 711 857 740 carbonici
884 711 1048 746 exhalatur,
1076 712 1138 748 ejus
1166 718 1320 740 extractum
1352 720 1425 747 aqua
1456 711 1610 740 insolubile
1634 721 1665 741 ea
1691 712 1815 742 solvitur

304 769 331 790 et
354 761 481 797 reliquae
506 761 657 790 mutationi
684 768 711 790 et
736 763 894 798 plantarum
919 760 1072 790 nutritioni
1094 760 1189 796 aptior
1215 762 1260 791 fit.
1301 762 1448 791 ,Rationes
1474 769 1592 796 autem,
1622 763 1728 798 quibus
1747 764 1815 792 ‘calx

303 814 345 841 sic
377 812 407 842 in
433 812 551 841 humum
577 819 667 848 agat,
697 813 857 841 adhucdum
889 820 990 841 omnes
1014 811 1133 841 omnino
1159 812 1294 848 explicari
1323 819 1498 848 nequeunt3
1534 812 1690 841 verisimile
1720 820 1815 843 tamen

301 864 416 892 videtur
439 863 510 893 hanc
534 871 565 892 se
589 863 639 892 uni
660 863 799 899 alterique
827 863 907 891 humi
933 862 1008 899 parti
1034 863 1176 900 jungere,
1203 862 1276 891 unde
1301 862 1509 899 principiorum
1531 863 1610 891 humi
1634 864 1816 893 cohaerentia

302 914 435 950 tollitur,
458 922 615 950 eorumque
640 922 731 942 novae
750 914 1058 950 fiuntcopmarioneS.
1099 913 1167 942 Alio
1194 915 1281 943 modo
1298 916 1372 944 enim
1391 914 1525 950 explicari
1549 914 1650 951 nequit
1679 922 1815 944 constans

304 965 352 993 illa
377 964 562 1000 observatio,
595 966 699 993 calcem
729 966 926 994 tantummodo
950 973 1010 1002 >per
1035 965 1147 1000 aliquot
1166 973 1257 995 annos
1284 966 1369 995 hasce
1402 972 1560 995 monstrare
1586 965 1683 1001 vires,
1711 973 1818 1002 easque

304 1016 438 1053 deinceps
455 1016 598 1051 diminui,
619 1015 688 1044 licet
712 1017 806 1044 solum
826 1016 916 1044 adhuc
934 1017 1049 1044 humum
1069 1016 1235 1053 contineatg
1260 1018 1339 1053 quod
1362 1018 1444 1047 etiam
1467 1018 1606 1054 probatur
1625 1016 1818 1053 experientia,

302 1076 386 1104 agros
413 1069 535 1096 multum
564 1067 650 1095 calcis
675 1067 875 1103 continentes,
905 1068 929 1096 si
956 1067 991 1096 iis
1011 1075 1088 1096 nova
1108 1068 1226 1096 addatur
1247 1067 1332 1096 calcis
1351 1068 1433 1104 sopia
1447 1089 1457 1103 ,
1485 1067 1641 1096 ferti110res
1660 1067 1722 1096 fieri
1742 1067 1816 1104 (1).

341 1118 430 1155 Quod
446 1118 481 1147 de
500 1119 576 1147 calce
595 1117 717 1146 diximus
728 1138 738 1153 ‚
760 1118 833 1147 idem
851 1118 1001 1147 dicendum
1020 1124 1063 1146 est
1079 1119 1114 1146 de
1130 1118 1229 1154 argilla
1245 1119 1323 1147 alba.
1358 1117 1489 1148 Constat
1504 1118 1578 1147 enim
1595 1126 1680 1154 agros
1697 1118 1820 1148 celerius

303 1168 458 1198 fertilitatis
481 1177 548 1197 suae
567 1169 718 1197 ostendere
737 1168 928 1205 documenta,
958 1169 988 1198 in
1008 1178 1082 1204 quos
1100 1170 1147 1197 vel
1171 1168 1256 1197 fimus
1280 1170 1434 1197 vellatum
1453 1177 1519 1197 cum
1538 1168 1637 1205 argilla
1656 1168 1720 1198 alba
1739 1178 1819 1198 com-

303 1219 422 1248 mixtum
443 1218 581 1255 effertur,
604 1227 686 1254 quam
706 1219 769 1248 sine
794 1219 843 1248 illa
862 1219 956 1248 addita
972 1219 1054 1256 (2).
1095 1219 1172 1247 Haec
1195 1219 1282 1256 igitur
1302 1219 1396 1247 omnia
1414 1227 1478 1247 cum
1500 1226 1689 1255 reputemus,
1711 1220 1819 1250 intelli·

303 1270 395 1306 gimus
421 1277 568 1302 caussam,
606 1277 692 1305 quare
721 1269 780 1306 agri
807 1270 926 1299 omnino
951 1269 1039 1297 humo
1067 1269 1218 1305 priventur
1246 1276 1274 1298 et
1306 1269 1419 1298 steriles
1445 1269 1536 1305 fiant,
1573 1270 1604 1299 in
1632 1279 1706 1306 quos
1732 1272 1820 1300 multa

303 1322 365 1349 calx
381 1321 427 1349 vel
452 1320 550 1356 argilla
574 1319 658 1355 alb‘a,
686 1329 745 1349 non
772 1329 840 1350 vero
862 1321 1000 1357 deinceps
1016 1319 1102 1349 etiam
1119 1320 1205 1349 fimus
1226 1319 1380 1356 efferatur3
1409 1326 1437 1348 et
1454 1320 1517 1356 ipsa
1534 1320 1614 1348 humi
1634 1321 1771 1350 alcalibus
1792 1327 1820 1349 et

305 1371 449 1400 cineribus
467 1370 587 1399 mutatio
604 1377 633 1400 et
652 1372 809 1401 destructio
830 1372 934 1409 probat
946 1393 957 1409 ‚
975 1373 1086 1401 summa
1104 1372 1213 1400 cautela
1233 1379 1264 1399 ea
1285 1379 1348 1399 esse
1377 1370 1555 1406 adhibenda,
1575 1371 1707 1407 quoniam
1726 1371 1819 1407 primo

303 1430 378 1451 anno
406 1422 520 1457 quidem
539 1423 638 1451 laetam
659 1422 756 1451 ferunt
775 1430 898 1460 segetem
918 1424 997 1461 agri,
1019 1423 1155 1460 deinceps
1180 1431 1271 1458 vero,
1299 1423 1445 1451 destructa
1470 1422 1505 1451 iis
1524 1421 1584 1450 fere
1609 1423 1688 1452 omni
1706 1423 1819 1458 humo,

304 1472 386 1501 valde
411 1473 523 1501 steriles
543 1472 629 1502 fiunt.
670 1473 725 1501 Sed
747 1474 872 1510 argillam
898 1482 1078 1503 communem
1097 1483 1129 1503 se
1159 1474 1241 1502 etiam
1263 1473 1390 1502 chemiee
1413 1474 1566 1511 adjungere
1585 1473 1695 1509 humo,
1725 1473 1822 1502 existi·

306 1530 362 1551 mat
382 1522 547 1558 Thaerius,
577 1523 684 1560 quippe
711 1525 743 1553 ea
770 1525 857 1562 hujus
885 1527 967 1554 color
986 1526 1068 1554 valde
1093 1531 1237 1560 mutatui-3
1261 1533 1344 1560 quam
1365 1524 1533 1554 sententiam
1557 1524 1694 1560 deinceps
1717 1524 1822 1560 proba-

305 1573 360 1603 vit.
401 1573 482 1602 Vidit
509 1573 581 1603 enim
607 1574 755 1611 argillam,
788 1584 859 1612 quae
885 1583 1010 1605 ceterum
1034 1577 1145 1606 nullum
1169 1575 1249 1604 humi
1273 1575 1403 1604 contenti
1423 1581 1595 1605 monstraret
1612 1575 1734 1611 indicia,
1756 1576 1821 1612 igne

308 1625 416 1660 nigram
443 1624 505 1653 fieri
530 1631 558 1653 et
584 1626 712 1655 exhalare
740 1626 948 1663 hydrogeniurn
969 1627 1175 1662 carbonicum;
1197 1626 1263 1655 dein
1280 1635 1350 1655 vero
1369 1626 1482 1663 nigrum
1502 1627 1629 1655 colorem
1652 1634 1822 1655 evanescere

309 1681 337 1703 et
357 1675 470 1711 pondus
495 1676 577 1705 valde
603 1676 773 1706 diminutum
796 1686 870 1707 esse.
908 1677 1087 1709 Observavit
1102 1676 1184 1706 etiam
1206 1682 1294 1705 terras
1315 1685 1331 1706 a
1353 1677 1449 1706 fluviis
1470 1676 1614 1713 depositas
1637 1676 1694 1705 albi
1714 1677 1820 1705 coloris

310 1734 391 1761 esse,
420 1732 469 1762 et,
498 1734 563 1754 cum
591 1735 626 1755 ex
649 1727 748 1756 haruin
773 1726 920 1756 fertilitate
949 1728 1135 1757 concluderet
1157 1735 1207 1757 eas
1233 1729 1279 1756 vel
1306 1728 1422 1756 humum
1447 1728 1494 1756 vel
1513 1727 1594 1756 aliam
1615 1727 1681 1755 huic
1700 1727 1821 1756 similem

308 1776 457 1805 continere
480 1776 646 1812 materiem,
679 1777 729 1806 has
761 1779 942 1815 exploravit,
973 1785 1001 1807 et
1020 1779 1138 1807 humum
1157 1777 1255 1806 intime
1277 1778 1437 1815 adJ'unctam
1455 1778 1570 1814 argillae
1587 1777 1732 1806 invenisse
1753 1778 1822 1806 scri-

310 1827 352 1856 bit
370 1826 445 1865 (3>.
472 1826 566 1865 Quam
586 1827 702 1857 Thaerii
717 1829 884 1859 sententiam
903 1836 931 1860 et
948 1829 1127 1859 Schublerus
1149 1828 1215 1867 (4)
1235 1834 1263 1857 et
1281 1828 1491 1858 Schubarthius
1513 1829 1583 1866 (ς)
1603 1828 1819 1858 confirmarunt.

1753 1880 1823 1910 >Nos

348 1943 411 1978 (1)
425 1944 491 1972 ’Ἦὼ
510 1945 660 1972 Einhof=in
685 1947 817 1975 Hermbst.
835 1949 853 1976 l.
870 1949 888 1975 1.
907 1956 966 1982 pag.
980 1955 1029 1982 349
1046 1956 1071 1976 et
1085 1957 1159 1983 seqq.

348 1991 415 2026 (ε)
431 1990 493 2018 Vid.
511 1992 586 2024 Davy
603 1993 622 2019 l.
640 1993 658 2020 Ι.
676 2001 702 2026 p.
718 1996 784 2027 378,
803 2000 830 2020 et
849 1994 978 2022 Vei-hand.
996 2003 1045 2021 van
1068 1995 1101 2021 de
1124 1996 1313 2029 Maatschappij
1333 2003 1380 2021 van
1402 1994 1539 2022 landbonw
1557 2002 1580 2022 te
1600 1995 1686 2022 Amst.
1711 2000 1774 2022 tom.
1791 1994 1822 2020 X.

316 2038 375 2063 stul<
395 2046 421 2064 2.
443 2045 470 2070 p.
488 2044 544 2069 130.

349 2083 415 2117 (3)
434 2083 494 2109 Vid.
512 2083 604 2110 Thaer.
623 2085 641 2111 l.
661 2085 678 2110 l.
697 2091 724 2116 p.
746 2092 806 2114 111.

350 2130 418 2163 (4)
437 2129 497 2156 Vid.
516 2129 641 2156 Schubler
664 2131 689 2155 in
711 2131 807 2158 Annot.
824 2133 853 2158 ad
875 2133 1007 2167 Chaptalii
1025 2135 1119 2168 Agric.
1138 2134 1233 2163 Chem.
1255 2134 1287 2161 B.
1303 2134 1338 2162 11.
1355 2143 1382 2168 p.
1398 2135 1458 2168 328.

350 2175 412 2208 (5)
432 2173 493 2202 Vid.
512 2175 654 2203 Schubarth
673 2177 690 2204 1.
709 2177 727 2203 1.
744 2185 770 2210 p.
789 2185 818 2211 4¹
844 2186 869 2205 et
886 2187 959 2213 seqq.

1720 2122 1785 2134 ιι)
