1919 2511
646 105 1049 141 ORATIO.
1546 119 1592 145 u

182 201 360 240 Quaenam
381 197 467 231 eheu
488 197 633 232 viximus
657 202 826 243 tempora!
850 218 891 226 -
930 200 1057 243 quoties
1077 198 1175 233 nobis
1197 199 1373 234 videbatur
1398 201 1505 245 patria
1519 227 1528 245 ,
1553 210 1586 236 et

116 265 194 288 cum
214 257 319 299 patria
328 254 508 289 Academia
519 261 632 289 nostra
652 257 783 299 penitas
795 255 958 289 interiisse
970 262 1019 298 ,ct
1035 261 1146 290 tamen
1157 281 1167 298 ,
1186 263 1317 300 praeter
1335 269 1472 291 omnem
1487 269 1582 303 spem

116 311 321 354 humanam,
343 313 570 346 humanarum
598 324 713 346 rerum
743 325 996 346 MODERATOR
1019 312 1189 357 probavit,
1213 324 1233 346 a
1255 327 1315 356 sn,
1336 319 1368 348 et
1391 326 1412 348 a
1436 328 1482 348 sn
1503 327 1584 348 uno

113 368 250 403 unicum
273 370 433 402 auxilium
455 380 526 402 esse
543 370 741 413 petendum,
762 379 864 414 seque
886 369 1070 414 suipopuli
1092 381 1162 404 non
1181 369 1339 405 oblivisci.

177 426 380 458 Desumtum
410 437 453 459 ex
483 426 620 459 florente
649 426 849 460 Academiae
873 432 962 460 statu
984 428 1160 471 augurium
1184 428 1319 460 ineunte
1339 427 1473 469 seculo,
1496 427 1587 470 quod

115 490 207 514 nunc
226 483 379 525 vivimus,
410 483 529 526 tertio,
553 483 660 517 minus
685 483 763 516 felix
787 483 858 517 fuit.
882 503 925 508 —
957 487 1172 527 Quamquam
1193 485 1308 527 primis
1337 484 1472 528 quidem
1488 484 1590 517 seculi

93 537 217 580 ,hujus
251 541 348 572 annis
378 542 491 574 omnia
530 540 748 573 laetissimam
783 539 966 573 offerebant
1000 540 1140 582 faciem,
1173 532 1504 584 antiquissimamque
1539 539 1589 572 fa-

113 605 227 637 mam,
250 607 311 639 per
340 602 448 630 totum
478 595 645 631 literatum
670 597 788 631 orbem
819 597 974 630 tuebatur
1003 598 1151 631 virorum
1180 597 1363 629 eruditione
1380 607 1460 640 prae
1477 592 1591 629 omni-

113 650 177 684 bus
202 652 430 686 excellentium
457 653 596 694 cohors;
618 660 649 687 et
671 654 891 695 discentium,
915 664 957 686 ex
983 654 1083 687 variis
1109 658 1217 686 terrae
1244 652 1432 696 regionibus
1455 651 1592 691 affluen-

113 709 217 751 tium,
243 719 406 742 numerus
428 709 582 743 facillime
610 710 794 754 probabat,
817 711 853 742 in
878 709 943 743 hac
969 708 1174 753 amplissima
1194 708 1362 742 bonarum
1386 707 1511 741 artium
1540 718 1591 740 se⁴

112 763 154 796 de
173 765 328 807 juvenilia
354 767 483 810 ingenia
506 767 550 800 ad
570 777 684 801 veram
705 772 883 800 accuratae
915 771 1233 809 consummataeque
1264 765 1435 798 doctrinae
1457 764 1608 797 laudem·

113 819 210 862 duci,
235 832 341 865 neque
366 822 419 855 hic
440 823 573 855 furnum
596 833 657 866 pro
682 823 808 866 fulgore
830 821 939 856 vendi.

178 877 300 910 Felicia
326 877 381 911 illa
402 883 553 921 tempora
575 890 644 912 non
670 879 807 911 fuerunt
837 877 1041 916 constantim
1075 875 1205 918 turbis,
1237 876 1407 910 discordiis
1437 875 1588 911 civilibus

115 934 270 975 quassata
293 936 403 968 nostrfi
433 935 539 977 patria
566 936 679 975 intus;
703 934 788 967 bello
811 932 902 977 apud
926 938 1057 965 exteros
1082 938 1184 974 nato,
1208 938 1241 965 et
1262 932 1306 966 ad
1326 943 1388 966 nos
1412 933 1591 973 translato,

114 988 186 1022 fieri
207 990 371 1032 nequivit,
387 989 468 1033 quin
489 1001 643 1021 PALLAs
664 1001 887 1022 LEIDENSIS
909 989 997 1021 male
1021 988 1209 1022 afficeretur
1221 1011 1233 1030 ,
1257 995 1289 1021 et
1304 1000 1367 1022 nec
1386 987 1581 1021 docentibus

113 1054 176 1077 nec
206 1044 408 1079 discentibus
441 1054 481 1084 ea
507 1044 743 1079 concederetur
773 1045 1011 1089 tranquillitas,
1047 1055 1112 1088 qua
1144 1046 1253 1078 omnis
1280 1047 1459 1079 Musarum
1484 1045 1589 1079 cultor

112 1100 199 1141 adeo
214 1102 344 1146 indiget.-

179 1157 244 1191 Sed
270 1159 341 1193 velo
363 1160 492 1193 tristem
513 1158 604 1197 illam
629 1168 767 1191 scenam
796 1155 1025 1191 obducamus:
1058 1156 1088 1190 si
1118 1156 1207 1190 enim
1235 1148 1441 1193 acerbissimi
1462 1165 1588 1204 tempo-

112 1214 160 1246 ris
181 1214 346 1248 memoria
372 1221 457 1249 esset
484 1215 671 1250 revocanda
685 1238 696 1256 ,
727 1213 837 1258 diem,
869 1223 1005 1256 vocem,
1029 1213 1131 1247 latera
1156 1224 1211 1247 me
1233 1213 1403 1249 defectura
1431 1225 1504 1250 esse
1533 1225 1590 1260 ειη

112 1268 226 1305 bitrer.

178 1327 341 1361 Dolemus
373 1329 507 1372 saepius
544 1328 659 1362 fuisse
682 1326 855 1361 turbatam
884 1325 1131 1366 Academiam;
1171 1326 1459 1370 immunitatibus,-
1493 1326 1587 1362 aliis⁴

112 1392 176 1427 que
210 1383 383 1428 privilegiis
402 1408 412 1426 ,
441 1395 530 1429 quae
559 1396 603 1418 ex
639 1383 893 1428 sapientissimis
926 1384 1094 1426 majorum
1128 1384 1284 1416 institutis
1322 1383 1366 1417 ad
1396 1385 1468 1425 ejus
1500 1384 1588 1417 cele·-

112 1439 266 1473 britatem
289 1453 358 1475 non
384 1452 506 1485 parum
531 1442 756 1482 contulerant,
786 1439 967 1479 orbatam3
990 1440 1059 1471 imo
1088 1437 1266 1481 aliquando
1295 1438 1368 1472 loco
1390 1447 1452 1470 suo
1470 1443 1503 1471 et
1520 1437 1586 1472 ho·-

113 1505 194 1528 nore
226 1495 398 1529 destitutos
434 1497 535 1530 Viros
564 1497 772 1530 clarissimos
787 1520 796 1538 ‚
829 1505 974 1539 quorum
1010 1495 1045 1528 in
1075 1494 1174 1527 literis
1207 1493 1335 1527 famam
1373 1493 1464 1527 nulla
1495 1493 1588 1528 dele-

112 1551 161 1590 bit
181 1551 251 1584 dies
274 1551 345 1595 (b).
1605 1543 1611 1551 '

176 1606 383 1651 calamitosis
399 1606 491 1651 hisce
509 1606 625 1651 diebus
641 1607 802 1652 terminus
817 1606 945 1653 imponi
962 1605 1137 1651 videbatur
1148 1631 1157 1647 ,
1182 1616 1288 1652 quum
1303 1605 1457 1651 tandem,
1482 1615 1587 1650 quas-
1608 1636 1613 1647 ‚

113 1666 183 1704 sata
203 1664 246 1698 ab
273 1663 366 1698 omni
384 1670 484 1708 parte⁴
500 1663 623 1708 patria,
647 1662 810 1700 exhausto
836 1668 868 1695 et
886 1662 971 1696 bello
997 1668 1029 1696 et
1052 1661 1159 1696 turbis
1187 1661 1340 1697 civilibus*
1359 1662 1490 1696 aerario
1518 1672 1586 1707 pus·
1609 1689 1613 1693 .

113 1720 217 1764 blico„
241 1721 368 1759 devicto
384 1710 612 1765 pssopuloxnnx
635 1719 798 1764 dabatur,
823 1719 1009 1765 etquidem
1027 1720 1229 1763 peregrinus.
1610 1759 1612 1762 Α

180 1779 375 1821 flicrenim,
397 1779 549 1822 quamvis
572 1789 614 1812 ex
637 1778 701 1811 alia
729 1777 861 1815 natione
886 1781 1020 1822 natus,³
1038 1786 1148 1808 mores
1167 1778 1311 1815 Batavos
1338 1780 1450 1810 tamen
1476 1773 1587 1818 magni

116 1835 259 1877 faciens,
291 1840 324 1868 et
351 1835 454 1870 invito
482 1834 584 1874 fratre
614 1833 759 1872 indolem
791 1836 963 1872 Batavam,
981 1833 1074 1870 alens
1094 1857 1104 1875 ‚
1143 1842 1360 1876 quaecunque
1392 1832 1487 1866 novis
1517 1831 1587 1863 suis

115 1890 250 1934 civibus:
282 1902 367 1931 cam.-
392 1897 506 1935 erant,
540 1890 603 1925 sihi
640 1901 740 1925 curae
771 1890 1078 1937 cordiquehahere
1107 1888 1280 1924 videbatur
1292 1901 1318 1939 ;¹
1340 1898 1448 1932 neque
1484 1885 1587 1920 dubi-

165 1963 167 1965 >
1507 1949 1587 1976 tan-

154 2036 212 2066 (b)
228 2035 299 2060 Conf.
314 2043 335 2059 s.
351 2043 375 2058 a.
391 2043 427 2058 τι
446 2043 529 2058 wau
540 2043 554 2058 ι
565 2051 571 2062 ,
596 2034 703 2059 Narratio
729 2036 758 2062 de
782 2038 853 2060 rebus
871 2035 1013 2060 Academiae
1036 2033 1113 2066 Lugd.
1140 2034 1190 2059 Bu.
1212 2033 1299 2058 Secula
1317 2032 1398 2057 xvm
1415 2031 1533 2064 prosperis
1553 2035 1577 2054 et

127 2079 241 2107 adversis,
258 2078 333 2110 Lugd.
346 2079 397 2102 But.
419 2080 485 2102 1802.
500 2085 555 2110 pag.
570 2083 607 2106 33-

854 2126 932 2156 132
