1919 2511
286 178 323 206 24
630 169 810 200 ANTONIl
830 166 1008 198 HENRICI
1028 175 1094 197 vau
1114 175 1182 198 nnn
1204 166 1318 198 BOON
1338 166 1483 199 MESCH

287 254 378 281 a'e'rem
409 258 524 289 experta
550 256 613 286 est,
642 251 677 280 iis
701 251 761 281 fere
788 252 906 282 omnino
933 257 977 280 est
1000 249 1158 287 destituta3
1186 259 1221 280 ea
1248 260 1339 288 vero,
1371 259 1442 287 quae
1468 251 1515 281 vel
1543 259 1637 287 aqua,
1666 252 1713 281 vel
1740 251 1803 280 aliis

289 302 398 332 caussis
426 302 460 331 ab
484 303 548 332 aete
571 303 684 331 exclusa
709 302 785 339 fuit,
809 309 869 332 tota
894 302 1046 338 aliquando
1069 309 1102 330 ex
1128 302 1163 330 iis
1179 308 1311 338 constat3
1341 303 1416 331 unde
1441 301 1523 331 etiam
1544 309 1657 338 semper
1684 301 1804 330 humum

287 351 396 384 acidam
432 354 675 383 concomitantur.
716 356 813 390 Atque
833 363 898 382 cum
924 361 1038 389 semper
1063 353 1093 382 in
1114 352 1200 390 hujus
1223 352 1301 381 humi
1322 352 1473 389 praecipue
1499 351 1604 381 infimis
1631 351 1728 381 stratis
1751 352 1806 380 ob-

291 412 461 442 servantur,
483 406 612 442 adeoque
641 411 709 434 sunt
734 404 907 434 vetustiores
921 425 931 440 ,
953 404 1094 433 existimat
1114 404 1257 440 Kortius,
1279 404 1368 440 ipsam
1393 404 1510 432 humum
1535 402 1642 432 acidam
1672 409 1802 439 tempore

290 457 322 486 in
345 457 395 485 has
416 456 518 485 murari
547 455 713 484 carbonicas
736 461 834 492 partes
855 454 933 492 (1).
974 454 1132 483 Enimvero
1158 453 1182 482 si
1210 454 1424 483 consideremus
1450 455 1536 491 loca,
1563 454 1592 483 in
1619 453 1724 490 quibus
1749 453 1803 482 hu-

290 517 354 536 mus
382 506 460 535 acida
483 506 648 542 invenitur,
671 512 699 535 et
728 505 909 535 conditiones
935 504 1040 541 quibus
1062 504 1116 540 fit,
1148 504 1282 534 videntur
1305 504 1421 534 luminis
1445 511 1474 533 et
1499 504 1572 533 aetis
1594 503 1724 532 defectus
1752 503 1808 533 hu-

290 560 338 595 jus
364 557 531 586 carbonicae
556 557 645 594 partis
673 557 751 585 humi
773 555 939 585 formationi
965 555 1046 584 valde
1074 553 1181 587 favere.
1219 555 1334 584 Scimus
1361 555 1436 585 enim
1457 555 1576 585 humum
1600 554 1705 584 acidam
1734 563 1808 584 sem-

292 617 343 645 per
363 607 487 637 inveniri
515 607 544 637 in
563 607 636 636 locis
664 607 811 643 humidis,
834 608 880 636 vel
911 615 984 642 aqua
1005 605 1090 635 tectis
1116 614 1144 636 et
1164 607 1193 637 in
1217 607 1396 644 paludibus,
1424 616 1440 636 a
1463 606 1568 644 quibus
1591 606 1667 643 aqua
1690 614 1719 635 et
1741 605 1805 635 aliis

292 661 401 690 caussis
424 661 471 689 aer
492 661 634 689 etlumen
665 660 779 688 exclusa
801 665 879 687 sunt.
927 658 1052 687 Constat
1075 657 1159 687 etiam
1185 658 1214 688 in
1237 658 1389 694 paludibus
1416 657 1476 687 fere
1501 665 1615 694 semper
1638 656 1738 686 adesse
1759 658 1807 686 vel

292 712 402 741 acidum
433 711 572 740 aceticum
608 711 655 740 vel
687 709 915 746 phosphoricum
948 709 996 738 vel
1029 709 1102 737 sales
1132 711 1312 739 metallorum
1330 729 1342 746 ,
1375 717 1448 745 quae
1474 707 1685 738 fermentationi
1713 708 1807 745 putri-

295 765 346 792 dae
372 763 453 792 valde
473 767 581 792 nocent
605 769 633 791 et
658 761 786 791 obstant.
827 760 919 797 Igitur
942 760 1034 797 ipsius
1056 759 1197 797 principia
1221 760 1250 789 in
1271 768 1302 789 se
1334 759 1456 789 invicem
1479 765 1591 796 agunt,
1623 759 1733 796 quippe
1758 759 1804 788 hic

294 816 340 844 a'er
362 822 444 851 agere
471 821 531 843 non
549 819 667 850 potest,
685 818 718 841 et
742 812 873 841 exhalant
897 819 995 848 parum
1020 811 1093 841 acidi
1117 811 1282 849 carbonici,
1310 812 1433 841 multum
1456 819 1526 840 vero
1549 810 1719 848 hydrogenii
1746 818 1809 839 cat-

296 865 421 901 bonici;
451 873 524 900 aqua
555 863 638 893 etiam
669 863 831 900 formatum
854 872 919 900 ,quo
947 864 1033 893 modo
1053 863 1221 893 carbonium
1236 883 1247 899 ,
1275 862 1452 900 reliquorum
1469 860 1679 898 principiorum
1701 861 1811 892 ratione

296 916 416 952 habita,
436 921 555 952 augetur
577 914 667 952 (233
690 915 766 944 unde
796 914 878 943 etiam
902 914 967 944 talis
992 915 1071 944 humi
1097 914 1186 944 atrior
1203 916 1287 944 color
1299 913 1488 950 explicandus
1511 912 1637 942 videtur.
1675 913 1810 944 Forsitan

297 975 326 996 et
345 967 407 1003 ipsa
428 975 519 1003 aqua,
551 974 634 1003 quam
660 974 772 1002 semper
795 966 893 995 adesse
920 973 1034 997 constat
1058 965 1088 996 in
1110 966 1204 1002 locis,
1235 966 1265 995 in
1294 964 1399 1002 quibus
1422 965 1527 993 humus
1546 963 1624 993 acida
1645 964 1808 1002 reperitur,

298 1018 349 1045 lias
372 1023 467 1054 partes
494 1016 607 1053 gignit,
629 1017 695 1045 dum
718 1016 781 1053 ipsa
807 1017 986 1053 destruitur,
1009 1019 1089 1054 quod
1117 1026 1151 1046 ex
1175 1017 1296 1047 Mulleri
1318 1021 1333 1055 ζ
1344 1016 1386 1054 3)
1416 1022 1445 1045 et
1467 1015 1622 1046 Trevirani
1641 1016 1705 1054 (4)
1725 1025 1810 1054 expe-

298 1068 427 1098 rimentis
446 1067 551 1106 conjici
577 1068 642 1096 licet
654 1087 665 1103 ,
686 1074 714 1096 et
735 1076 768 1096 ex
784 1068 900 1097 rna-teria
916 1067 1103 1098 Priestleiana
1118 1067 1240 1096 fortasse
1259 1066 1394 1103 explicari
1410 1073 1520 1104 potest.
1548 1066 1658 1095 Verum
1675 1074 1703 1097 et
1724 1068 1809 1097 lumi-

299 1119 345 1148 nis
356 1118 486 1147 defectus
510 1127 569 1148 non
585 1118 647 1147 sine
669 1118 778 1147 ratione
796 1119 845 1147 hic
860 1127 925 1147 suas
943 1125 1037 1155 partes
1053 1126 1134 1157 agere
1145 1117 1278 1154 videtur,
1295 1117 1321 1146 si
1338 1118 1423 1147 modo
1436 1117 1708 1154 animadvertamus,
1723 1118 1811 1148 hasce

299 1175 395 1204 partes
409 1168 575 1198 carbonicas
592 1168 712 1197 maxime
726 1168 849 1197 inveniri
863 1168 893 1197 in
909 1168 1096 1197 inferioribus
1104 1171 1149 1198 vel
1160 1177 1294 1206 agrorum
1311 1169 1359 1199 vel
1374 1168 1509 1204 paludum
1522 1167 1595 1197 locis
1606 1187 1617 1204 ‚
1636 1175 1664 1198 et
1681 1168 1812 1198 animalia

300 1226 386 1255 atque
404 1220 515 1255 plantas
539 1218 593 1246 sub
615 1220 689 1254 aqua
710 1218 740 1247 in
753 1218 922 1248 carbonicas
938 1218 1040 1248 mutari
1058 1219 1207 1256 materies3
1230 1220 1297 1248 dum
1317 1226 1437 1255 contra,
1457 1218 1536 1255 quod
1560 1217 1690 1255 inprimis
1715 1228 1814 1250 recen·

301 1271 406 1298 tiorum
426 1269 632 1306 Chymicorum
655 1269 796 1305 probatur
816 1269 1035 1305 experimentis,
1054 1271 1141 1299 carbo
1159 1278 1187 1299 et
1203 1271 1298 1300 omnia
1323 1279 1446 1307 corpora
1468 1271 1589 1300 multum
1610 1269 1696 1309 hujus
1718 1272 1814 1302 conti-

302 1321 398 1349 nentia
416 1320 446 1349 in
462 1320 547 1348 radiis
563 1320 634 1348 solis
652 1328 679 1348 et
695 1319 804 1348 lumine
820 1319 978 1356 producere
994 1321 1060 1356 plus
1071 1320 1145 1349 acidi
1164 1321 1329 1357 carbonici,
1348 1330 1432 1357 quam
1451 1321 1480 1351 in
1495 1321 1619 1350 tenebris
1632 1322 1674 1358 (5
1684 1324 1718 1359 >3
1739 1331 1813 1359 quae

303 1372 337 1399 de
358 1370 464 1399 lumine
488 1370 628 1399 sententia
659 1378 693 1398 ex
717 1378 751 1398 eo
772 1370 853 1398 eriam
871 1371 1080 1407 confirmatur,
1109 1373 1187 1407 quod
1215 1372 1387 1409 experientia
1405 1371 1506 1408 docet,
1528 1371 1652 1400 indolem
1674 1373 1815 1409 ejusmodi

304 1431 378 1452 atrae
391 1423 470 1451 humi
488 1430 613 1450 ceterum
629 1420 764 1450 infertilis
788 1422 965 1459 corrigi„‚si
985 1422 1087 1452 lumini
1109 1429 1138 1451 et
1159 1422 1244 1452 radiis
1264 1422 1341 1451 ,solis
1357 1429 1519 1459 exponatur
1537 1423 1553 1460 <
1564 1422 1626 1458 6),
1647 1428 1716 1452 tunc
1738 1424 1816 1454 enim

304 1474 414 1502 acidum
440 1471 624 1502 cairbonicum
651 1472 779 1500 exhalare
798 1472 912 1509 incipit.
955 1474 1068 1510 Caice,
1096 1474 1259 1510 ammonia,
1288 1480 1317 1503 et
1335 1473 1477 1509 {universe
1508 1473 1645 1503 alcalibus
1674 1476 1816 1513 eiusmodi

307 1525 385 1553 humi
408 1531 508 1553 natura
538 1530 662 1553 mutatur
686 1524 780 1559 iisque
800 1524 926 1554 celerius
951 1524 1131 1560 destruitur,
1162 1524 1237 1553 unde
1260 1532 1364 1561 magno
1386 1525 1582 1554 emolumento
1610 1526 1753 1562 agricolae
1773 1527 1816 1556 ci-

306 1575 443 1611 neribus,
465 1576 510 1603 vel
531 1577 625 1607 calce,
649 1576 693 1603 vel
720 1574 809 1610 fimo,
833 1575 884 1610 qui
912 1584 971 1604 non
997 1575 1111 1612 penitus
1141 1574 1320 1611 effervescit,
1341 1582 1370 1604 et
1394 1575 1486 1605 adhuc
1507 1584 1630 1612 vapores
1656 1577 1815 1607 ammoniae

308 1626 438 1661 exhalat,
455 1632 580 1654 utun-tur
600 1625 639 1653 ad
662 1633 746 1662 agros
767 1625 889 1654 multum
915 1626 1014 1655 harum
1033 1626 1158 1664 partium
1181 1625 1363 1656 continentes
1384 1625 1571 1663 corrigendos
1597 1625 1680 1664 (7).
1720 1628 1811 1665 Igitur

1777 1686 1817 1709 ne

343 1738 359 1773 (
374 1737 409 1771 i>
426 1738 487 1765 Vid.
503 1738 586 1764 'Korte
605 1739 623 1765 l.
637 1739 659 1765 l.

343 1784 359 1817 (
370 1784 410 1816 2)
428 1784 488 1810 Vid.
506 1785 609 1809 Einhof
625 1786 650 1810 in
671 1783 799 1811 Hermbst.
817 1784 928 1813 Archiv.
944 1786 961 1812 1.
980 1786 999 1814 1.
1019 1793 1046 1819 p.
1060 1792 1119 1819 347.
1138 1790 1166 1811 et
1184 1785 1281 1812 T-haer.
1296 1785 1315 1812 l.
1332 1786 1352 1815 l»
1370 1793 1399 1819 1>-
1416 1792 1476 1813 ΗΞ.
1495 1791 1522 1812 et
1539 1792 1613 1820 seqq.

342 1829 409 1863 (3)
429 1829 488 1857 Vid.
506 1830 608 1863 Journal
629 1830 671 1856 ffir
690 1830 817 1861 Chemie,
836 1831 935 1865 Physiq
954 1832 1006 1858 und
1024 1832 1199 1865 Mineralogie
1221 1837 1274 1859 von
1301 1831 1405 1857 Gehlen
1424 1833 1457 1859 B·
1475 1832 1522 1860 VI.
1548 1841 1576 1866 p-
1597 1837 1656 1866 175·
1764 1824 1819 1835 Ἦ

345 1875 407 1909 (4)
428 1875 488 1901 Vid.
506 1877 662 1902 Treviranus
682 1877 708 1902 in
727 1877 860 1909 Biologie.

344 1921 358 1952 (
371 1921 410 1955 5)
430 1921 473 1948 Cf.
499 1922 589 1947 Florks
616 1922 795 1954 Repertorium
815 1922 867 1948 der
895 1923 1027 1950 Neuesten
1055 1923 1108 1949 und
1130 1925 1389 1957 Wissenwfirdjgsteu
1412 1931 1455 1950 aus
1482 1925 1525 1951 der
1543 1932 1696 1957 gesammten
1721 1927 1817 1954 Natur-

311 1967 397 1992 kunde
409 1985 417 1996 ‚
436 1967 467 1992 B.
487 1966 536 1993 ΙΙΙ.
561 1975 586 1999 p.
601 1975 659 1993 200.
678 1968 814 1994 Morozzo
833 1969 857 1995 in
874 1970 964 1996 Neues
983 1970 1089 2005 Journal
1110 1978 1161 1998 von
1181 1971 1283 1997 Gehlen
1306 1972 1338 1998 B.
1352 1971 1402 1997 111.
1419 1978 1478 2004 pag.
1494 1971 1555 2005 670.
1573 1977 1599 1998 et
1615 1971 1700 2006 Voigt
1717 1974 1742 1999 in
1758 1975 1815 2008 Ap.

310 2012 386 2045 perd.
405 2012 434 2037 ad
453 2013 577 2037 Saussurii
596 2021 640 2045 op.
658 2013 727 2039 laud.
746 2022 773 2046 p·
793 2017 916 2049 72—76·

349 2056 413 2090 (6)
433 2057 496 2084 Vid.
516 2058 598 2084 Korte
616 2059 634 2084 Ι.
652 2060 668 2085 1.
689 2068 714 2092 p.
727 2065 759 2091 94
777 2067 802 2086 et
816 2068 891 2094 seqq,

346 2101 414 2135 ξς)
434 2103 493 2131 vid.
511 2104 594 2130 Thner
614 2105 631 2131 l.
651 2106 670 2132 1.
687 2114 713 2138 p.
733 2112 788 2139 113.
813 2105 920 2132 Eiuhos
933 2106 957 2132 in
975 2106 1109 2135 Hermbst.
1128 2108 1238 2136 Archiv.
1255 2109 1273 2136 l.
1291 2108 1310 2135 1.
1328 2115 1355 2140 p.
1371 2114 1430 2141 347.
1730 2110 1737 2112 “
1750 2106 1795 2145 “ff

1783 2168 1797 2193 7
