1919 2511
267 156 295 187 5¹
575 153 756 184 ANTONH
776 152 952 183 HENRICI
973 160 1040 182 VAN
1061 160 1127 182 nea
1147 151 1263 182 BOON
1283 152 1440 184 MESCH'

265 236 417 276 principiis
441 235 623 269 anImalibns.
666 237 762 274 Atque
786 235 827 265 sic
854 236 922 273 plus
943 234 1020 264 azoti
1035 235 1104 265 item
1124 234 1155 265 in
1177 235 1265 265 humo
1285 235 1449 274 invenitur,
1472 243 1557 273 quam
1577 235 1608 267 in
1624 237 1774 275 materiis,

265 289 340 318 unde
364 288 438 317 facta
460 294 516 319 est.

306 339 338 368 Si
363 339 501 369 rationem
527 338 613 376 hujus
637 337 855 373 observationis,
871 337 1075 374 experimentis
1099 338 1134 367 ab
1161 339 1261 369 eodem
1289 339 1443 369 Saussurio
1463 339 1603 370 institutis
1626 340 1773 378 firmatae,

266 390 383 420 reddere
406 389 550 425 velimus,
572 388 851 418 animadvertendum
870 395 933 424 est,
955 389 1050 418 omnia
1067 398 1189 426 corpora
1210 397 1239 420 et
1256 391 1386 420 animalia
1411 398 1439 420 et
1455 393 1565 429 plantas
1584 391 1614 421 in
1633 393 1696 421 aere
1715 392 1772 422 fer-

268 447 476 470 mentescentes
496 440 563 469 fere-
578 439 650 468 nihil
676 439 752 469 azoti
774 440 912 469 exhalare.
953 440 1016 469 Hac
1033 446 1127 470 tamen
1145 451 1200 471 una
1223 450 1322 471 caussa
1337 450 1396 472 non
1416 441 1477 470 fieri
1492 442 1625 479 videtur,
1643 444 1722 479 quod
1743 452 1786 473 ex>

268 493 356 522 humo
382 499 438 521 tam
458 498 586 528 magnam
611 491 768 519 ammoniae
789 491 974 527 quantitatem
1001 500 1218 529 comparemus3
1242 493 1322 522 etiam
1344 493 1374 522 in
1391 501 1490 521 caussa
1506 492 1720 524 videntur-esse
1735 495 1781 524 in-

269 550 368 579 secta,
392 551 462 578 quae
482 540 511 569 in
534 548 564 568 ea
587 540 712 577 vivunt,
736 541 919 577 moriuntur,
942 548 970 571 et
994 542 1143 572 involucra
1160 551 1188 572 et
1213 544 1281 573 alias
1307 549 1422 580 partes,
1443 543 1577 573 animales
1594 551 1714 582 omnes,
1731 554 1776 575 re·

271 593 408 629 linquunt
429 596 444 631 (
460 600 470 621 1
485 591 514 627 ).
554 591 679 620 Constat
704 590 775 619 enim
793 591 873 619 etiam
888 612 898 627 ‚
921 601 954 621 ex
969 592 1150 630 Brugmansii
1171 593 1234 622 Viri
1254 594 1318 624 Cel.
1336 595 1589 624 observationibus
1604 596 1715 631 plantas
1729 604 1782 625 sua

270 645 345 673 alere
373 641 560 678 animalcula,
582 648 611 671 et
630 643 733 671 multas
757 642 911 678 aliquando
935 645 1023 673 multa
1048 635 1138 681 (ΞΜ
1161 650 1188 673 et
1206 643 1235 672 in
1251 645 1337 677 variis
1353 646 1447 675 humis
1461 645 1536 675 varia
1554 644 1636 674 etiam
1653 644 1779 675 habitare

269 694 386 725 insecta-⁷
396 693 496 723 docuit
515 692 636 722 Kortius
659 697 675 731 (
686 702 702 730 3
714 697 742 729 );

308 745 352 774 Ut
375 751 469 774 autem
493 744 691 781 experirentur
718 744 873 781 Chymici,
903 745 1253 783 quibusnam—principiis
1278 745 1383 775 liumus
1409 753 1575 784 constaret,
1596 750 1698 778 velut
1713 758 1784 786 pro-

268 797 381 826 barem<
397 805 457 825 eam
481 796 529 826 illa
555 796 726 832 continere,
749 805 821 832 quae
844 797 986 832 diximus,
1007 798 1127 826 humum
1153 796 1224 827 satis
1248 797 1344 827 valido
1366 797 1424 834 igni
1440 805 1604 836 tentarunt,
1629 808 1687 835 quo
1701 808 1783 837 para-

268 854 336 877 runt
353 847 464 876 acidum
491 847 696 884 carbonicum,
718 847 928 885 hydrogenium
949 849 1133 878 carbonicum
1146 868 1157 884 ,
1178 857 1279 884 aquam
1303 857 1368 878 cum
1389 858 1462 886 pyro
1477 849 1584 886 lignate
1599 851 1780 887 ammoniae,

271 903 300 926 et
313 896 465 926 carbonate
489 897 667 933 ammoniae,
695 899 791 927 oleum
813 898 1044 936 bituminosum3
1065 906 1152 936 atque
1172 900 1299 936 reliquae
1318 907 1436 937 partes,
1456 909 1529 937 quae
1546 903 1639 931 calore
1658 902 1706 931 vix
1725 902 1784 931 affi‘-

270 947 408 983 ciuntur,
432 956 527 984 neque
553 948 583 977 in
610 956 732 985 vapores
758 950 999 987 committuntur,
1029 950 1072 980 in*
1085 960 1154 980 vase
1180 951 1535 994 relinquebantur-(4).‹
1560 950 1671 983 Meri't‘o
1697 949 1786 990 igitur

271 998 482 1027 concludebant
504 999 622 1027 humum
647 1006 780 1028 constare
806 1001 965 1037 carbon-io,
1000 1001 1200 1038 hydrogenio,
1227 1003 1393 1040 oxygenio,
1423 1010 1529 1040 azoto,
1557 1003 1639 1034 aliis..
1674 1004 1783 1035 Verum

269 1049 318 1079 tali
341 1050 452 1079 ratione
475 1050 606 1079 materies
632 1058 692 1080 non
719 1052 811 1087 tales,
843 1053 941 1088 quales
968 1052 999 1081 in
1027 1053 1116 1083 humo
1143 1061 1231 1090 sunt,
1253 1056 1463 1091 ostenduntur,
1486 1057 1536 1085 sed
1551 1057 1675 1086 *maxime
1690 1059 1786 1087 calore

267 1107 411 1137 mutatae3
442 1107 470 1130 et
500 1101 669 1131 othnentur
689 1101 830 1139 prIncipia
854 1103 998 1140 simplicia
1018 1105 1193 1142 (remota),
1214 1107 1432 1142 cumprimum
1451 1106 1482 1136 in
1501 1107 1665 1144 composita
1691 1108 1787 1145 (pro-

273 1151 373 1189 xima)
400 1150 602 1188 inquirendum
626 1158 714 1182 esset.
754 1153 811 1183 Sed
836 1154 976 1191 ejusmodi
1001 1156 1127 1191 analysis
1145 1156 1259 1184 aliaest
1277 1156 1450 1192 difficultas,
1475 1166 1548 1193 quae
1561 1157 1680 1185 minime
1696 1158 1786 1194 negli-

270 1202 360 1239 genda
378 1209 434 1231 est.
475 1202 590 1238 Nempe
615 1203 671 1232 hoc
697 1203 923 1234 modominime
948 1206 1061 1234 ostendi
1074 1212 1198 1242 potest,
1223 1206 1393 1243 quibusnam
1419 1216 1475 1236 una
1501 1207 1606 1236 humus
1633 1207 1669 1236 ab
1698 1210 1786 1238 altera

266 1253 394 1285 differat,
421 1260 507 1288 cum,
533 1258 566 1282 ut
586 1253 644 1290 J'am
667 1252 814 1290 diximus,
841 1262 903 1284 non
931 1256 1025 1285 omnis
1040 1256 1150 1286 *humus
1169 1257 1208 1286 sit
1234 1258 1422 1293 eadem,⁷sed
1444 1257 1572 1292 diversa,
1593 1266 1723 1295 cumque
1742 1268 1788 1289 me

271 1312 333 1334 mea
354 1303 516 1332 docuerint·
533 1303 743 1339 experimenta,
770 1313 811 1334 ex·
834 1306 913 1335 omni
941 1307 1029 1337 humo
1053 1308 1121 1337 licet
1143 1309 1272 1338 diversae
1294 1309 1422 1344 indolis,
1451 1309 1533 1338 humo
1567 1309 1653 1338 acida
1683 1318 1787 1348 nempe

268 1363 309 1385 et-
322 1356 405 1386 humo
422 1357 526 1395 pingui
544 1357 632 1394 (5),
654 1358 749 1387 eadem
771 1358 835 1387 fere
851 1359 977 1389 obtineri
1002 1360 1144 1396 principia
1158 1359 1332 1396 simplicia,
1353 1361 1513 1396 paullulum
1538 1359 1650 1389 diversa
1671 1361 1786 1397 quidem

267 1407 378 1444 copia,
402 1416 462 1436 non
492 1414 586 1436 tamen
610 1409 663 1443 ea,
698 1415 732 1438 ut
759 1410 910 1448 cujusque*
933 1411 1044 1448 generis
1071 1411 1150 1440 humi
1182 1411 1238 1440 sibi
1270 1411 1352 1447 priva
1382 1411 1494 1440 indoles
1520 1411 1622 1440 exinde
1648 1413 1789 1449 cognosci

268 1465 296 1486 er
314 1457 453 1494 distingui
473 1458 578 1494 possit.
618 1458 712 1488 Aliam
738 1460 827 1497 igitur
850 1462 928 1491 humi
956 1462 1173 1499 cognoscendae
1198 1468 1314 1491 naturae
1335 1461 1409 1491 viam
1428 1461 1550 1499 ingressi
1572 1468 1646 1492 sunt·
1663 1463 1788 1493 Hermb-

267 1508 406 1541 stadtius,
432 1508 570 1538 Cromius
594 1515 622 1539 et
643 1510 784 1546 Kordus,
807 1511 843 1540 de
868 1520 925 1548 qua
949 1522 1027 1542 nunc
1053 1513 1181 1543 breviter
1207 1512 1359 1549 dicemus,
1389 1519 1422 1542 ut
1447 1513 1634 1550 ostendatur,
1664 1523 1787 1551 quomo·

270 1559 307 1588 do
337 1559 435 1597 hujusv
451 1558 660 1589 fertilis-terrae
672 1561 819 1599 principia
834 1562 893 1592 sint
909 1564 1129 1601 cognoscenda,
1152 1570 1179 1593 et
1196 1563 1283 1594 simul
1300 1569 1456 1602 appareat,
1478 1573 1562 1599 quam
1579 1565 1654 1594 viam
1670 1574 1725 1594 nos
1734 1574 1786 1595 se·

270 1609 331 1638 cuti
350 1609 452 1639 simus.

308 1659 551 1691 Hermbstadtius
568 1669 660 1692 autem
684 1663 756 1693 hanc
772 1664 911 1701 proponit
925 1666 1060 1704 analysis
1075 1666 1248 1703 rationem,
1269 1665 1388 1695 humum
1411 1666 1481 1696 soda
1496 1667 1582 1704 -aqua
1610 1668 1700 1699 diluta
1722 1677 1785 1700 esse

272 1711 510 1749 decoquendam,
539 1720 568 1743 et
594 1721 664 1742 eamv
681 1716 880 1753 commendat,
910 1718 1054 1754 quoniam*
1072 1727 1103 1748 ea
1130 1718 1200 1747 soda
1224 1718 1318 1748 omnis
1347 1718 1470 1756 humus,
1497 1720 1626 1759 exceptis
1648 1721 1782 1760 partibus

1730 1781 1788 1803 ma-

309 1863 371 1898 (ι.)
390 1865 456 1893 Vid.
476 1866 642 1896 Saussurei.
659 1871 685 1897 1.1
696 1877 756 1904 pag.
773 1871 830 1898 166.

304 1910 366 1945 (a)
383 1912 444 1939 vid.
462 1913 488 1939 S.
505 1913 532 1948 J.
552 1916 712 1948 Brugmans,
731 1917 920 1944 commentatio
938 1917 970 1944 de
987 1919 1089 1945 Plantis‘
1099 1920 1229 1946 venenatis
1243 1926 1273 1946 ·et
1292 1920 1437 1948 inutilibus.

304 1955 366 1993 (3)
385 1958 446 1986 Vid.
463 1958 547 1990 Korte
564 1962 590 1986 in
609 1962 918 1993 Hermbstadt·s,Archiv
945 1964 995 1991 der
1012 1964 1104 1998 Agrie.
1122 1965 1217 1993 Chem.
1234 1966 1267 1993 B.
1280 1965 1342 1994 VII.
1359 1974 1419 2001 pag.
1437 1973 1494 2000 123*-
1531 1967 1609 2001 1817·

308 2000 451 2039 (4),Vid.
470 2006 595 2033 saussure
612 2009 632 2034 l.
649 2009 667 2035 1.

307 2047 510 2088 (5),Pinguem
533 2053 641 2083 humum
655 2061 730 2083 ,voco
749 2056 1055 2095 eam‚⁴quam‚Getmani
1069 2057 1308 2088 Milderrdicunta.
