1919 2511
319 158 358 192 14
673 155 718 188 H.
809 154 1431 189 G.TYDEMAN

365 246 493 281 Videtis
522 247 664 281 eundem
691 246 824 280 lzbrzcm
848 246 1024 280 clausum.
1050 265 1093 270 —
1117 247 1207 280 Scire
1235 247 1320 292 leges
1343 259 1412 282 non
1436 248 1500 283 hoc
1519 254 1588 292 est,
1611 248 1711 283 verba
1735 260 1787 284 ea·

324 316 402 340 rum
426 309 555 346 tenere,
586 304 645 339 sed
673 304 740 338 vim
765 309 797 337 et
824 306 1035 347 potestatem!
1068 305 1144 336 Non
1167 314 1299 348 semper
1325 304 1433 349 legum
1461 305 1573 340 Codex
1600 305 1643 339 ad
1665 315 1787 340 manus

323 366 394 401 est;
426 370 494 394 non
515 370 646 403 semper
673 361 726 393 lex
749 361 785 393 in
808 358 958 393 terminis
983 360 1087 403 (quae
1114 359 1251 403 dicitur)
1274 359 1456 403 invenitur3
1487 373 1594 406 neque
1618 361 1788 397 sufficiunt

325 417 415 451 nuda
442 415 623 460 frigidaque
649 417 757 461 legum
779 415 898 458 verba,
924 416 983 450 sed
1010 416 1255 460 interpretanda
1283 423 1372 451 sunt.
1401 438 1445 443 —
1467 421 1567 453 Lecta
1594 419 1690 462 igitur
1712 423 1792 453 sunt

324 473 537 514 meditanda5
560 479 593 507 et
612 475 683 517 ipsa
705 474 785 516 juris
797 498 807 515 ‚
830 484 899 506 non
917 479 1050 507 tantum
1067 475 1256 514 constituti,
1273 474 1332 507 sed
1347 476 1447 508 etiam
1464 474 1684 508 constituendi
1702 476 1792 521 prin-

326 530 412 573 cipia
442 536 553 564 mente
579 529 756 574 animoque
781 535 859 564 sunt
890 529 1053 573 tenenda,
1086 528 1166 563 hinc
1193 530 1418 574 depromenda
1444 536 1476 565 et
1500 531 1544 566 ad
1572 541 1673 565 usum
1706 532 1792 567 vitae

322 591 357 619 et
380 585 518 620 civitatis
540 586 748 631 applicanda.

367 643 524 687 Accipitis
546 643 653 677 indice
678 644 814 678 dextrae
836 655 958 679 manus
989 644 1088 688 digito
1115 644 1293 678 annulum
1317 653 1483 677 aureum.
1507 661 1550 667 —
1578 645 1680 677 Hunc
1706 643 1791 677 anti-

321 708 428 742 quum
456 698 634 733 nobilitatis
648 724 657 742 ,
692 700 781 744 apud
809 701 898 745 ipsos
933 711 1063 745 quoque
1098 703 1269 734 Romanos
1301 701 1471 744 Equestris
1502 699 1627 733 ordinis
1663 701 1790 745 insigne

324 756 426 788 fuisse
458 757 573 789 nostis,
629 759 731 790 Hunc
755 758 947 800 pronubum
971 757 1154 791 Themidos
1186 755 1402 800 reveremini,
1435 762 1570 790 sanctae
1590 767 1792 801 severaeque

321 814 436 853 Deae,
460 814 554 854 cujus
572 813 689 845 merito
716 815 784 855 jam
809 814 996 847 sacerdotes
1019 812 1207 846 habemini!
1231 829 1276 838 —
1296 814 1367 845 Nec
1390 823 1474 856 opus
1495 812 1613 857 igitur,
1638 819 1674 846 ut
1693 824 1792 847 enar-

323 879 417 910 rem,
442 878 526 912 quae
550 868 590 902 de
618 879 704 913 puro
729 869 898 913 solidoque
920 870 994 903 auri
1019 868 1170 910 metallo,
1201 868 1242 902 de
1268 869 1419 902 circulari
1446 868 1550 902 forma
1577 870 1791 913 praestantis-

322 926 409 958 sima
439 925 643 969 figurarum,
674 925 715 958 de
746 936 851 959 manu
878 925 1041 970 digitoque
1071 926 1126 959 cui
1149 925 1299 959 induitur
1329 926 1474 959 annulus
1504 927 1634 970 copiose
1657 930 1793 970 possent

319 983 490 1026 explicari.

364 1039 496 1072 Pileum
523 1037 609 1071 addo
631 1038 884 1071 Doctoralem.
915 1056 960 1064 —
991 1040 1211 1082 DoctoratfiS,
1241 1038 1301 1072 sed
1326 1037 1475 1083 priscum
1496 1038 1641 1073 eundem
1665 1039 1794 1073 Liber-

326 1094 416 1128 tatis
438 1095 586 1139 insigne3
621 1095 685 1138 qua
711 1095 801 1136 sine,
824 1093 904 1138 quid
927 1101 978 1129 est
1004 1097 1076 1140 ipsa
1100 1096 1273 1139 nobilitas,
1303 1097 1368 1130 nisi
1391 1097 1562 1131 servitium
1581 1097 1722 1141 turpius.
1749 1115 1793 1123 —-

321 1154 353 1184 E
373 1151 492 1185 scholis
519 1152 617 1196 igitur
637 1151 784 1194 dimissi,
808 1162 871 1185 nec
889 1152 924 1186 in
951 1153 1186 1196 magistrorum
1207 1152 1309 1188 verba
1334 1155 1504 1196 jurantes,
1526 1154 1562 1187 in
1590 1153 1679 1195 foro,
1702 1154 1737 1186 in
1755 1162 1794 1187 re

325 1208 459 1252 publica
478 1215 647 1244 versantes
662 1209 848 1242 libertatem
866 1208 1040 1243 tuebimini
1060 1216 1226 1249 vestram,
1254 1215 1288 1242 et
1304 1209 1386 1243 dum
1406 1209 1589 1253 »gloriosae
1604 1209 1695 1244 vocis
1716 1220 1795 1244 con-

322 1266 377 1298 tisi
399 1266 604 1308 munimine,
628 1265 853 1299 laborantium
878 1276 997 1310 spem,
1020 1267 1124 1302 vitam
1149 1273 1181 1301 et
1206 1273 1356 1312 posteros
1383 1266 1557 1301 defenditis
1566 1270 1587 1287 ''
1610 1269 1697 1311 (8),
1726 1276 1794 1299 non

321 1322 445 1356 civium
467 1322 567 1355 ardor
588 1332 691 1366 prava
713 1321 899 1365 jubentium
912 1348 923 1366 ,
950 1335 1019 1357 non
1035 1325 1147 1358 vultus
1171 1323 1325 1358 instantis
1347 1325 1480 1368 tyranni
1503 1326 1573 1357 Vos
1596 1324 1729 1367 quatiet.
1750 1341 1793 1347 -

362 1379 526 1412 cumulus
552 1379 643 1412 hisce
667 1379 849 1423 insignibus
873 1380 1003 1413 accedit
1026 1390 1181 1413 aureum
1202 1379 1268 1414 hoc
1299 1381 1501 1423 numisma,
1533 1379 1660 1413 donum
1685 1378 1794 1412 Nobi-

323 1435 438 1469 {issimi
466 1434 681 1479 Magistratus
717 1434 816 1477 hujus
846 1435 937 1468 urbis
949 1459 959 1477 ,
992 1446 1058 1479 quo
1085 1436 1350 1480 promotionibus
1384 1439 1482 1471 More
1511 1438 1680 1479 Majorum
1709 1435 1794 1468 cele-

322 1489 459 1524 brandis
487 1490 637 1523 addendo
649 1515 660 1533 ‚
683 1500 784 1524 suum
804 1489 977 1524 literarum
996 1501 1167 1534 amorem,
1191 1503 1290 1526 suam
1310 1503 1386 1537 erga
1407 1498 1477 1526 tam
1503 1498 1657 1526 strenuos
1675 1501 1792 1525 earum

321 1549 464 1582 cultores
490 1549 750 1581 munificentiam
764 1573 776 1591 ‚
804 1550 956 1584 animum
981 1561 1082 1584 suum
1109 1550 1188 1584 huic
1214 1548 1416 1583 Academiae
1446 1558 1647 1591 propensum
1678 1552 1793 1580 osten-

323 1606 381 1638 dit.
400 1623 444 1628 —
462 1607 566 1646 Cujus
587 1605 635 1637 rei
653 1610 691 1637 ut
705 1616 764 1648 ego
787 1606 986 1639 Academiae
1003 1607 1138 1639 nomine
1160 1607 1280 1649 gratias
1297 1615 1378 1648 ago,
1400 1605 1473 1637 Vos
1496 1604 1617 1645 ctiam,
1639 1614 1708 1637 non
1729 1603 1793 1637 hoc

324 1667 455 1695 tautum
489 1661 562 1703 die,
592 1672 660 1705 quo
686 1663 869 1705 pretiosum
895 1662 960 1696 hoc
989 1663 1110 1696 monile
1137 1667 1270 1706 pectore
1299 1660 1452 1704 gestam,
1485 1659 1544 1693 sed
1569 1670 1628 1703 per
1656 1670 1792 1693 omnem

329 1719 429 1751 vitam
454 1723 583 1761 gratum
611 1717 775 1751 habebitis
795 1720 974 1761 animum,
1008 1724 1041 1752 et
1065 1729 1179 1752 caram
1200 1718 1292 1751 hanc
1318 1716 1454 1758 urbem,
1486 1726 1571 1759 quae
1590 1718 1661 1750 Vos
1683 1717 1794 1759 genuit

326 1780 359 1806 vt
382 1773 551 1815 educavit,
576 1779 606 1806 et
632 1776 770 1816 jamjam
800 1774 1006 1808 discedentes
1029 1780 1122 1808 tanto
1146 1773 1355 1818 prosequitur
1377 1772 1514 1809 honore,

374 1831 427 1862 Sic
450 1829 547 1873 igitur
569 1832 661 1872 Vos,
692 1832 855 1864 Doctores
885 1833 945 1864 rite
969 1837 1098 1864 creatos
1126 1837 1158 1863 et
1182 1835 1338 1871 orntum,
1372 1828 1460 1862 data
1490 1827 1621 1862 dextra
1644 1829 1792 1873 fideque,

330 1891 362 1918 et
387 1886 473 1919 velut
502 1887 658 1929 amplexu
682 1887 829 1921 fraterno
856 1889 892 1922 in
916 1888 1070 1921 ordinem
1094 1890 1280 1920 Doctorum
1305 1885 1435 1930 publice
1460 1891 1492 1919 et
1512 1886 1690 1920 solenniter
1711 1889 1798 1919 reci-

331 1943 396 1985 pio.
439 1944 594 1974 Vestram
616 1942 796 1976 amicitiam
819 1944 952 1988 flagito,
977 1943 1083 1978 Vobis
1100 1954 1234 1986 meam,
1265 1953 1333 1976 nou
1357 1952 1449 1975 nunc
1471 1940 1619 1985 primum
1639 1943 1795 1985 promitto

333 2004 390 2029 aut
412 1997 570 2039 ostendo,
593 1999 651 2032 sed
675 2005 870 2043 perpetuam
893 2001 962 2034 fore
982 1999 1143 2044 spondeo.

1754 2053 1797 2084 kt

370 2133 383 2160 (
395 2132 410 2154 8
420 2132 432 2162 )
449 2131 480 2154 L.
498 2132 611 2156 Advocati
632 2138 667 2163 14.
680 2135 711 2159 C·
733 2135 762 2158 de
781 2137 873 2162 Advoc.
890 2137 961 2163 divers
980 2138 1085 2169 judicio·-
