1919 2511
378 132 620 189 RESPONSIO
648 163 691 188 AD
719 154 1028 196 QUAESTIONEM
1055 157 1273 189 MEDICAM.
1550 169 1589 199 23

76 257 123 297 ’8.
145 266 173 288 1.
218 255 266 287 Dc
283 256 340 285 situ
358 260 385 283 σε
406 252 559 282 directione
576 254 641 282 ossis
661 252 773 281 humeri
790 251 832 281 ad
845 259 973 282 centrum
992 254 1127 282 cavitatis
1147 254 1298 292 scapulae,
1320 262 1368 282 nec
1384 263 1438 283 non
1458 264 1567 286 muscu-

153 308 244 339 lorum
264 308 337 336 hanc
355 305 585 334 articulationem
600 304 768 334 moventium
782 306 813 333 in
827 304 928 342 prima*
941 305 1099 335 laxationis
1109 307 1207 344 specie.
1232 305 1332 343 (intra
1356 307 1507 345 axillam).

110 397 209 434 Caput
225 394 301 424 ossis
328 394 440 423 humeri
465 393 552 422 situm
578 400 723 429 occupans
745 394 901 422 naturalem
927 393 965 423 ita
984 403 1015 423 se
1041 394 1126 423 habet
1147 393 1176 424 in
1197 395 1320 424 cavitate
1343 395 1494 431 glenoi‘dea
1523 403 1586 425 sca-

72 448 182 486 pulae,
202 453 252 480 ut,
282 446 401 477 humero
424 444 459 474 ab
484 444 605 474 articulo
630 445 793 482 pendente,
828 465 846 481 ,‚
864 444 1004 474 circuitus
1032 452 1162 474 centrum
1198 446 1277 476 illius
1301 446 1403 483 capitis
1429 453 1585 475 retrorsum

71 519 95 536 a,
114 506 143 529 et
164 506 279 529 sursum
304 496 334 526 in
356 497 488 533 scapulae
510 495 603 525 sinum
622 495 763 524 directum
786 496 843 531 sit;
873 497 1054 526 tuberculum
1087 497 1230 535 interius,
1262 499 1317 527 sub
1343 498 1499 527 unciformi
1520 507 1589 535 pro-

71 567 94 586 „
114 557 198 579 cessu
221 548 330 582 situm,
361 546 494 583 respiciat
518 547 651 581 axillam,
683 553 711 575 et
740 546 916 576 semicanalis
950 557 1014 577 cum
1042 549 1174 586 Bicipitis
1201 549 1316 579 tendine
1349 550 1402 579 sub
1430 549 1585 587 ligamento

69 620 93 639 q,
111 598 278 637 triangulari
303 599 361 635 sit;
383 598 589 634 protuberante
615 597 670 626 sub
691 597 818 626 acromIO
842 598 975 628 exteriori
1002 600 1156 630 tuberculo
1177 601 1288 638 (1).'⁷

68 670 76 675 .
106 650 170 688 Jam
194 659 286 685 vero,
302 649 424 681 cavitate
449 650 582 685 scapulae
603 649 753 685 gleno'idea
775 658 791 678 a
817 649 910 685 capite
938 650 1013 679 ossis
1039 652 1151 682 humeri
1174 653 1308 682 deorsum
1330 655 1468 690 prolapso
1494 654 1585 682 vacua

67 700 192 736 relicta,
212 709 309 737 margo
333 700 455 730 inferior
479 706 507 728 et
530 700 651 729 interior
675 698 797 728 cervicis
822 702 955 736 scapulae
977 702 1120 738 incumbit
1141 704 1242 742 majori
1263 704 1416 733 tuberculo
1438 705 1525 742 (2),
1546 704 1586 733 ita

67 761 104 785 ut
128 754 231 791 capitis
256 754 346 783 luxati
367 753 510 783 ‘circuitus
534 760 663 782 centrum
685 752 801 782 minime
825 761 910 781 suum
933 753 1066 790 respicrat
1093 754 1206 791 sinum,
1241 756 1293 785 sed
1318 756 1447 785 cavitatis
1471 757 1584 793 glenoi'-

64 806 137 837 deae
160 805 300 836 cervicem
325 805 476 837 internam.
523 804 566 832 Os
589 809 683 833 autem
708 803 738 832 in
762 804 819 832 hoc
852 804 946 833 alieno
972 807 1038 834 loco
1066 805 1153 834 situm
1180 814 1240 835 non
1265 806 1409 842 amplius,
1437 806 1524 835 sicuti
1552 806 1583 834 in

67 857 128 889 situ
144 857 286 892 naturali,
303 857 386 893 juxta
409 855 542 893 corporis
567 857 642 885 latus
660 856 822 892 dependet,
844 857 896 886 sed
917 857 999 885 aliam
1021 857 1144 894 requirit
1169 857 1355 887 directionem
1368 878 1379 893 ,
1403 866 1486 893 quam
1504 866 1583 886 mus·

63 909 144 945 culi,
168 909 242 938 hanc
261 908 488 939 articulationem
512 913 683 944 moventes,
704 907 843 944 afferant,
864 916 984 938 necesse
1007 915 1051 937 est
1071 909 1163 946 (3),
1181 915 1294 946 puncto
1318 908 1378 937 fixo
1402 908 1495 937 vectis
1517 916 1581 937 mu-

65 963 128 987 tato
147 958 229 995 (4).

69 1035 72 1039 .
101 1009 252 1039 Masculus
270 1008 435 1039 Deltoideus
461 1018 589 1047 magnam
615 1009 724 1046 patitur
749 1010 887 1039 fibrarum
914 1011 1129 1041 diStractionem
1159 1018 1187 1041 et
1207 1018 1343 1041 mutatam
1372 1011 1581 1047 directionem,

63 1059 103 1090 ita
119 1067 152 1090 ut
169 1062 341 1098 musculus,
364 1061 413 1098 qui
438 1068 542 1098 antea,
563 1069 651 1098 caput
672 1061 747 1091 ossis
765 1063 875 1094 humeri
901 1062 931 1092 in
951 1063 1073 1092 cavitate
1099 1064 1250 1100 gleno’idea
1276 1070 1396 1100 tegens,
1427 1063 1582 1099 apparebat

63 1112 228 1150 globosum,
248 1121 348 1149 nunc,
368 1122 404 1143 eo
418 1114 567 1150 delapso,
588 1113 660 1143 hanc
679 1113 800 1145 formam
823 1113 954 1147 amittat,
971 1114 1078 1149 planus
1099 1121 1127 1142 et
1145 1121 1244 1142 tensus
1268 1113 1319 1145 sit.
1359 1113 1422 1143 Hac
1446 1113 1580 1144 fibrarum

62 1164 253 1199 extensione,
275 1171 385 1200 puncto
410 1164 577 1195 insertionis
594 1165 730 1196 fibrarum
748 1164 872 1202 magia-a
885 1173 937 1197 sua
954 1164 1064 1201 origine
1085 1171 1219 1200 remoto,
1239 1164 1292 1201 fit,
1316 1166 1395 1201 quod
1413 1174 1496 1196 crura
1517 1167 1582 1196 lon·

63 1213 145 1250 giorn
157 1214 304 1251 tranguti‚
322 1216 406 1253 cujus
422 1215 572 1252 imaginem
592 1225 691 1253 graeca
716 1216 798 1245 litera
818 1222 845 1247 Δ
867 1217 1080 1253 quodammodo
1101 1223 1314 1253 repraesentat,
1338 1217 1420 1254 basi,
1443 1228 1517 1254 quae
1536 1226 1581 1248 est

62 1262 94 1293 in
111 1271 223 1311 summo
241 1265 383 1303 humero,
403 1266 560 1303 insistant,
582 1275 611 1298 et
630 1268 725 1306 linea,
749 1277 834 1305 quam
848 1268 883 1297 ab
898 1268 979 1305 apice
1003 1268 1038 1297 ad
1056 1267 1175 1297 mediam
1194 1267 1276 1297 basin
1291 1268 1425 1305 fingimus
1442 1270 1577 1306 ductam,

62 1321 124 1345 non
139 1315 258 1345 mediam
274 1323 354 1346 secet
375 1318 524 1348 cavitatem
548 1320 681 1357 scapulae
693 1338 706 1358 ,
736 1321 790 1350 sed
812 1330 915 1359 parum
936 1322 1053 1351 accedat
1068 1321 1103 1351 ad
1119 1320 1198 1350 illius
1215 1321 1372 1359 marginem
1393 1321 1578 1351 anteriorem.

1516 1373 1581 1402 Me-

94 1447 162 1484 (1)
189 1451 274 1479 Borm-
300 1453 318 1480 Ι.
336 1461 362 1480 c.
385 1461 414 1487 p.
429 1454 456 1481 8.
491 1454 547 1489 Jam
571 1453 743 1488 Hippocrates
765 1456 865 1482 articuli
890 1461 981 1483 statum
998 1463 1086 1482 sanum
1103 1454 1241 1481 attendisse
1264 1455 1379 1487 videtur,
1397 1456 1498 1482 dicens:
1520 1454 1581 1490 (de

60 1504 110 1526 art·
133 1499 204 1526 sect.
218 1500 266 1527 VI·
289 1509 317 1534 P·
332 1503 374 1535 48·
400 1501 442 1531 ed.
466 1502 572 1537 F-o'e's.)
591 1516 625 1523 —
649 1523 667 1536 ,‚
683 1511 742 1530 cum
764 1505 790 1530 in
815 1505 972 1530 anteriorem
1000 1509 1096 1535 partem
1127 1510 1213 1529 manus
1240 1509 1292 1529 tota
1323 1503 1488 1534 extenditur,
1515 1508 1579 1528 tunc

60 1563 78 1577 „
95 1545 192 1572 brachii
210 1553 287 1579 caput
310 1549 382 1574 recta
404 1556 494 1576 cavum
514 1550 558 1575 lati
579 1551 738 1583 scapularum
761 1552 826 1577 ossis
844 1557 963 1584 spectat,
986 1556 1071 1582 neque
1098 1549 1210 1582 amplius
1231 1549 1361 1575 anteriore
1382 1554 1455 1582 parte
1477 1548 1579 1581 promi-

59 1608 78 1622 ,,
95 1597 154 1617 nere
175 1592 308 1620 videtur.''

93 1635 162 1671 (2)
189 1639 223 1665 C.
243 1639 308 1666 Beli.
327 1640 408 1672 Oper.
425 1640 499 1668 Chir.
525 1648 545 1669 t.
562 1650 589 1669 2.
614 1651 644 1676 p.
658 1644 718 1670 208.
736 1649 765 1669 et
783 1644 834 1670 tab.
849 1650 876 1677 5.
900 1643 944 1676 fig.
963 1651 990 1670 2.
1013 1643 1082 1669 Berl.
1100 1643 1174 1675 1815.
1192 1642 1255 1668 8vo,

93 1681 166 1717 (3)
189 1686 299 1718 Optime
319 1687 381 1713 mihi
405 1688 506 1715 videtur
533 1689 631 1715 dixisse
652 1690 783 1722 Guyenot.
807 1691 923 1717 memoir.
947 1690 979 1715 de
998 1687 1098 1715 l'Acad.
1127 1689 1201 1721 Roy.
1225 1688 1257 1713 de
1278 1688 1352 1714 ChIr.
1381 1693 1401 1714 t.
1421 1693 1447 1719 5.
1470 1696 1497 1721 p.
1516 1689 1576 1715 812.

58 1746 78 1767 ἓ,
96 1729 137 1755 On
151 1730 209 1756 doit
229 1734 344 1766 seavoir,
363 1742 416 1766 que
435 1740 493 1760 tout
515 1743 543 1761 os
563 1737 626 1762 luxe
647 1737 744 1769 change
764 1737 837 1763 l'etat
857 1737 959 1764 natm-el
984 1736 1018 1762 de
1039 1737 1166 1769 piusieurs
1187 1735 1313 1765 muscles;
1333 1741 1398 1760 ceux
1421 1734 1453 1759 de
1474 1735 1576 1767 l'origi-

59 1793 77 1807 n
93 1783 128 1802 ne
143 1777 260 1812 desquels
279 1782 302 1806 la
323 1782 375 1808 tete
396 1782 429 1808 de
449 1784 501 1809 l'os
522 1784 696 1818 s'approche‚
714 1791 773 1811 sont
794 1785 916 1814 relaxes,
940 1789 967 1809 et
992 1789 1081 1813 ceux,
1107 1782 1153 1815 qui
1175 1787 1233 1806 sont
1257 1781 1316 1806 dans
1336 1788 1371 1806 un
1397 1788 1438 1806 cas
1463 1784 1575 1807 contrai-

58 1839 77 1854 „
94 1829 142 1854 re,
170 1831 228 1850 sont
249 1828 310 1858 ptus
331 1835 366 1853 ou
393 1830 477 1855 moins
499 1831 618 1857 tirailles.
644 1837 670 1857 et
689 1831 750 1857 dans
775 1839 824 1857 une
847 1831 930 1856 action
953 1830 1012 1862 plus
1037 1836 1073 1854 ou
1098 1829 1179 1853 moins
1201 1827 1345 1854 violente.”
1381 1827 1463 1854 Conf.
1489 1828 1574 1854 Bonn¹

59 1869 80 1896 ¹·
97 1876 122 1896 c·
147 1877 175 1902 Ρ.
193 1876 234 1898 ιι.
259 1873 324 1900 Bell.
344 1875 362 1900 1.
380 1882 406 1901 c.
424 1875 503 1902 Mave
523 1878 562 1902 ein
582 1877 667 1903 Klein.
685 1878 809 1910 Beytrag.
827 1883 879 1903 cet.
902 1884 930 1909 p.
944 1877 975 1903 68
994 1883 1048 1908 seq.
1076 1875 1101 1899 in
1122 1874 1275 1900 Mursinna's
1298 1874 1388 1908 Journ.
1406 1873 1426 1899 f.
1443 1873 1485 1899 die
1507 1874 1575 1900 Chi·

62 1920 131 1947 turg-
149 1921 201 1943 cet.
221 1924 231 1942 1
246 1917 295 1944 Be.
314 1926 324 1945 1
339 1925 372 1947 st.
389 1921 422 1948 A.
443 1923 543 1949 Portal.
561 1924 651 1949 Cours
675 1923 779 1951 d'Anat.
797 1924 872 1950 Med.
895 1929 947 1949 cet.
966 1930 986 1949 t.
1003 1930 1029 1949 2.
1047 1929 1074 1954 p.
1096 1921 1142 1955 461
1165 1928 1223 1954 seq.
1249 1921 1316 1947 Paris
1335 1920 1407 1954 1804.
1426 1921 1487 1947 8vo.

97 1958 165 1994 (4)
185 1962 281 1995 Boyer.
303 1966 379 1991 [raite'
395 1966 443 1993 des
462 1969 521 1994 mal.
541 1976 593 1996 cet.
616 1976 635 1996 t.
654 1970 711 2002 187.
729 1969 811 1996 dicit:
830 1971 849 1995 si
870 1970 924 1995 l’on
945 1969 1084 1995 considere
1101 1968 1128 1992 le
1147 1966 1242 1992 malade
1262 1974 1293 1992 en
1317 1967 1374 1992 face
1398 1974 1432 1992 ou
1450 1973 1494 1999 par
1512 1966 1573 1992 der.

61 2005 146 2035 fiere,
165 2013 256 2040 etque
271 2010 325 2036 l'on
342 2013 469 2046 prolonge
489 2014 640 2040 idealement
664 2022 694 2041 en
711 2015 770 2040 haut
791 2016 814 2040 la
839 2016 905 2047 ligne
925 2016 1026 2042 axuelle
1050 2014 1084 2039 du
1104 2013 1176 2044 bras,
1196 2013 1241 2045 qui
1261 2013 1380 2045 presente
1402 2014 1424 2037 la
1443 2013 1571 2038 direction

63 2049 269 2085 ‘321'hflffl01ss52
287 2063 356 2083 cette
375 2059 443 2091 ligne
466 2067 497 2085 ne
519 2061 608 2087 tombe
629 2062 702 2094 point
718 2061 777 2086 dans
799 2061 831 2096 leq
844 2068 935 2087 centre
958 2061 991 2086 du
1008 2061 1132 2091 moignon
1152 2059 1183 2084 de
1208 2059 1335 2092 l'epaule‚
1359 2065 1458 2084 comme
1478 2059 1525 2083 elle
1546 2059 1571 2082 le

64 2095 111 2122 fait
132 2097 192 2123 dans
215 2100 239 2125 te
258 2101 316 2126 bras
339 2103 373 2128 du
394 2105 456 2131 cote
481 2108 553 2140 sain,
568 2107 629 2133 mais
650 2108 698 2134 elle
720 2114 747 2133 se
772 2107 877 2134 termine
895 2115 930 2134 un
954 2114 1007 2140 peu
1028 2112 1059 2132 au
1090 2105 1196 2132 dessous
1215 2112 1241 2131 et
1262 2112 1293 2131 en
1315 2104 1408 2130 dedans
1428 2104 1460 2130 de
1481 2104 1571 2136 l’angle

66 2142 191 2170 auterieur
214 2144 246 2172 de
261 2147 440 2181 l'ornoplate.''
