1919 2511
309 166 348 193 26
641 159 820 192 ANTONII
839 157 1017 190 HENRICI
1035 165 1102 188 VAN
1121 165 1190 189 DER
1210 157 1326 190 BOON
1344 159 1498 192 MESCH

305 245 394 283 igitur
418 243 624 282 hydrochloras
644 249 672 272 et
687 241 927 281 sulfas<potassae
949 233 979 272 et
998 235 1106 280 sodae3
1127 250 1191 273 nam
1210 242 1273 273 alio
1289 244 1357 275 loco
1385 244 1486 276 scribit
1503 244 1693 284 Sa'ussun'us,
1714 253 1746 276 se
1760 256 1814 278 no·

307 298 382 327 mine
408 296 509 326 salium
533 296 716 325 alcalinorum
736 295 860 325 indicare
879 303 950 331 eos,
979 293 1028 331 qui
1056 295 1104 324 vel
1127 295 1225 324 sodam
1243 296 1454 333 velpotassam
1470 298 1518 328 vel
1536 298 1703 327 ammoniam
1725 299 1819 330 conti-

304 356 372 378 nent
394 347 482 386 (1);
505 347 672 376 ammoniam
687 346 786 376 'autem
806 347 835 376 in
862 345 943 375 humi
962 345 1057 375 cinere
1073 353 1133 375 non
1152 345 1276 376 inveniri
1290 347 1403 385 'quippe
1429 348 1524 378 calore
1542 350 1736 386 destructam,
1757 358 1818 380 non

303 407 379 436 opus
399 405 443 427 est
461 397 568 427 dicere.
606 397 725 427 Cineres
737 418 747 434 ,
770 397 876 434 quibus
889 405 958 426 usus
976 403 1019 425 est
1032 390 1221 435 Saussurius,
1242 398 1312 428 facti
1330 405 1409 429 erant
1428 408 1464 429 ex
1481 400 1570 429 humo
1587 401 1715 429 desumta
1725 408 1819 437 prope

302 457 434 479 truncum
459 457 582 485 quercus
609 447 742 483 roboris,
771 449 891 477 multos·
905 447 993 484 pedes
1014 445 1090 475 infra
1112 448 1228 485 solum,
1250 449 1335 486 eique
1353 449 1508 487 constitit,
1528 452 1627 480 harum
1648 459 1703 480 100
1722 456 1818 488 partes

302 501 448 529 continere
466 508 502 536 24
522 499 622 528 salium
634 498 915 534 aqua‘solubilium‚
933 498 1168 535 hydrochloratis
1178 502 1265 531 credo
1282 508 1311 531 et
1329 502 1443 532 sulfatis
1454 510 1585 540 potassae
1603 509 1632 532 et
1646 502 1731 531 sodae
1747 501 1819 532 alio-

301 558 441 586 rumque,
461 557 531 586 10,5
545 549 741 586 phosphatum
759 549 936 579 terrestrium
947 570 958 586 ‚
970 557 1006 579 10
1016 550 1200 580 carbonatum
1216 553 1413 590 terrestrium,
1433 563 1470 592 3²
1485 553 1609 590 silicia,
1633 560 1644 583 1
1664 553 1818 590 aluminis,

302 610 336 637 14
361 601 521 638 oxydorum
548 602 749 636 metallorum,
776 600 842 629 dum
865 601 918 637 8‚5
942 608 1039 638 partes
1059 602 1222 639 deperditae
1239 611 1319 634 erant
1337 605 1416 642 (η).
1454 604 1555 642 Atque
1577 605 1675 634 harum
1692 604 1817 641 partium

299 652 432 688 copiam,
461 658 494 680 ut
518 651 574 689 jam
601 651 746 687 diximus,
775 650 917 680 diversam
946 652 1030 682 etiam
1057 661 1120 682 esse
1143 663 1199 691 pro
1229 654 1352 686 diversis
1378 655 1472 691 locis,
1501 664 1517 684 e
1544 657 1648 693 quibus
1669 656 1814 687 desumta‚

299 711 332 731 ex
365 703 409 731 his
441 702 582 739 probatur
597 702 743 732 Saussurii
772 701 989 738 experimentis.
1037 705 1152 736 Invenit
1177 706 1252 736 enim
1277 706 1403 737 cinerum
1430 707 1549 736 extracti
1574 707 1653 736 humi
1676 715 1692 736 a
1716 706 1816 743 planta

298 755 455 791 formatae,
476 755 524 784 cui
549 763 655 784 nomen
670 753 909 792 Rhododeudron
933 753 1153 793 ferrugineum,
1173 765 1202 786 et
1226 758 1373 788 desumtae
1395 766 1411 787 e
1435 764 1532 787 monte
1552 758 1640 795 Jura,
1667 757 1717 794 qui
1734 764 1817 786 mons

296 808 443 836 calcareas
464 813 529 842 est,
553 814 608 836 100
622 811 717 843 partes
734 804 883 834 continere
900 813 937 843 27
956 806 1059 835 salium
1085 815 1159 844 aqua
1182 808 1371 845 solubilium,
1395 809 1483 845 16‚75
1501 808 1694 844 phosphatum
1711 813 1817 836 terres-

298 858 405 895 trium,
427 868 443 896 3
456 858 583 895 siliciae,
603 866 674 896 0,12
699 858 833 888 aluminis
852 864 880 887 et
902 860 1099 897 3⁴oxydorur'n
1118 861 1298 890 metallorum
1318 859 1399 899 (3).
1436 858 1514 888 Dum
1537 864 1637 888 contra
1656 857 1691 886 ab
1715 856 1816 886 iisdem

296 909 402 946 plantis
417 909 553 939 formatae
577 910 657 939 humi
675 909 813 946 extracti,
834 918 934 940 verum
959 912 1105 942 desumtae
1125 920 1159 941 ex
1183 918 1280 942 monte
1295 912 1462 950 gramineo,
1482 911 1602 940 Breven.
1616 909 1713 942 dicto,
1738 909 1817 938 cine·

296 970 359 990 rum
381 970 435 990 100
451 969 547 999 partes
566 961 591 990 ei
618 961 831 998 praebuerunt,
854 971 892 998 24
918 962 1020 993 salium
1040 965 1115 1000 aqua
1137 963 1327 999 solubilium,
1351 971 1384 1000 13
1403 962 1598 999 phosphatum
1616 959 1817 996 terrestrium,

297 1021 333 1048 17
350 1012 536 1042 carbonatum
554 1012 753 1049 terrestrium,
783 1021 820 1050 14
845 1013 975 1048 siliciae,
1004 1022 1076 1050 0‚12
1100 1014 1254 1049 aluminis,
1285 1023 1320 1043 10
1344 1013 1505 1050 oxydorum
1527 1013 1707 1041 metallorum
1735 1009 1816 1048 (4).

296 1064 399 1101 Oxyda
419 1071 511 1094 autem
528 1064 668 1093 metallica
692 1070 780 1101 sunt,
806 1065 981 1094 testantibus
1007 1065 1135 1095 Thaerio
1162 1071 1192 1095 et
1215 1064 1374 1101 Einhofio,
1404 1070 1431 1093 et
1446 1063 1572 1100 oxydum
1598 1062 1669 1092 ferri
1693 1068 1721 1091 et
1744 1069 1817 1098 oxy-

294 1116 360 1145 dnm
385 1115 589 1153 manganesii,
605 1123 676 1151 quae
702 1124 755 1152 ego
781 1115 863 1145 etiam
887 1116 918 1145 in
941 1117 1030 1146 humo
1055 1117 1166 1147 inveni.

331 1168 429 1203 Atque
451 1176 511 1196 non
536 1166 677 1194 immerito
702 1165 824 1196 Kortiusr
845 1167 967 1204 scribit,
990 1175 1105 1204 semper
1123 1167 1315 1205 magnesiam,
1344 1168 1455 1196 calcem
1479 1171 1507 1195 et
1530 1164 1650 1195 siliciam
1669 1165 1699 1195 in
1725 1165 1815 1194 humo

293 1217 415 1247 inveniri
443 1217 533 1254 (5);
564 1225 617 1253 ego
641 1216 715 1246 enim
741 1217 771 1246 in
799 1217 877 1247 omni
902 1218 992 1248 humo
1021 1219 1106 1249 hasce
1141 1226 1231 1249 terras
1257 1218 1371 1256 reperi,
1402 1226 1488 1255 saepe
1514 1217 1598 1246 etiam
1625 1216 1764 1246 sulfatenr
1786 1222 1815 1245 et

293 1270 413 1298 multum
436 1268 670 1305 hydrochloratis
697 1268 805 1305 calcis,
826 1270 978 1300 aluminam
1001 1270 1062 1300 fere
1079 1279 1212 1308 semper,
1233 1269 1358 1306 denique
1379 1269 1619 1298 diversos-sales.
1658 1267 1706 1297 Ad
1733 1268 1812 1297 dete-

293 1321 415 1356 gendum
442 1321 536 1356 sales,
570 1327 659 1349 terras
683 1327 711 1349 et
734 1321 829 1357 oxyda
850 1323 1032 1352 metallorum
1058 1323 1157 1361 humi,
1179 1324 1235 1353 hoc
1250 1323 1432 1360 potissimum
1455 1322 1542 1351 modo
1557 1330 1628 1351 usus
1645 1329 1730 1350 sum:
1753 1329 1812 1358 quo

292 1371 403 1401 diversa
427 1371 506 1400 humi
523 1380 626 1408 genera
642 1371 756 1408 saepius
774 1374 933 1409 exploravi.
974 1375 1100 1405 Primum
1127 1375 1243 1404 humum
1268 1374 1350 1410 aquis
1372 1373 1485 1410 frigidis
1499 1372 1573 1409 lavi,
1596 1372 1702 1409 quibus
1721 1372 1812 1401 susci-

292 1422 424 1459 piebatur
441 1423 648 1459 hydrochloras
665 1423 751 1453 calcis
767 1430 795 1452 et
817 1424 927 1461 aliquid
945 1425 1178 1463 hydrochloratis
1192 1433 1220 1456 et
1237 1424 1350 1455 sulfatis
1370 1431 1501 1461 potassae
1518 1429 1547 1452 et
1565 1423 1669 1456 sociae,
1685 1422 1824 1459 aliquan:

293 1474 330 1502 do
349 1474 491 1503 tantillum
511 1473 683 1511 phosphatis
706 1481 860 1511 potassae:
884 1477 949 1506 dein
969 1478 1087 1507 humum
1104 1478 1188 1514 aquis
1204 1476 1289 1514 coxi,
1314 1475 1421 1513 quibus
1436 1475 1529 1504 adhuc
1549 1473 1657 1510 aliquid
1676 1481 1813 1502 memora·

292 1532 388 1553 torum
405 1525 506 1554 salium
529 1525 606 1555 solvi
633 1525 763 1563 solebat3
783 1528 840 1566 jam
866 1528 984 1558 humum
1009 1530 1143 1559 siccatam
1160 1530 1190 1560 in
1209 1538 1278 1560 vase
1301 1528 1424 1566 platinae
1449 1533 1566 1556 strenue
1585 1526 1647 1555 ussi
1666 1532 1694 1555 et
1711 1533 1812 1562 super·

293 1577 387 1605 stitem
405 1577 547 1606 miscelam
568 1578 597 1607 in
615 1579 763 1614 pulverem
784 1581 1017 1611 subtulissimum
1039 1582 1195 1612 contritum
1213 1580 1291 1610 varie
1316 1579 1477 1616 exploravi.
1516 1577 1591 1615 EJ'us
1613 1583 1721 1614 partem
1743 1584 1809 1605 cnm

292 1627 373 1655 acido
392 1627 534 1657 sulfurico
559 1629 652 1658 diluto
674 1630 762 1667 coxi,
793 1640 822 1660 et
844 1631 932 1661 affudi
959 1632 1067 1669 liquori
1090 1640 1225 1663 acetatem
1250 1630 1382 1669 plumbi,
1410 1629 1688 1667 praecipitatumque
1709 1627 1810 1664 pulve-

293 1686 350 1707 rem
376 1679 502 1708 examine
524 1681 657 1717 apparuit
680 1690 762 1719 csse,
791 1683 981 1719 phosphatem
1006 1685 1151 1722 plumbi3,
1170 1685 1243 1714 alter
1267 1683 1349 1712 albus
1374 1680 1473 1720 pulvis
1503 1686 1562 1709 erat
1584 1678 1675 1708 sulfas
1701 1676 1806 1713 calcis3

293 1730 334 1758 sic
358 1731 428 1759 adeo
452 1730 479 1760 in
502 1731 590 1759 humo
616 1732 805 1771 phosphatem
830 1734 916 1762 calcis
943 1734 1039 1766 inveni
1049 1736 1170 1774 „idque
1191 1735 1345 1771 frequens;
1369 1739 1477 1770 partem
1502 1732 1532 1762 in
1554 1730 1705 1759 crucibulo
1724 1728 1808 1765 plati-

292 1788 344 1808 rae
370 1789 433 1808 cum
457 1788 571 1816 potassa
595 1783 720 1812 caustica
750 1791 832 1813 caute
854 1784 881 1814 in
905 1786 1006 1816 ardore
1030 1787 1106 1824 ignis
1134 1788 1232 1816 horam
1255 1785 1356 1820 tenui3
1379 1783 1459 1812 fusae
1490 1783 1621 1811 miscelae
1641 1780 1728 1810 affudi
1751 1778 1807 1808 aci-

294 1831 359 1859 dum
388 1831 644 1867 hydrochloricum
669 1833 791 1867 dilutum
825 1837 934 1866 tamdiu
963 1838 1033 1875 quid
1061 1841 1250 1875 solveretur,
1277 1835 1452 1866 solutionem
1480 1836 1558 1866 lente
1583 1833 1618 1863 ad
1648 1831 1817 1863 siccitatem.

1756 1883 1807 1912 de·

326 1964 341 1999 (
356 1973 365 1991 1
381 1964 396 1997 )
414 1966 475 1993 Vid.
499 1967 622 1992 Saussure
637 1968 655 1992 l.
675 1968 693 1993 l.
711 1975 770 2001 pag.
786 1969 845 2002 284.

325 2011 390 2046 (2)
409 2012 469 2038 Vid.
488 2013 611 2038 Saussure
629 2013 657 2038 in·
671 2013 765 2040 Tables
781 2014 827 2042 des
844 2017 972 2050 Analyses
990 2017 1044 2045 No.
1065 2024 1120 2046 ια..

326 2057 394 2093 (3)
411 2059 616 2087 vid..saussure
635 2061 658 2085 in
677 2061 744 2090 Tab.
760 2063 796 2090 N.
809 2071 853 2096 77.

326 2103 395 2138 (4)
413 2105 478 2132 Vid.
497 2106 619 2132 Sanssure
640 2107 665 2134 in
682 2108 746 2137 Tab.
764 2109 876 2144 N<·‹’9·
896 2116 922 2138 et
943 2111 967 2137 in
987 2111 1091 2146 Journal
1116 2110 1149 2137 de
1171 2110 1304 2145 Physique
1324 2115 1388 2136 tom·
1408 2107 1455 2135 1214
1473 2113 1532 2140 pag·
1544 2113 1571 2141 95
1591 2112 1621 2134 et
1635 2110 1724 2138 seqq·-

325 2150 364 2187 (5
375 2150 469 2187 )¹Vid.
488 2151 567 2180 Korte
584 2153 652 2181 l..l·.
