1919 2511
351 124 369 154 8
604 118 835 152 CLAUDII
871 116 1107 150 HENRICI
1145 125 1229 148 VAN
1269 117 1620 150 HERWERDEN

387 203 595 235 Assentiuntur
616 203 657 232 iili
680 202 836 239 Egiiihardi
858 203 895 239 (1
912 202 927 239 )
947 210 999 230 nec
1017 209 1075 230 non
1098 201 1270 231 Francorum
1298 203 1412 232 annales
1438 201 1593 232 Fuidenses
1614 199 1693 240 (e).
1735 202 1855 234 Accedit

351 259 450 295 quod,
475 266 561 293 quum
578 256 702 284 Saxones
723 264 796 283 anno
818 254 949 290 sequenti
971 253 1054 281 armis
1079 252 1177 282 Caroli
1203 260 1387 289 peterentur,
1409 262 1504 282 eorum
1529 261 1599 282 vero
1616 255 1736 290 majores
1753 250 1827 284 ¹natu
1841 276 1851 291 ‚

354 310 403 345 qui
425 313 591 342 cernerent,
614 306 731 335 Francis
752 305 885 351 resistere
904 313 934 333 se
951 304 1058 333 frustra
1073 304 1192 340 conari,
1215 313 1310 340 pacem
1329 314 1343 333 a
1361 313 1426 342 rege
1450 312 1598 341 rogarent,
1622 305 1672 333 hac
1695 301 1779 341 datd',
1802 306 1854 334 mi-

348 361 424 389 ninie
451 367 571 394 omnes,
592 359 641 386 sed
662 364 770 386 tantum
798 357 933 393 permulti
961 365 1057 384 eorum
1082 355 1252 391 baptismum
1280 356 1453 392 receperint.
1494 356 1583 393 Quod
1609 355 1723 391 quidem
1751 357 1852 386 ninon

348 412 435 439 modo
451 419 510 439 non
530 409 697 437 necessitate
715 407 803 436 adacti
822 406 925 435 fecisse
944 407 1078 435 videntur
1092 427 1101 442 ,
1123 407 1173 435 sed
1198 407 1279 436 etiam
1307 415 1549 443 supervacaneum
1576 407 1750 443 praestitisse
1765 416 1852 444 opus.

347 462 485 492 Cat-oium
502 461 576 489 enim
604 460 730 496 praebita
755 459 810 487 sibi
833 458 996 487 obedientia
1021 465 1188 487 contentum
1215 457 1307 487 fuisse
1328 458 1443 494 opinor.
1483 458 1573 496 Quod
1596 457 1679 486 etiam
1702 466 1736 486 ex
1761 458 1854 495 Egin-

350 513 440 542 itai-do
467 510 620 546 conficias,
644 517 691 538 aut
708 509 843 545 quisquis
868 508 1008 538 annalium
1030 511 1089 546 eJ‘us
1114 509 1228 538 nomine
1255 510 1459 546 inscriptorum
1478 515 1579 538 auctor
1601 510 1658 543 sir,
1681 506 1754 545 qui,
1773 510 1855 546 „im-

352 582 371 596 ,‚
395 560 519 590 inensa’'
541 560 634 596 inquit
657 581 675 595 „
690 561 792 596 populi
810 560 963 588 multitudo
983 561 1063 588 velut
1079 561 1180 588 devota
1201 567 1228 589 et
1247 562 1373 597 supplex
1391 560 1415 588 ei
1435 560 1547 589 obviam
1565 559 1655 590 venit.
1697 561 1753 590 Cui
1772 561 1855 598 igno-

349 633 368 647 „
388 611 442 640 vit.
482 611 543 639 Eos
563 612 610 647 qui
635 620 665 640 se
683 611 863 641 Christianos
884 610 946 639 fieri
970 613 1044 640 velle
1074 612 1221 647 dicerent,
1245 611 1383 648 baptizari
1407 611 1476 640 fecit
1504 609 1615 648 (3).⁷’
1656 610 1771 648 Quibus
1791 621 1855 642 ver·

347 663 391 691 bis
411 663 514 691 diserte
537 663 713 699 declaratur,
737 662 920 697 Saxonibus‚
956 663 1005 698 qui
1034 663 1141 691 Caroio
1169 669 1319 699 parerent,
1350 662 1519 698 permissum
1542 661 1653 699 fuisse,
1682 672 1751 692 num
1771 665 1855 694 etiam

343 713 413 750 Jesu
431 722 527 750 parere
547 716 671 749 vellent,
689 723 723 742 an
741 721 811 742 vero
827 713 855 741 in
871 715 950 741 cuitu
972 713 1130 749 patriorum
1147 714 1273 742 Deorum
1295 721 1476 750 perseverare
1491 720 1628 744 amarent.
1670 715 1724 743 Vel
1742 715 1855 745 duobus

345 764 427 793 annis
450 770 515 800 post
533 772 548 792 a
567 764 674 793 CaroIo
694 764 786 792 eadem
806 769 934 799 potestas
952 771 980 792 et
1008 764 1091 800 optio
1107 765 1270 793 Saxonibus
1287 765 1349 793 data
1368 763 1495 792 videtur.
1536 765 1633 802 Quum
1661 766 1733 794 enirn
1754 766 1856 803 ingen-

347 822 402 844 tem
418 815 586 844 concionem
606 824 704 843 eorum
723 814 947 844 Paterbrunnam
971 822 1197 851 convocaverat,
1214 814 1360 843 maximam
1377 821 1485 851 partem
1502 823 1536 844 ex
1553 814 1588 844 iis
1603 814 1773 852 baptizatam
1788 823 1852 848 esse

344 866 605 903 accepimuseffl).
647 866 725 903 Quid
748 866 779 895 ni
803 875 872 895 vero
901 875 1012 896 omnem
1044 867 1154 896 turbam
1180 866 1307 902 recipere
1332 865 1541 895 sanctissimum
1570 867 1656 895 ritum
1686 868 1800 905 coegit,
1830 870 1856 898 si

348 918 461 953 quidem
487 916 563 946 hune
592 917 710 945 maxime
737 926 857 953 scopum
876 919 979 954 petiit,
1011 925 1042 947 ut
1066 919 1186 949 Christo
1210 927 1315 948 nomen
1339 926 1438 947 omnes
1463 913 1597 947 darent‘.²¹
1627 920 1708 954 Ipsae
1732 915 1855 956 denique

346 976 391 996 res
411 968 509 997 Caroli
526 974 620 1004 gestae
641 967 693 996 alia
712 968 768 996 duo
789 970 916 1004 exempla
933 969 1075 1007 offerunt,
1097 980 1131 999 ex
1150 970 1254 1007 quibus
1281 976 1418 1006 apparet,
1440 969 1542 1005 illum,
1564 970 1704 1005 prospera
1730 970 1761 999 in
1777 970 1856 1000 bello

345 1018 463 1048 fortuna
482 1024 630 1054 utentem,
652 1018 737 1047 arinis
753 1019 970 1055 haudquaquam
989 1020 1060 1057 Jesu
1085 1020 1243 1050 doctrinam
1270 1019 1399 1058 junxisse
1427 1019 1512 1048 vrctis
1536 1019 1736 1055 recipiendam.
1771 1021 1855 1051 Nam

342 1079 409 1099 cum
423 1070 452 1099 in
469 1070 570 1099 Slavos
587 1070 709 1106 primum
727 1070 978 1106 proficisceretur,
1000 1079 1049 1099 eos
1069 1079 1139 1099 vero
1165 1072 1199 1100 ad
1222 1071 1413 1099 resistendum
1442 1078 1495 1098 nec
1512 1069 1654 1107 idoneos,
1678 1067 1856 1109 neque-pro.

343 1129 399 1150 nos
415 1127 566 1157 cerneret,
588 1119 764 1156 confestim,
785 1121 912 1157 acceptis
938 1121 1108 1158 obsidibus,
1136 1124 1216 1151 nulla
1239 1121 1354 1151 Christi
1375 1121 1452 1150 facta
1474 1121 1637 1157 mentione,
1658 1122 1688 1151 in
1708 1119 1854 1154 Franciar'n

345 1182 477 1203 reversus
493 1173 639 1211 est.(5).
680 1173 787 1208 Neque
817 1174 1009 1211 Sarracenos,
1040 1175 1213 1211 quibuscum
1236 1181 1294 1201 rem
1310 1171 1436 1208 —saepius
1462 1172 1581 1208 habuit,
1602 1180 1737 1208 umquam
1756 1175 1852 1205 horta-

345 1230 393 1253 tus
411 1232 474 1253 esse
491 1224 616 1259 dicitur,
637 1230 669 1252 ut
685 1223 738 1251 sub
754 1224 824 1261 Jesu
841 1224 1009 1255 militarent.
1050 1226 1112 1255 Aut
1133 1231 1239 1263 sponte
1262 1224 1374 1254 scilicet
1399 1224 1508 1253 Carolo
1533 1220 1785 1263 obtemperabant,
1806 1233 1856 1257 aut

342 1275 373 1304 vi
389 1275 423 1303 ad
438 1274 626 1304 obedientiam
645 1274 728 1303 inviti
746 1275 948 1312 redigebantur
967 1276 1047 1314 (6).
1541 1284 1543 1290 ⁴
1736 1290 1739 1296 ¹
1760 1289 1761 1292 ¹
1786 1279 1788 1282 ’
1824 1278 1837 1281 ’“

383 1325 408 1354 E
430 1325 639 1355 recentioribus
658 1326 707 1361 qui
733 1332 808 1355 stant
825 1329 847 1355 *a
868 1329 949 1363 p'arte
972 1325 1116 1357 contraria
1133 1329 1224 1366 (7),
1254 1329 1433 1365 scriptores,
1462 1334 1536 1363 quos
1560 1321 1789 1364 consuluerunt,
1805 1321 1856 1359 ve·-

346 1382 443 1413 teres,
465 1383 512 1405 aut
526 1385 645 1413 prorsus
666 1377 884 1412 noniaudan-t,
911 1383 960 1406 aut
978 1378 1124 1414 omnium„
1152 1386 1185 1408 ut
1210 1376 1248 1408 ita
1267 1379 1377 1414 dicam,
1407 1384 1529 1407 aetatum
1557 1379 1671 1414 decepti
1695 1380 1857 1423 sententiii‚

347 1435 407 1456 non
427 1428 496 1456 satis
514 1434 645 1456 accurate
661 1427 820 1463 inspexisse
837 1427 982 1458 videntur.
1024 1429 1071 1458 Sic
1095 1427 1220 1467 uterque
1244 1430 1430 1465 Schmidius,
1454 1437 1537 1465 quam
1562 1436 1679 1458 secutus
1705 1431 1744 1459 sit
1758 1439 1857 1461 aucto-

336 1478 477 1514 ritatem,
498 1488 565 1509 non
592 1478 742 1514 professus
767 1485 822 1509 est.
873 1479 1052 1509 Schrdckius
1073 1488 1190 1517 autem,
1217 1481 1304 1510 vitam
1334 1479 1452 1510 Caroli
1465 1480 1589 1517 Magni,
1618 1481 1653 1509 ab
1680 1473 1856 1530 Eginhardo

343 1529 501 1566 scriptam,
522 1529 659 1566 laudans,
680 1538 739 1559 non
757 1530 902 1567 cogitasse
929 1531 1042 1562 videtur
1055 1552 1067 1570 ,
1088 1522 1258 1563 actuarium
1264 1532 1395 1570 regium,
1418 1531 1483 1569 quia
1502 1532 1664 1562 universam
1689 1533 1857 1563 saxonicam

1014 1592 1016 1597 ·
1130 1592 1131 1595 ¹
1348 1591 1350 1596 ⁷
1746 1585 1774 1605 vs
1807 1585 1856 1614 e'x·

379 1661 445 1697 (1)
462 1663 503 1690 Ad
517 1670 608 1690 annum
620 1671 681 1698 775.
697 1666 715 1692 i.
729 1668 750 1692 1.
768 1675 796 1699 p.
814 1674 873 1694 202.
1009 1658 1072 1702 (2)
1091 1668 1169 1733 Apud
1193 1669 1335 1725 Bouquet,
1352 1674 1382 1700 p.
1394 1666 1453 1699 328.

379 1707 445 1742 (3)
463 1710 540 1742 Apud
555 1711 689 1743 Bouquer,
712 1719 739 1743 p.
755 1719 813 1744 203.

380 1753 443 1789 (4)
463 1755 560 1788 Eginh.
576 1756 645 1783 Anu.
657 1764 684 1789 p.
698 1762 755 1790 253·
773 1765 815 1790 ap.
831 1759 960 1791 Bouquet.
974 1759 1019 1787 eff.
1035 1760 1105 1788 Ann.
1120 1762 1211 1789 Franc.
1235 1760 1328 1786 Petav.
1348 1765 1375 1792 p.
1392 1765 1433 1792 14.
1453 1756 1522 1797 apud
1547 1757 1677 1791 Bouquet.
1693 1759 1760 1786 Arm.
1779 1758 1856 1787 Poet.

346 1799 425 1827 Saxo.
440 1802 457 1826 i.
470 1802 488 1828 1.
507 1808 547 1829 ve.
562 1808 620 1834 343.
757 1802 818 1838 (5)
840 1805 934 1837 Eginh.
950 1807 1017 1834 Ann.
1033 1814 1061 1839 p.
1073 1814 1134 1840 209.
1152 1814 1194 1839 ap.
1207 1807 1338 1838 Bouquet.

383 1845 535 1880 (6)Ann.
559 1848 634 1875 Poe't.
655 1849 714 1877 Sax.
740 1851 759 1876 i.
774 1857 799 1882 3.
823 1858 862 1878 vs.
884 1858 933 1883 321
959 1859 1018 1884 sqq
1045 1859 1086 1879 vs.
1102 1858 1136 1885 55
1152 1859 1211 1885 sqq.
1255 1851 1354 1883 Eginh.
1376 1849 1444 1876 Arm.
1465 1848 1496 1874 ad
1522 1856 1579 1876 ann.
1595 1849 1658 1883 778.
1683 1857 1710 1882 p.
1731 1855 1790 1882 203.
1814 1858 1856 1884 ap.

350 1893 436 1925 Bouq·
470 1892 529 1919 Vita
555 1894 582 1921 S.
608 1895 736 1928 Geuuifi,
761 1897 778 1923 1.
798 1896 835 1923 11.
859 1904 884 1924 c.
897 1903 923 1930 5.
948 1905 975 1931 p.
987 1905 1049 1931 470.
1071 1906 1113 1932 ap.
1139 1899 1268 1931 Bouquet.
1304 1896 1368 1922 -Vita
1384 1895 1540 1927 willelmi,
1562 1902 1609 1921 no·
1624 1901 1650 1928 5.
1674 1895 1703 1921 ad
1727 1896 1792 1924 aniz.)
1786 1903 1855 1960 793.

349 1940 369 1964 1·
386 1940 404 1965 ¹
422 1946 526 1972 p.471.
1722 1945 1765 1961 ·'·

384 1983 448 2018 (7)
469 1985 510 2011 M.
529 1985 554 2019 J.
573 1986 710 2020 Schmidt,
737 1988 901 2015 Geschichte
922 1989 966 2015 der
989 1990 1173 2018 Teutscheni.
1186 1991 1205 2017 1.
1229 1997 1258 2023 p.
1270 1993 1315 2015 οι.
1348 1987 1373 2023 1.
1390 1988 1425 2014 E.
1441 1987 1475 2015 C.
1492 1987 1629 2019 Schmidt,
1648 1987 1792 2014 Handhucii
1809 1987 1856 2014 der

352 2030 458 2058 Christi.
477 2031 678 2065 Kirchengesch.
697 2040 717 2062 t.
731 2035 778 2063 1v.
796 2043 823 2068 p.
837 2037 880 2069 89.
913 2034 1070 2065 schrecki.
1089 2037 1107 2065 1.
1125 2043 1143 2065 t.
1159 2036 1232 2065 XIX·
1248 2043 1276 2071 p-
1290 2040 1354 2070 255,
1371 2034 1431 2068 356·
1467 2033 1611 2067 Meseni.
1625 2032 1645 2062 ¹·
1663 2031 1690 2069 Ρ’
1705 2042 1776 2068 27¹2
1790 2041 1855 2069 272,

352 2084 414 2110 273.
431 2084 514 2107 rio-a·
548 2078 745 2114 Dippoidt1.1.
763 2088 847 2116 p.43.
