<?xml version="1.0" encoding="UTF-8"?>
<!DOCTYPE html PUBLIC "-//W3C//DTD XHTML 1.0 Transitional//EN"
    "http://www.w3.org/TR/xhtml1/DTD/xhtml1-transitional.dtd">
<html xmlns="http://www.w3.org/1999/xhtml" xml:lang="en" lang="en">
 <head>
  <title>
</title>
<meta http-equiv="Content-Type" content="text/html;charset=utf-8" />
  <meta name='ocr-system' content='tesseract 3.04.00' />
  <meta name='ocr-capabilities' content='ocr_page ocr_carea ocr_par ocr_line ocrx_word'/>
</head>
<body>
  <div class='ocr_page' id='page_1' title='image "annalesacademiae24rijk_0250.png"; bbox 0 0 1919 2511; ppageno 0'>
   <div class='ocr_carea' id='block_1_1' title="bbox 279 193 1487 233">
    <p class='ocr_par' dir='ltr' id='par_1_1' title="bbox 279 193 1487 233">
     <span class='ocr_line' id='line_1_1' title="bbox 279 193 1487 233; baseline -0.002 -2"><span class='ocrx_word' id='word_1_1' title='bbox 279 210 313 233; x_wconf 63' lang='lat'>50</span> <span class='ocrx_word' id='word_1_2' title='bbox 581 195 776 228; x_wconf 88' lang='lat' dir='ltr'><strong>PETRI</strong></span> <span class='ocrx_word' id='word_1_3' title='bbox 825 193 1176 225; x_wconf 77' lang='lat' dir='ltr'>ABRAHAMI</span> <span class='ocrx_word' id='word_1_4' title='bbox 1219 194 1487 233; x_wconf 83' lang='lat' dir='ltr'>JELTES.·</span> 
     </span>
    </p>
   </div>
   <div class='ocr_carea' id='block_1_2' title="bbox 279 277 1792 828">
    <p class='ocr_par' dir='ltr' id='par_1_2' title="bbox 316 277 1299 322">
     <span class='ocr_line' id='line_1_2' title="bbox 316 277 1299 322; baseline -0.006 -10"><span class='ocrx_word' id='word_1_5' title='bbox 316 287 360 322; x_wconf 80' lang='lat'>2)</span> <span class='ocrx_word' id='word_1_6' title='bbox 390 281 437 311; x_wconf 75' lang='lat' dir='ltr'>Dc</span> <span class='ocrx_word' id='word_1_7' title='bbox 454 279 678 319; x_wconf 75' lang='lat' dir='ltr'>symptomatibus</span> <span class='ocrx_word' id='word_1_8' title='bbox 700 281 731 308; x_wconf 81' lang='lat' dir='ltr'>in</span> <span class='ocrx_word' id='word_1_9' title='bbox 757 278 870 307; x_wconf 80' lang='lat' dir='ltr'>humero</span> <span class='ocrx_word' id='word_1_10' title='bbox 896 277 946 307; x_wconf 82' lang='lat' dir='ltr'>sub</span> <span class='ocrx_word' id='word_1_11' title='bbox 970 288 1009 307; x_wconf 85' lang='lat' dir='ltr'>m.</span> <span class='ocrx_word' id='word_1_12' title='bbox 1029 278 1167 315; x_wconf 80' lang='lat' dir='ltr'>pectorali</span> <span class='ocrx_word' id='word_1_13' title='bbox 1187 278 1299 307; x_wconf 81' lang='lat' dir='ltr'>luxato.</span> 
     </span>
    </p>

    <p class='ocr_par' dir='ltr' id='par_1_3' title="bbox 279 328 1787 627">
     <span class='ocr_line' id='line_1_3' title="bbox 316 328 1779 369; baseline -0.001 -7"><span class='ocrx_word' id='word_1_14' title='bbox 316 333 430 369; x_wconf 78' lang='lat' dir='ltr'>Capitis</span> <span class='ocrx_word' id='word_1_15' title='bbox 458 332 532 361; x_wconf 85' lang='lat' dir='ltr'>ossis</span> <span class='ocrx_word' id='word_1_16' title='bbox 559 331 668 360; x_wconf 85' lang='lat' dir='ltr'>humeri</span> <span class='ocrx_word' id='word_1_17' title='bbox 700 330 821 358; x_wconf 80' lang='lat' dir='ltr'>rotunda</span> <span class='ocrx_word' id='word_1_18' title='bbox 841 328 933 357; x_wconf 85' lang='lat' dir='ltr'>forma</span> <span class='ocrx_word' id='word_1_19' title='bbox 955 328 1009 357; x_wconf 92' lang='lat' dir='ltr'>sub</span> <span class='ocrx_word' id='word_1_20' title='bbox 1034 337 1074 358; x_wconf 86' lang='lat' dir='ltr'>m.</span> <span class='ocrx_word' id='word_1_21' title='bbox 1096 330 1234 365; x_wconf 84' lang='lat' dir='ltr'>pectorali</span> <span class='ocrx_word' id='word_1_22' title='bbox 1251 330 1409 367; x_wconf 85' lang='lat' dir='ltr'>percipitur</span> <span class='ocrx_word' id='word_1_23' title='bbox 1430 330 1541 368; x_wconf 84' lang='lat'>(36),</span> <span class='ocrx_word' id='word_1_24' title='bbox 1571 329 1671 365; x_wconf 85' lang='lat' dir='ltr'>quod,</span> <span class='ocrx_word' id='word_1_25' title='bbox 1691 338 1779 367; x_wconf 79' lang='lat' dir='ltr'>prout</span> 
     </span>
     <span class='ocr_line' id='line_1_4' title="bbox 280 379 1783 421; baseline -0.003 -8"><span class='ocrx_word' id='word_1_26' title='bbox 280 384 367 421; x_wconf 83' lang='lat' dir='ltr'>magis</span> <span class='ocrx_word' id='word_1_27' title='bbox 394 384 524 413; x_wconf 75' lang='lat' dir='ltr'>mInusve</span> <span class='ocrx_word' id='word_1_28' title='bbox 548 384 603 411; x_wconf 85' lang='lat' dir='ltr'>alte</span> <span class='ocrx_word' id='word_1_29' title='bbox 623 382 663 410; x_wconf 92' lang='lat' dir='ltr'>ibi</span> <span class='ocrx_word' id='word_1_30' title='bbox 685 380 837 415; x_wconf 82' lang='lat' dir='ltr'>subsistit,</span> <span class='ocrx_word' id='word_1_31' title='bbox 857 380 991 416; x_wconf 78' lang='lat' dir='ltr'>maJ&#39;orem</span> <span class='ocrx_word' id='word_1_32' title='bbox 1015 379 1191 409; x_wconf 86' lang='lat' dir='ltr'>minoremve</span> <span class='ocrx_word' id='word_1_33' title='bbox 1213 381 1323 409; x_wconf 89' lang='lat' dir='ltr'>humeri</span> <span class='ocrx_word' id='word_1_34' title='bbox 1345 380 1552 417; x_wconf 83' lang='lat' dir='ltr'><strong>longitudinem</strong></span> <span class='ocrx_word' id='word_1_35' title='bbox 1579 380 1686 408; x_wconf 86' lang='lat' dir='ltr'>efficere</span> <span class='ocrx_word' id='word_1_36' title='bbox 1705 380 1783 410; x_wconf 84' lang='lat' dir='ltr'>vide-</span> 
     </span>
     <span class='ocr_line' id='line_1_5' title="bbox 279 429 1787 470; baseline -0.003 -7"><span class='ocrx_word' id='word_1_37' title='bbox 279 442 345 470; x_wconf 87' lang='lat' dir='ltr'>tur,</span> <span class='ocrx_word' id='word_1_38' title='bbox 368 444 439 470; x_wconf 86' lang='lat' dir='ltr'>quae</span> <span class='ocrx_word' id='word_1_39' title='bbox 469 435 521 462; x_wconf 88' lang='lat' dir='ltr'>erit</span> <span class='ocrx_word' id='word_1_40' title='bbox 549 433 674 468; x_wconf 81' lang='lat' dir='ltr'>aequalis</span> <span class='ocrx_word' id='word_1_41' title='bbox 694 431 755 460; x_wconf 89' lang='lat' dir='ltr'>sani</span> <span class='ocrx_word' id='word_1_42' title='bbox 774 430 883 459; x_wconf 87' lang='lat' dir='ltr'>humeri</span> <span class='ocrx_word' id='word_1_43' title='bbox 899 429 1094 466; x_wconf 82' lang='lat' dir='ltr'><strong>longitudini,</strong></span> <span class='ocrx_word' id='word_1_44' title='bbox 1115 430 1140 459; x_wconf 88' lang='lat' dir='ltr'>si</span> <span class='ocrx_word' id='word_1_45' title='bbox 1157 431 1259 467; x_wconf 91' lang='lat' dir='ltr'>capitis</span> <span class='ocrx_word' id='word_1_46' title='bbox 1274 431 1363 460; x_wconf 87' lang='lat' dir='ltr'>luxati</span> <span class='ocrx_word' id='word_1_47' title='bbox 1380 430 1460 466; x_wconf 83' lang='lat' dir='ltr'>axis,</span> <span class='ocrx_word' id='word_1_48' title='bbox 1482 430 1700 460; x_wconf 87' lang='lat' dir='ltr'>horizontaliter</span> <span class='ocrx_word' id='word_1_49' title='bbox 1716 438 1787 467; x_wconf 85' lang='lat' dir='ltr'>pro·</span> 
     </span>
     <span class='ocr_line' id='line_1_6' title="bbox 279 480 1785 522; baseline -0.004 -7"><span class='ocrx_word' id='word_1_50' title='bbox 279 487 434 522; x_wconf 79' lang='lat' dir='ltr'>longatus,</span> <span class='ocrx_word' id='word_1_51' title='bbox 464 486 494 514; x_wconf 91' lang='lat' dir='ltr'>in</span> <span class='ocrx_word' id='word_1_52' title='bbox 519 492 648 513; x_wconf 81' lang='lat' dir='ltr'>centrum</span> <span class='ocrx_word' id='word_1_53' title='bbox 672 482 801 511; x_wconf 86' lang='lat' dir='ltr'>cavitatis</span> <span class='ocrx_word' id='word_1_54' title='bbox 823 481 987 517; x_wconf 76' lang='lat' dir='ltr'>glenoideae</span> <span class='ocrx_word' id='word_1_55' title='bbox 1012 480 1169 517; x_wconf 78' lang='lat' dir='ltr'>incideret3</span> <span class='ocrx_word' id='word_1_56' title='bbox 1201 481 1316 509; x_wconf 88' lang='lat' dir='ltr'>cubitus</span> <span class='ocrx_word' id='word_1_57' title='bbox 1343 490 1442 518; x_wconf 90' lang='lat' dir='ltr'>parum</span> <span class='ocrx_word' id='word_1_58' title='bbox 1466 481 1577 516; x_wconf 79' lang='lat' dir='ltr'>flexus,</span> <span class='ocrx_word' id='word_1_59' title='bbox 1605 483 1704 510; x_wconf 84' lang='lat' dir='ltr'>saltem</span> <span class='ocrx_word' id='word_1_60' title='bbox 1730 481 1785 510; x_wconf 90' lang='lat' dir='ltr'>rite</span> 
     </span>
     <span class='ocr_line' id='line_1_7' title="bbox 281 532 1786 572; baseline -0.003 -6"><span class='ocrx_word' id='word_1_61' title='bbox 281 536 394 566; x_wconf 84' lang='lat' dir='ltr'>extendi</span> <span class='ocrx_word' id='word_1_62' title='bbox 415 535 548 568; x_wconf 82' lang='lat' dir='ltr'>nescius,</span> <span class='ocrx_word' id='word_1_63' title='bbox 570 544 584 563; x_wconf 91' lang='lat' dir='ltr'>a</span> <span class='ocrx_word' id='word_1_64' title='bbox 606 536 692 562; x_wconf 80' lang='lat' dir='ltr'>latere</span> <span class='ocrx_word' id='word_1_65' title='bbox 718 533 804 561; x_wconf 86' lang='lat' dir='ltr'>distat</span> <span class='ocrx_word' id='word_1_66' title='bbox 824 539 850 560; x_wconf 86' lang='lat' dir='ltr'>et</span> <span class='ocrx_word' id='word_1_67' title='bbox 871 537 1027 560; x_wconf 83' lang='lat' dir='ltr'>retrorsum</span> <span class='ocrx_word' id='word_1_68' title='bbox 1053 533 1175 561; x_wconf 86' lang='lat' dir='ltr'>trahitur</span> <span class='ocrx_word' id='word_1_69' title='bbox 1197 535 1306 572; x_wconf 71' lang='lat'>(32),</span> <span class='ocrx_word' id='word_1_70' title='bbox 1327 533 1365 562; x_wconf 85' lang='lat' dir='ltr'>ita</span> <span class='ocrx_word' id='word_1_71' title='bbox 1390 540 1422 562; x_wconf 91' lang='lat' dir='ltr'>ut</span> <span class='ocrx_word' id='word_1_72' title='bbox 1445 533 1588 562; x_wconf 87' lang='lat' dir='ltr'>difficilius</span> <span class='ocrx_word' id='word_1_73' title='bbox 1607 533 1637 563; x_wconf 88' lang='lat' dir='ltr'>in</span> <span class='ocrx_word' id='word_1_74' title='bbox 1661 532 1786 570; x_wconf 83' lang='lat' dir='ltr'>priorem</span> 
     </span>
     <span class='ocr_line' id='line_1_8' title="bbox 282 585 1100 627; baseline -0.005 -8"><span class='ocrx_word' id='word_1_75' title='bbox 282 597 388 627; x_wconf 86' lang='lat' dir='ltr'>partem</span> <span class='ocrx_word' id='word_1_76' title='bbox 402 611 412 625; x_wconf 87' lang='lat'><em>‚</em></span> <span class='ocrx_word' id='word_1_77' title='bbox 435 598 517 626; x_wconf 88' lang='lat' dir='ltr'>quam</span> <span class='ocrx_word' id='word_1_78' title='bbox 545 589 574 617; x_wconf 91' lang='lat' dir='ltr'>in</span> <span class='ocrx_word' id='word_1_79' title='bbox 599 587 789 625; x_wconf 82' lang='lat' dir='ltr'>posteriorem</span> <span class='ocrx_word' id='word_1_80' title='bbox 816 585 977 621; x_wconf 76' lang='lat' dir='ltr'>porrigatur</span> <span class='ocrx_word' id='word_1_81' title='bbox 999 585 1100 625; x_wconf 83' lang='lat'>(38).</span> 
     </span>
    </p>

    <p class='ocr_par' dir='ltr' id='par_1_4' title="bbox 321 634 1534 679">
     <span class='ocr_line' id='line_1_9' title="bbox 321 634 1534 679; baseline -0.006 -9"><span class='ocrx_word' id='word_1_82' title='bbox 321 641 362 679; x_wconf 84' lang='lat'>3)</span> <span class='ocrx_word' id='word_1_83' title='bbox 395 641 440 670; x_wconf 73' lang='lat' dir='ltr'>De</span> <span class='ocrx_word' id='word_1_84' title='bbox 461 638 686 677; x_wconf 77' lang='lat' dir='ltr'>symptomatibus</span> <span class='ocrx_word' id='word_1_85' title='bbox 711 637 748 666; x_wconf 85' lang='lat' dir='ltr'>ab</span> <span class='ocrx_word' id='word_1_86' title='bbox 776 638 923 673; x_wconf 70' lang='lat' dir='ltr'>utriusque</span> <span class='ocrx_word' id='word_1_87' title='bbox 939 637 1038 674; x_wconf 83' lang='lat' dir='ltr'>partis</span> <span class='ocrx_word' id='word_1_88' title='bbox 1059 637 1151 665; x_wconf 74' lang='lat' dir='ltr'>laesae</span> <span class='ocrx_word' id='word_1_89' title='bbox 1169 634 1350 672; x_wconf 78' lang='lat' dir='ltr'>aegritudine</span> <span class='ocrx_word' id='word_1_90' title='bbox 1367 634 1534 673; x_wconf 71' lang='lat' dir='ltr'>repetendis.</span> 
     </span>
    </p>

    <p class='ocr_par' dir='ltr' id='par_1_5' title="bbox 282 684 1792 828">
     <span class='ocr_line' id='line_1_10' title="bbox 319 684 1790 729; baseline -0.004 -9"><span class='ocrx_word' id='word_1_91' title='bbox 319 693 441 729; x_wconf 83' lang='lat' dir='ltr'>Aegroti</span> <span class='ocrx_word' id='word_1_92' title='bbox 472 690 585 719; x_wconf 89' lang='lat' dir='ltr'>habitus</span> <span class='ocrx_word' id='word_1_93' title='bbox 615 690 666 718; x_wconf 82' lang='lat' dir='ltr'>hac</span> <span class='ocrx_word' id='word_1_94' title='bbox 693 689 722 717; x_wconf 90' lang='lat' dir='ltr'>in</span> <span class='ocrx_word' id='word_1_95' title='bbox 744 685 902 716; x_wconf 71' lang='lat' dir='ltr'>laxationis</span> <span class='ocrx_word' id='word_1_96' title='bbox 926 685 1021 721; x_wconf 88' lang='lat' dir='ltr'>specie</span> <span class='ocrx_word' id='word_1_97' title='bbox 1052 695 1112 715; x_wconf 91' lang='lat' dir='ltr'>non</span> <span class='ocrx_word' id='word_1_98' title='bbox 1137 687 1258 714; x_wconf 85' lang='lat' dir='ltr'>multum</span> <span class='ocrx_word' id='word_1_99' title='bbox 1282 686 1316 714; x_wconf 89' lang='lat' dir='ltr'>ab</span> <span class='ocrx_word' id='word_1_100' title='bbox 1339 694 1394 721; x_wconf 82' lang='lat' dir='ltr'>eo,</span> <span class='ocrx_word' id='word_1_101' title='bbox 1425 685 1563 714; x_wconf 86' lang='lat' dir='ltr'>luxationi</span> <span class='ocrx_word' id='word_1_102' title='bbox 1588 693 1689 715; x_wconf 88' lang='lat' dir='ltr'>versus</span> <span class='ocrx_word' id='word_1_103' title='bbox 1713 684 1790 715; x_wconf 84' lang='lat' dir='ltr'>infe-</span> 
     </span>
     <span class='ocr_line' id='line_1_11' title="bbox 282 736 1792 778; baseline -0.004 -6"><span class='ocrx_word' id='word_1_104' title='bbox 282 744 358 772; x_wconf 88' lang='lat' dir='ltr'>riora</span> <span class='ocrx_word' id='word_1_105' title='bbox 379 741 518 778; x_wconf 88' lang='lat' dir='ltr'>proprio,</span> <span class='ocrx_word' id='word_1_106' title='bbox 548 740 661 769; x_wconf 78' lang='lat' dir='ltr'>differre</span> <span class='ocrx_word' id='word_1_107' title='bbox 685 738 818 775; x_wconf 85' lang='lat' dir='ltr'>perhibet</span> <span class='ocrx_word' id='word_1_108' title='bbox 844 736 964 772; x_wconf 84' lang='lat' dir='ltr'>Caspari</span> <span class='ocrx_word' id='word_1_109' title='bbox 993 740 1056 775; x_wconf 81' lang='lat'>(39</span> <span class='ocrx_word' id='word_1_110' title='bbox 1067 737 1093 770; x_wconf 92' lang='lat'>).</span> <span class='ocrx_word' id='word_1_111' title='bbox 1142 737 1287 766; x_wconf 85' lang='lat' dir='ltr'>Praeterea</span> <span class='ocrx_word' id='word_1_112' title='bbox 1316 744 1397 766; x_wconf 86' lang='lat' dir='ltr'>notat</span> <span class='ocrx_word' id='word_1_113' title='bbox 1417 737 1566 766; x_wconf 88' lang='lat' dir='ltr'>Heisterus</span> <span class='ocrx_word' id='word_1_114' title='bbox 1588 741 1676 774; x_wconf 85' lang='lat'>(40)</span> <span class='ocrx_word' id='word_1_115' title='bbox 1704 739 1792 767; x_wconf 83' lang='lat' dir='ltr'>vehe-</span> 
     </span>
     <span class='ocr_line' id='line_1_12' title="bbox 283 788 1788 828; baseline -0.003 -6"><span class='ocrx_word' id='word_1_116' title='bbox 283 794 422 823; x_wconf 88' lang='lat' dir='ltr'>mentiora</span> <span class='ocrx_word' id='word_1_117' title='bbox 447 797 659 828; x_wconf 84' lang='lat' dir='ltr'>symptomata,</span> <span class='ocrx_word' id='word_1_118' title='bbox 680 788 832 826; x_wconf 76' lang='lat' dir='ltr'>repetenda</span> <span class='ocrx_word' id='word_1_119' title='bbox 858 796 874 817; x_wconf 85' lang='lat' dir='ltr'>e</span> <span class='ocrx_word' id='word_1_120' title='bbox 894 794 1028 816; x_wconf 86' lang='lat' dir='ltr'>vasorum</span> <span class='ocrx_word' id='word_1_121' title='bbox 1058 788 1197 825; x_wconf 73' lang='lat' dir='ltr'>majorum</span> <span class='ocrx_word' id='word_1_122' title='bbox 1224 796 1436 824; x_wconf 86' lang='lat' dir='ltr'>nervorumque</span> <span class='ocrx_word' id='word_1_123' title='bbox 1459 788 1628 825; x_wconf 83' lang='lat' dir='ltr'>pressione,</span> <span class='ocrx_word' id='word_1_124' title='bbox 1650 789 1721 819; x_wconf 86' lang='lat' dir='ltr'>hanc</span> <span class='ocrx_word' id='word_1_125' title='bbox 1741 791 1788 818; x_wconf 85' lang='lat' dir='ltr'>lu·</span> 
     </span>
    </p>
   </div>
   <div class='ocr_carea' id='block_1_3' title="bbox 284 841 1638 951">
    <p class='ocr_par' dir='ltr' id='par_1_6' title="bbox 284 841 1638 951">
     <span class='ocr_line' id='line_1_13' title="bbox 284 841 587 873; baseline -0.003 0"><span class='ocrx_word' id='word_1_126' title='bbox 284 844 425 873; x_wconf 82' lang='lat' dir='ltr'>xationem</span> <span class='ocrx_word' id='word_1_127' title='bbox 445 841 587 872; x_wconf 60' lang='lat' dir='ltr'>comitari,</span> 
     </span>
     <span class='ocr_line' id='line_1_14' title="bbox 436 910 1638 951; baseline -0.001 -9"><span class='ocrx_word' id='word_1_128' title='bbox 436 915 466 951; x_wconf 82' lang='lat'>§.</span> <span class='ocrx_word' id='word_1_129' title='bbox 490 923 518 950; x_wconf 83' lang='lat'>3.</span> <span class='ocrx_word' id='word_1_130' title='bbox 558 913 604 941; x_wconf 78' lang='lat' dir='ltr'>De</span> <span class='ocrx_word' id='word_1_131' title='bbox 623 911 716 941; x_wconf 57' lang='lat' dir='ltr'>tertie?</span> <span class='ocrx_word' id='word_1_132' title='bbox 733 913 889 941; x_wconf 73' lang='lat' dir='ltr'>laxationis</span> <span class='ocrx_word' id='word_1_133' title='bbox 914 911 979 939; x_wconf 81' lang='lat' dir='ltr'>ossis</span> <span class='ocrx_word' id='word_1_134' title='bbox 999 911 1115 939; x_wconf 77' lang='lat' dir='ltr'>humeri</span> <span class='ocrx_word' id='word_1_135' title='bbox 1129 912 1230 949; x_wconf 74' lang='lat' dir='ltr'>specie.</span> <span class='ocrx_word' id='word_1_136' title='bbox 1261 910 1339 948; x_wconf 88' lang='lat' dir='ltr'>(sub</span> <span class='ocrx_word' id='word_1_137' title='bbox 1361 910 1446 946; x_wconf 73' lang='lat' dir='ltr'>spina</span> <span class='ocrx_word' id='word_1_138' title='bbox 1469 913 1638 949; x_wconf 84' lang='lat' dir='ltr'>scapulae).</span> 
     </span>
    </p>
   </div>
   <div class='ocr_carea' id='block_1_4' title="bbox 284 980 1792 1073">
    <p class='ocr_par' dir='ltr' id='par_1_7' title="bbox 284 980 1792 1073">
     <span class='ocr_line' id='line_1_15' title="bbox 319 980 1792 1021; baseline -0.002 -6"><span class='ocrx_word' id='word_1_139' title='bbox 319 987 366 1015; x_wconf 81' lang='lat' dir='ltr'>Ad</span> <span class='ocrx_word' id='word_1_140' title='bbox 389 985 563 1014; x_wconf 76' lang='lat' dir='ltr'>luxationem</span> <span class='ocrx_word' id='word_1_141' title='bbox 584 992 679 1013; x_wconf 73' lang='lat' dir='ltr'>versus</span> <span class='ocrx_word' id='word_1_142' title='bbox 696 985 854 1021; x_wconf 76' lang='lat' dir='ltr'>posteriora</span> <span class='ocrx_word' id='word_1_143' title='bbox 870 982 964 1011; x_wconf 89' lang='lat' dir='ltr'>minus</span> <span class='ocrx_word' id='word_1_144' title='bbox 991 988 1056 1017; x_wconf 84' lang='lat' dir='ltr'>apte</span> <span class='ocrx_word' id='word_1_145' title='bbox 1079 980 1258 1011; x_wconf 86' lang='lat' dir='ltr'>Gesscherus</span> <span class='ocrx_word' id='word_1_146' title='bbox 1280 985 1366 1020; x_wconf 87' lang='lat'>(41)</span> <span class='ocrx_word' id='word_1_147' title='bbox 1387 982 1519 1011; x_wconf 83' lang='lat' dir='ltr'>retulisse</span> <span class='ocrx_word' id='word_1_148' title='bbox 1534 982 1649 1011; x_wconf 87' lang='lat' dir='ltr'>videtur</span> <span class='ocrx_word' id='word_1_149' title='bbox 1668 983 1792 1012; x_wconf 82' lang='lat' dir='ltr'>luxatio-</span> 
     </span>
     <span class='ocr_line' id='line_1_16' title="bbox 284 1033 1790 1073; baseline -0.002 -7"><span class='ocrx_word' id='word_1_150' title='bbox 284 1047 348 1068; x_wconf 89' lang='lat' dir='ltr'>nem</span> <span class='ocrx_word' id='word_1_151' title='bbox 367 1037 420 1065; x_wconf 86' lang='lat' dir='ltr'>sub</span> <span class='ocrx_word' id='word_1_152' title='bbox 439 1037 558 1073; x_wconf 73' lang='lat' dir='ltr'>scapula</span> <span class='ocrx_word' id='word_1_153' title='bbox 580 1033 684 1073; x_wconf 83' lang='lat'>(42),</span> <span class='ocrx_word' id='word_1_154' title='bbox 708 1044 791 1072; x_wconf 87' lang='lat' dir='ltr'>quam</span> <span class='ocrx_word' id='word_1_155' title='bbox 806 1035 899 1064; x_wconf 86' lang='lat' dir='ltr'>dicere</span> <span class='ocrx_word' id='word_1_156' title='bbox 918 1035 992 1063; x_wconf 82' lang='lat' dir='ltr'>malo</span> <span class='ocrx_word' id='word_1_157' title='bbox 1007 1033 1201 1062; x_wconf 84' lang='lat' dir='ltr'>secundariam</span> <span class='ocrx_word' id='word_1_158' title='bbox 1221 1033 1298 1062; x_wconf 81' lang='lat' dir='ltr'>iliius</span> <span class='ocrx_word' id='word_1_159' title='bbox 1318 1033 1494 1070; x_wconf 84' lang='lat' dir='ltr'>luxationis,</span> <span class='ocrx_word' id='word_1_160' title='bbox 1517 1042 1589 1070; x_wconf 88' lang='lat' dir='ltr'>quae</span> <span class='ocrx_word' id='word_1_161' title='bbox 1607 1033 1640 1062; x_wconf 86' lang='lat' dir='ltr'>fit</span> <span class='ocrx_word' id='word_1_162' title='bbox 1656 1033 1790 1063; x_wconf 86' lang='lat' dir='ltr'>deorsum</span> 
     </span>
    </p>
   </div>
   <div class='ocr_carea' id='block_1_5' title="bbox 282 1090 1796 1520">
    <p class='ocr_par' dir='ltr' id='par_1_8' title="bbox 282 1090 516 1118">
     <span class='ocr_line' id='line_1_17' title="bbox 282 1090 516 1118; baseline -0.013 -1"><span class='ocrx_word' id='word_1_163' title='bbox 282 1090 327 1118; x_wconf 86' lang='lat' dir='ltr'>vel</span> <span class='ocrx_word' id='word_1_164' title='bbox 344 1095 516 1116; x_wconf 85' lang='lat' dir='ltr'>antrorsum.</span> 
     </span>
    </p>

    <p class='ocr_par' dir='ltr' id='par_1_9' title="bbox 285 1136 1794 1429">
     <span class='ocr_line' id='line_1_18' title="bbox 322 1136 1794 1176; baseline -0.001 -9"><span class='ocrx_word' id='word_1_165' title='bbox 322 1139 512 1167; x_wconf 75' lang='lat' dir='ltr'>Luxationem</span> <span class='ocrx_word' id='word_1_166' title='bbox 534 1143 625 1166; x_wconf 82' lang='lat' dir='ltr'>autem</span> <span class='ocrx_word' id='word_1_167' title='bbox 651 1146 746 1167; x_wconf 74' lang='lat' dir='ltr'>versus</span> <span class='ocrx_word' id='word_1_168' title='bbox 760 1138 920 1176; x_wconf 80' lang='lat' dir='ltr'>posteriora</span> <span class='ocrx_word' id='word_1_169' title='bbox 945 1136 1043 1165; x_wconf 85' lang='lat' dir='ltr'>adesse</span> <span class='ocrx_word' id='word_1_170' title='bbox 1065 1136 1240 1172; x_wconf 86' lang='lat' dir='ltr'>statuimus,</span> <span class='ocrx_word' id='word_1_171' title='bbox 1260 1137 1311 1165; x_wconf 89' lang='lat' dir='ltr'>ubi</span> <span class='ocrx_word' id='word_1_172' title='bbox 1334 1143 1422 1174; x_wconf 86' lang='lat' dir='ltr'>caput</span> <span class='ocrx_word' id='word_1_173' title='bbox 1444 1136 1556 1166; x_wconf 86' lang='lat' dir='ltr'>humeri</span> <span class='ocrx_word' id='word_1_174' title='bbox 1579 1136 1725 1166; x_wconf 85' lang='lat' dir='ltr'>acromion</span> <span class='ocrx_word' id='word_1_175' title='bbox 1743 1144 1794 1165; x_wconf 82' lang='lat' dir='ltr'>su·</span> 
     </span>
     <span class='ocr_line' id='line_1_19' title="bbox 289 1187 1794 1226; baseline -0.001 -8"><span class='ocrx_word' id='word_1_176' title='bbox 289 1190 372 1219; x_wconf 85' lang='lat' dir='ltr'>biens</span> <span class='ocrx_word' id='word_1_177' title='bbox 385 1210 395 1225; x_wconf 93' lang='lat'>,</span> <span class='ocrx_word' id='word_1_178' title='bbox 416 1189 541 1226; x_wconf 80' lang='lat' dir='ltr'>margine</span> <span class='ocrx_word' id='word_1_179' title='bbox 556 1188 684 1217; x_wconf 87' lang='lat' dir='ltr'>cavitatis</span> <span class='ocrx_word' id='word_1_180' title='bbox 699 1190 830 1224; x_wconf 80' lang='lat' dir='ltr'>scapulae</span> <span class='ocrx_word' id='word_1_181' title='bbox 849 1194 986 1224; x_wconf 84' lang='lat' dir='ltr'>superato</span> <span class='ocrx_word' id='word_1_182' title='bbox 997 1208 1007 1223; x_wconf 88' lang='lat'>,</span> <span class='ocrx_word' id='word_1_183' title='bbox 1028 1188 1082 1216; x_wconf 90' lang='lat' dir='ltr'>sub</span> <span class='ocrx_word' id='word_1_184' title='bbox 1099 1188 1183 1223; x_wconf 65' lang='lat' dir='ltr'>spina</span> <span class='ocrx_word' id='word_1_185' title='bbox 1201 1188 1287 1225; x_wconf 82' lang='lat' dir='ltr'>hujus</span> <span class='ocrx_word' id='word_1_186' title='bbox 1302 1188 1375 1216; x_wconf 88' lang='lat' dir='ltr'>ossis</span> <span class='ocrx_word' id='word_1_187' title='bbox 1390 1188 1542 1216; x_wconf 87' lang='lat' dir='ltr'>delitescit.</span> <span class='ocrx_word' id='word_1_188' title='bbox 1564 1187 1662 1225; x_wconf 83' lang='lat'><strong>(43).</strong></span> <span class='ocrx_word' id='word_1_189' title='bbox 1697 1188 1794 1217; x_wconf 85' lang='lat' dir='ltr'>Acro·</span> 
     </span>
     <span class='ocr_line' id='line_1_20' title="bbox 285 1238 1793 1278; baseline -0.001 -9"><span class='ocrx_word' id='word_1_190' title='bbox 285 1241 363 1269; x_wconf 90' lang='lat' dir='ltr'>mion</span> <span class='ocrx_word' id='word_1_191' title='bbox 384 1241 516 1276; x_wconf 79' lang='lat' dir='ltr'>scapulae</span> <span class='ocrx_word' id='word_1_192' title='bbox 539 1239 692 1275; x_wconf 84' lang='lat' dir='ltr'>impedire,</span> <span class='ocrx_word' id='word_1_193' title='bbox 716 1248 773 1274; x_wconf 87' lang='lat' dir='ltr'>quo</span> <span class='ocrx_word' id='word_1_194' title='bbox 795 1239 890 1278; x_wconf 85' lang='lat' dir='ltr'>minus</span> <span class='ocrx_word' id='word_1_195' title='bbox 915 1247 1028 1267; x_wconf 81' lang='lat' dir='ltr'>sursum</span> <span class='ocrx_word' id='word_1_196' title='bbox 1051 1240 1166 1267; x_wconf 84' lang='lat' dir='ltr'>quetur</span> <span class='ocrx_word' id='word_1_197' title='bbox 1183 1239 1342 1275; x_wconf 75' lang='lat' dir='ltr'>humerus,</span> <span class='ocrx_word' id='word_1_198' title='bbox 1365 1246 1441 1268; x_wconf 86' lang='lat' dir='ltr'>recte</span> <span class='ocrx_word' id='word_1_199' title='bbox 1462 1245 1578 1268; x_wconf 83' lang='lat' dir='ltr'>notasse</span> <span class='ocrx_word' id='word_1_200' title='bbox 1594 1238 1663 1266; x_wconf 91' lang='lat' dir='ltr'>mihi</span> <span class='ocrx_word' id='word_1_201' title='bbox 1678 1238 1793 1267; x_wconf 86' lang='lat' dir='ltr'>videtur</span> 
     </span>
     <span class='ocr_line' id='line_1_21' title="bbox 287 1289 1793 1327; baseline -0.001 -7"><span class='ocrx_word' id='word_1_202' title='bbox 287 1292 394 1321; x_wconf 83' lang='lat' dir='ltr'>Aitken</span> <span class='ocrx_word' id='word_1_203' title='bbox 423 1292 531 1327; x_wconf 86' lang='lat'>(44),</span> <span class='ocrx_word' id='word_1_204' title='bbox 562 1296 754 1319; x_wconf 78' lang='lat' dir='ltr'>verumtamen</span> <span class='ocrx_word' id='word_1_205' title='bbox 779 1290 874 1325; x_wconf 83' lang='lat' dir='ltr'>minus</span> <span class='ocrx_word' id='word_1_206' title='bbox 902 1297 999 1324; x_wconf 87' lang='lat' dir='ltr'>recte,</span> <span class='ocrx_word' id='word_1_207' title='bbox 1021 1289 1092 1318; x_wconf 81' lang='lat' dir='ltr'>inud</span> <span class='ocrx_word' id='word_1_208' title='bbox 1114 1290 1197 1318; x_wconf 86' lang='lat' dir='ltr'>etiam</span> <span class='ocrx_word' id='word_1_209' title='bbox 1222 1299 1283 1318; x_wconf 88' lang='lat' dir='ltr'>esse</span> <span class='ocrx_word' id='word_1_210' title='bbox 1305 1290 1487 1319; x_wconf 86' lang='lat' dir='ltr'>obstaculum</span> <span class='ocrx_word' id='word_1_211' title='bbox 1515 1289 1669 1318; x_wconf 75' lang='lat' dir='ltr'>luxationis</span> <span class='ocrx_word' id='word_1_212' title='bbox 1691 1297 1793 1318; x_wconf 85' lang='lat' dir='ltr'>versus</span> 
     </span>
     <span class='ocr_line' id='line_1_22' title="bbox 286 1336 1793 1379; baseline -0.002 -9"><span class='ocrx_word' id='word_1_213' title='bbox 286 1342 466 1379; x_wconf 78' lang='lat' dir='ltr'>posteriora,</span> <span class='ocrx_word' id='word_1_214' title='bbox 488 1342 538 1370; x_wconf 83' lang='lat' dir='ltr'>sed</span> <span class='ocrx_word' id='word_1_215' title='bbox 557 1341 669 1377; x_wconf 82' lang='lat' dir='ltr'>quidem</span> <span class='ocrx_word' id='word_1_216' title='bbox 683 1340 913 1377; x_wconf 85' lang='lat' dir='ltr'>impedimentum</span> <span class='ocrx_word' id='word_1_217' title='bbox 924 1361 934 1375; x_wconf 91' lang='lat'>,</span> <span class='ocrx_word' id='word_1_218' title='bbox 955 1349 991 1368; x_wconf 89' lang='lat' dir='ltr'>ne</span> <span class='ocrx_word' id='word_1_219' title='bbox 1007 1340 1073 1368; x_wconf 86' lang='lat' dir='ltr'>haec</span> <span class='ocrx_word' id='word_1_220' title='bbox 1090 1340 1198 1368; x_wconf 81' lang='lat' dir='ltr'>luxatio</span> <span class='ocrx_word' id='word_1_221' title='bbox 1215 1349 1328 1368; x_wconf 87' lang='lat' dir='ltr'>sursum</span> <span class='ocrx_word' id='word_1_222' title='bbox 1347 1339 1396 1368; x_wconf 84' lang='lat' dir='ltr'>fiat</span> <span class='ocrx_word' id='word_1_223' title='bbox 1413 1338 1577 1368; x_wconf 87' lang='lat' dir='ltr'>secundaria</span> <span class='ocrx_word' id='word_1_224' title='bbox 1593 1336 1703 1375; x_wconf 83' lang='lat'>(45),</span> <span class='ocrx_word' id='word_1_225' title='bbox 1724 1347 1793 1367; x_wconf 89' lang='lat' dir='ltr'>cum</span> 
     </span>
     <span class='ocr_line' id='line_1_23' title="bbox 288 1390 1791 1429; baseline -0.002 -8"><span class='ocrx_word' id='word_1_226' title='bbox 288 1400 374 1429; x_wconf 84' lang='lat' dir='ltr'>caput</span> <span class='ocrx_word' id='word_1_227' title='bbox 390 1395 513 1421; x_wconf 84' lang='lat' dir='ltr'>luxatum</span> <span class='ocrx_word' id='word_1_228' title='bbox 531 1392 602 1420; x_wconf 89' lang='lat' dir='ltr'>illud</span> <span class='ocrx_word' id='word_1_229' title='bbox 616 1392 762 1420; x_wconf 88' lang='lat' dir='ltr'>acromion</span> <span class='ocrx_word' id='word_1_230' title='bbox 774 1412 784 1427; x_wconf 91' lang='lat'>,</span> <span class='ocrx_word' id='word_1_231' title='bbox 803 1391 863 1419; x_wconf 88' lang='lat' dir='ltr'>sive</span> <span class='ocrx_word' id='word_1_232' title='bbox 880 1390 978 1427; x_wconf 88' lang='lat' dir='ltr'>potius</span> <span class='ocrx_word' id='word_1_233' title='bbox 997 1390 1106 1426; x_wconf 84' lang='lat' dir='ltr'>spinam</span> <span class='ocrx_word' id='word_1_234' title='bbox 1124 1392 1271 1426; x_wconf 83' lang='lat' dir='ltr'>scapulae,</span> <span class='ocrx_word' id='word_1_235' title='bbox 1288 1391 1334 1419; x_wconf 87' lang='lat' dir='ltr'>cui</span> <span class='ocrx_word' id='word_1_236' title='bbox 1349 1390 1490 1427; x_wconf 84' lang='lat' dir='ltr'>infigitur⁷</span> <span class='ocrx_word' id='word_1_237' title='bbox 1508 1398 1642 1426; x_wconf 86' lang='lat' dir='ltr'>superare</span> <span class='ocrx_word' id='word_1_238' title='bbox 1659 1395 1791 1425; x_wconf 88' lang='lat' dir='ltr'>nequeat.</span> 
     </span>
    </p>

    <p class='ocr_par' dir='ltr' id='par_1_10' title="bbox 320 1441 1795 1481">
     <span class='ocr_line' id='line_1_24' title="bbox 320 1441 1795 1481; baseline -0.003 -8"><span class='ocrx_word' id='word_1_239' title='bbox 320 1444 440 1481; x_wconf 79' lang='lat' dir='ltr'>Caspari</span> <span class='ocrx_word' id='word_1_240' title='bbox 461 1443 569 1481; x_wconf 86' lang='lat'>(46),</span> <span class='ocrx_word' id='word_1_241' title='bbox 593 1443 643 1479; x_wconf 85' lang='lat' dir='ltr'>qui</span> <span class='ocrx_word' id='word_1_242' title='bbox 665 1443 752 1480; x_wconf 69' lang='lat' dir='ltr'>hujus</span> <span class='ocrx_word' id='word_1_243' title='bbox 768 1441 923 1471; x_wconf 69' lang='lat' dir='ltr'>laxationis</span> <span class='ocrx_word' id='word_1_244' title='bbox 948 1442 1090 1471; x_wconf 82' lang='lat' dir='ltr'>raritatem</span> <span class='ocrx_word' id='word_1_245' title='bbox 1132 1442 1199 1479; x_wconf 80' lang='lat'>47)</span> <span class='ocrx_word' id='word_1_246' title='bbox 1221 1442 1363 1480; x_wconf 86' lang='lat' dir='ltr'>miratur,</span> <span class='ocrx_word' id='word_1_247' title='bbox 1384 1450 1412 1472; x_wconf 89' lang='lat' dir='ltr'>et</span> <span class='ocrx_word' id='word_1_248' title='bbox 1429 1441 1560 1472; x_wconf 87' lang='lat' dir='ltr'>attribuit</span> <span class='ocrx_word' id='word_1_249' title='bbox 1574 1441 1667 1475; x_wconf 81' lang='lat' dir='ltr'>minus</span> <span class='ocrx_word' id='word_1_250' title='bbox 1686 1441 1795 1470; x_wconf 86' lang='lat' dir='ltr'>validae</span> 
     </span>
    </p>

    <p class='ocr_par' dir='ltr' id='par_1_11' title="bbox 1750 1499 1796 1520">
     <span class='ocr_line' id='line_1_25' title="bbox 1750 1499 1796 1520; baseline 0 0"><span class='ocrx_word' id='word_1_251' title='bbox 1750 1499 1796 1520; x_wconf 86' lang='lat' dir='ltr'>ac-</span> 
     </span>
    </p>
   </div>
   <div class='ocr_carea' id='block_1_6' title="bbox 286 1575 1793 2163">
    <p class='ocr_par' dir='ltr' id='par_1_12' title="bbox 317 1575 847 1612">
     <span class='ocr_line' id='line_1_26' title="bbox 317 1575 847 1612; baseline 0 -9"><span class='ocrx_word' id='word_1_252' title='bbox 317 1575 396 1612; x_wconf 82' lang='lat'><strong>(36)</strong></span> <span class='ocrx_word' id='word_1_253' title='bbox 424 1577 563 1604; x_wconf 77' lang='lat' dir='ltr'>Bern&#39;stein.</span> <span class='ocrx_word' id='word_1_254' title='bbox 589 1578 606 1603; x_wconf 88' lang='lat'>1.</span> <span class='ocrx_word' id='word_1_255' title='bbox 624 1586 648 1604; x_wconf 91' lang='lat' dir='ltr'>c.</span> <span class='ocrx_word' id='word_1_256' title='bbox 677 1586 704 1610; x_wconf 87' lang='lat' dir='ltr'>p·</span> <span class='ocrx_word' id='word_1_257' title='bbox 725 1584 768 1610; x_wconf 82' lang='lat'>131</span> <span class='ocrx_word' id='word_1_258' title='bbox 791 1585 847 1609; x_wconf 75' lang='lat' dir='ltr'>seq.</span> 
     </span>
    </p>

    <p class='ocr_par' dir='ltr' id='par_1_13' title="bbox 319 1623 1246 1657">
     <span class='ocr_line' id='line_1_27' title="bbox 319 1623 1246 1657; baseline 0.002 -8"><span class='ocrx_word' id='word_1_259' title='bbox 319 1623 398 1657; x_wconf 83' lang='lat'>(37)</span> <span class='ocrx_word' id='word_1_260' title='bbox 427 1624 533 1656; x_wconf 80' lang='lat' dir='ltr'>Caspari</span> <span class='ocrx_word' id='word_1_261' title='bbox 560 1626 577 1650; x_wconf 86' lang='lat' dir='ltr'>l.</span> <span class='ocrx_word' id='word_1_262' title='bbox 596 1631 620 1650; x_wconf 91' lang='lat' dir='ltr'>c.</span> <span class='ocrx_word' id='word_1_263' title='bbox 644 1632 672 1656; x_wconf 82' lang='lat' dir='ltr'>p.</span> <span class='ocrx_word' id='word_1_264' title='bbox 690 1626 730 1656; x_wconf 84' lang='lat'>89.</span> <span class='ocrx_word' id='word_1_265' title='bbox 758 1624 812 1650; x_wconf 86' lang='lat' dir='ltr'>vid.</span> <span class='ocrx_word' id='word_1_266' title='bbox 834 1632 860 1650; x_wconf 89' lang='lat' dir='ltr'>v.</span> <span class='ocrx_word' id='word_1_267' title='bbox 883 1623 1016 1650; x_wconf 84' lang='lat' dir='ltr'>Gesscher.</span> <span class='ocrx_word' id='word_1_268' title='bbox 1041 1624 1061 1650; x_wconf 80' lang='grc' dir='ltr'>Ι.</span> <span class='ocrx_word' id='word_1_269' title='bbox 1077 1630 1101 1650; x_wconf 91' lang='lat' dir='ltr'>c.</span> <span class='ocrx_word' id='word_1_270' title='bbox 1125 1625 1148 1656; x_wconf 75' lang='lat' dir='ltr'>S.</span> <span class='ocrx_word' id='word_1_271' title='bbox 1167 1631 1246 1657; x_wconf 75' lang='lat'>1319.</span> 
     </span>
    </p>

    <p class='ocr_par' dir='ltr' id='par_1_14' title="bbox 318 1669 1317 1703">
     <span class='ocr_line' id='line_1_28' title="bbox 318 1669 1317 1703; baseline -0.001 -7"><span class='ocrx_word' id='word_1_272' title='bbox 318 1669 397 1703; x_wconf 77' lang='lat'><strong>(38)</strong></span> <span class='ocrx_word' id='word_1_273' title='bbox 423 1671 514 1695; x_wconf 82' lang='lat' dir='ltr'>Celsus</span> <span class='ocrx_word' id='word_1_274' title='bbox 539 1671 557 1695; x_wconf 92' lang='lat'>1.</span> <span class='ocrx_word' id='word_1_275' title='bbox 576 1677 600 1696; x_wconf 92' lang='lat' dir='ltr'>c.</span> <span class='ocrx_word' id='word_1_276' title='bbox 629 1671 724 1701; x_wconf 87' lang='lat' dir='ltr'>Boyer.</span> <span class='ocrx_word' id='word_1_277' title='bbox 753 1671 771 1697; x_wconf 92' lang='grc'>1.</span> <span class='ocrx_word' id='word_1_278' title='bbox 789 1677 814 1696; x_wconf 89' lang='lat' dir='ltr'>c.</span> <span class='ocrx_word' id='word_1_279' title='bbox 837 1677 864 1701; x_wconf 89' lang='lat' dir='ltr'>p.</span> <span class='ocrx_word' id='word_1_280' title='bbox 887 1669 942 1701; x_wconf 88' lang='lat'>189.</span> <span class='ocrx_word' id='word_1_281' title='bbox 1146 1670 1228 1702; x_wconf 88' lang='lat'>(39)</span> <span class='ocrx_word' id='word_1_282' title='bbox 1255 1672 1272 1696; x_wconf 91' lang='grc'>1.</span> <span class='ocrx_word' id='word_1_283' title='bbox 1292 1677 1317 1696; x_wconf 87' lang='lat' dir='ltr'>c.</span> 
     </span>
    </p>

    <p class='ocr_par' dir='ltr' id='par_1_15' title="bbox 286 1712 1793 1840">
     <span class='ocr_line' id='line_1_29' title="bbox 324 1712 1793 1749; baseline -0.003 -7"><span class='ocrx_word' id='word_1_284' title='bbox 324 1714 406 1749; x_wconf 85' lang='lat'><em>(40)</em></span> <span class='ocrx_word' id='word_1_285' title='bbox 430 1717 448 1742; x_wconf 88' lang='lat'>1.</span> <span class='ocrx_word' id='word_1_286' title='bbox 467 1723 491 1741; x_wconf 87' lang='lat' dir='ltr'>c.</span> <span class='ocrx_word' id='word_1_287' title='bbox 525 1723 551 1741; x_wconf 87' lang='lat' dir='ltr'>n.</span> <span class='ocrx_word' id='word_1_288' title='bbox 568 1723 593 1740; x_wconf 86' lang='lat'>2.</span> <span class='ocrx_word' id='word_1_289' title='bbox 618 1724 645 1749; x_wconf 88' lang='lat' dir='ltr'>p.</span> <span class='ocrx_word' id='word_1_290' title='bbox 662 1723 721 1742; x_wconf 78' lang='lat'><em>220.</em></span> <span class='ocrx_word' id='word_1_291' title='bbox 757 1717 884 1748; x_wconf 82' lang='lat' dir='ltr'>Coopero</span> <span class='ocrx_word' id='word_1_292' title='bbox 909 1722 974 1741; x_wconf 81' lang='lat' dir='ltr'>vcro</span> <span class='ocrx_word' id='word_1_293' title='bbox 1000 1717 1088 1749; x_wconf 87' lang='lat' dir='ltr'>potius</span> <span class='ocrx_word' id='word_1_294' title='bbox 1108 1717 1231 1740; x_wconf 86' lang='lat' dir='ltr'>assentior</span> <span class='ocrx_word' id='word_1_295' title='bbox 1251 1715 1359 1741; x_wconf 87' lang='lat' dir='ltr'>dicenti:</span> <span class='ocrx_word' id='word_1_296' title='bbox 1387 1714 1428 1748; x_wconf 89' lang='lat'>(1.</span> <span class='ocrx_word' id='word_1_297' title='bbox 1446 1722 1471 1741; x_wconf 83' lang='lat' dir='ltr'>c.</span> <span class='ocrx_word' id='word_1_298' title='bbox 1500 1722 1526 1747; x_wconf 89' lang='lat' dir='ltr'>p.</span> <span class='ocrx_word' id='word_1_299' title='bbox 1543 1713 1599 1747; x_wconf 85' lang='lat'>41)</span> <span class='ocrx_word' id='word_1_300' title='bbox 1624 1713 1742 1738; x_wconf 84' lang='lat' dir='ltr'>dolorem</span> <span class='ocrx_word' id='word_1_301' title='bbox 1767 1712 1793 1737; x_wconf 86' lang='lat' dir='ltr'>in</span> 
     </span>
     <span class='ocr_line' id='line_1_30' title="bbox 286 1756 1792 1794; baseline -0.005 -6"><span class='ocrx_word' id='word_1_302' title='bbox 286 1764 334 1788; x_wconf 86' lang='lat' dir='ltr'>hac</span> <span class='ocrx_word' id='word_1_303' title='bbox 359 1763 496 1788; x_wconf 83' lang='lat' dir='ltr'>luxationis</span> <span class='ocrx_word' id='word_1_304' title='bbox 522 1763 608 1794; x_wconf 76' lang='lat' dir='ltr'>specie</span> <span class='ocrx_word' id='word_1_305' title='bbox 628 1769 683 1787; x_wconf 84' lang='lat' dir='ltr'>esse</span> <span class='ocrx_word' id='word_1_306' title='bbox 700 1762 839 1792; x_wconf 84' lang='lat' dir='ltr'>minorem,</span> <span class='ocrx_word' id='word_1_307' title='bbox 858 1768 932 1793; x_wconf 83' lang='lat' dir='ltr'>quam</span> <span class='ocrx_word' id='word_1_308' title='bbox 951 1763 975 1786; x_wconf 93' lang='lat' dir='ltr'>in</span> <span class='ocrx_word' id='word_1_309' title='bbox 990 1763 1036 1793; x_wconf 66' lang='lat' dir='ltr'>ea,</span> <span class='ocrx_word' id='word_1_310' title='bbox 1059 1769 1123 1794; x_wconf 89' lang='lat' dir='ltr'>quae</span> <span class='ocrx_word' id='word_1_311' title='bbox 1138 1768 1174 1787; x_wconf 78' lang='lat' dir='ltr'>est</span> <span class='ocrx_word' id='word_1_312' title='bbox 1187 1762 1249 1787; x_wconf 85' lang='lat' dir='ltr'>intra</span> <span class='ocrx_word' id='word_1_313' title='bbox 1266 1762 1384 1791; x_wconf 79' lang='lat' dir='ltr'>axillam,</span> <span class='ocrx_word' id='word_1_314' title='bbox 1403 1767 1462 1785; x_wconf 87' lang='lat' dir='ltr'>cum</span> <span class='ocrx_word' id='word_1_315' title='bbox 1479 1763 1552 1785; x_wconf 84' lang='lat' dir='ltr'>nervi</span> <span class='ocrx_word' id='word_1_316' title='bbox 1569 1760 1660 1792; x_wconf 82' lang='lat' dir='ltr'>plexus</span> <span class='ocrx_word' id='word_1_317' title='bbox 1683 1756 1792 1782; x_wconf 81' lang='lat' dir='ltr'>axillaris</span> 
     </span>
     <span class='ocr_line' id='line_1_31' title="bbox 286 1806 1503 1840; baseline 0 -7"><span class='ocrx_word' id='word_1_318' title='bbox 286 1809 367 1834; x_wconf 84' lang='lat' dir='ltr'>minus</span> <span class='ocrx_word' id='word_1_319' title='bbox 392 1809 417 1833; x_wconf 90' lang='lat' dir='ltr'>in</span> <span class='ocrx_word' id='word_1_320' title='bbox 441 1809 572 1834; x_wconf 84' lang='lat' dir='ltr'>luxatione</span> <span class='ocrx_word' id='word_1_321' title='bbox 597 1808 645 1832; x_wconf 90' lang='lat' dir='ltr'>sub</span> <span class='ocrx_word' id='word_1_322' title='bbox 663 1815 697 1833; x_wconf 84' lang='lat' dir='ltr'>m.</span> <span class='ocrx_word' id='word_1_323' title='bbox 716 1808 838 1839; x_wconf 83' lang='lat' dir='ltr'>pectorali</span> <span class='ocrx_word' id='word_1_324' title='bbox 855 1813 1007 1840; x_wconf 84' lang='lat' dir='ltr'>premantur.</span> <span class='ocrx_word' id='word_1_325' title='bbox 1193 1806 1270 1840; x_wconf 81' lang='lat'><em>(41)</em></span> <span class='ocrx_word' id='word_1_326' title='bbox 1295 1808 1311 1833; x_wconf 94' lang='lat' dir='ltr'>l.</span> <span class='ocrx_word' id='word_1_327' title='bbox 1332 1814 1357 1833; x_wconf 85' lang='lat' dir='ltr'>e.</span> <span class='ocrx_word' id='word_1_328' title='bbox 1382 1806 1407 1839; x_wconf 86' lang='lat'>§.</span> <span class='ocrx_word' id='word_1_329' title='bbox 1426 1813 1503 1839; x_wconf 79' lang='lat'>1315.</span> 
     </span>
    </p>

    <p class='ocr_par' dir='ltr' id='par_1_16' title="bbox 323 1852 1565 1888">
     <span class='ocr_line' id='line_1_32' title="bbox 323 1852 1565 1888; baseline -0.001 -9"><span class='ocrx_word' id='word_1_330' title='bbox 323 1853 409 1888; x_wconf 85' lang='lat'><em>(42)</em></span> <span class='ocrx_word' id='word_1_331' title='bbox 436 1855 520 1882; x_wconf 74' lang='lat' dir='ltr'>Eonn.</span> <span class='ocrx_word' id='word_1_332' title='bbox 537 1855 553 1881; x_wconf 86' lang='lat' dir='ltr'>l.</span> <span class='ocrx_word' id='word_1_333' title='bbox 573 1861 598 1879; x_wconf 87' lang='lat' dir='ltr'>c·</span> <span class='ocrx_word' id='word_1_334' title='bbox 624 1862 651 1886; x_wconf 85' lang='lat' dir='ltr'>p.</span> <span class='ocrx_word' id='word_1_335' title='bbox 670 1854 710 1878; x_wconf 82' lang='lat'>28.</span> <span class='ocrx_word' id='word_1_336' title='bbox 737 1853 808 1879; x_wconf 87' lang='lat' dir='ltr'>conf.</span> <span class='ocrx_word' id='word_1_337' title='bbox 826 1852 900 1878; x_wconf 84' lang='lat' dir='ltr'>Tode</span> <span class='ocrx_word' id='word_1_338' title='bbox 920 1853 993 1879; x_wconf 84' lang='lat' dir='ltr'>Med.</span> <span class='ocrx_word' id='word_1_339' title='bbox 1011 1852 1081 1879; x_wconf 87' lang='lat' dir='ltr'>Chir.</span> <span class='ocrx_word' id='word_1_340' title='bbox 1100 1852 1169 1879; x_wconf 88' lang='lat' dir='ltr'>Bibl.</span> <span class='ocrx_word' id='word_1_341' title='bbox 1195 1853 1245 1880; x_wconf 80' lang='lat' dir='ltr'>Bd.</span> <span class='ocrx_word' id='word_1_342' title='bbox 1261 1858 1288 1883; x_wconf 88' lang='lat'>9.</span> <span class='ocrx_word' id='word_1_343' title='bbox 1316 1854 1353 1879; x_wconf 87' lang='lat' dir='ltr'>St.</span> <span class='ocrx_word' id='word_1_344' title='bbox 1370 1861 1396 1879; x_wconf 85' lang='lat'>2.</span> <span class='ocrx_word' id='word_1_345' title='bbox 1421 1861 1449 1885; x_wconf 87' lang='lat' dir='ltr'>p.</span> <span class='ocrx_word' id='word_1_346' title='bbox 1467 1853 1525 1884; x_wconf 78' lang='lat'>264.</span> <span class='ocrx_word' id='word_1_347' title='bbox 1559 1861 1565 1865; x_wconf 84' lang='lat'>·</span> 
     </span>
    </p>

    <p class='ocr_par' dir='ltr' id='par_1_17' title="bbox 288 1896 1793 2025">
     <span class='ocr_line' id='line_1_33' title="bbox 322 1896 1792 1933; baseline -0.004 -8"><span class='ocrx_word' id='word_1_348' title='bbox 322 1899 400 1933; x_wconf 77' lang='lat'>(43)</span> <span class='ocrx_word' id='word_1_349' title='bbox 430 1901 526 1933; x_wconf 85' lang='lat' dir='ltr'>Boyer.</span> <span class='ocrx_word' id='word_1_350' title='bbox 550 1901 568 1925; x_wconf 89' lang='lat' dir='ltr'>l.</span> <span class='ocrx_word' id='word_1_351' title='bbox 587 1906 611 1926; x_wconf 89' lang='lat' dir='ltr'>c.</span> <span class='ocrx_word' id='word_1_352' title='bbox 647 1900 680 1925; x_wconf 77' lang='lat' dir='ltr'>A.</span> <span class='ocrx_word' id='word_1_353' title='bbox 699 1898 903 1925; x_wconf 78' lang='lat' dir='ltr'>Schaarschrnidt</span> <span class='ocrx_word' id='word_1_354' title='bbox 921 1899 1076 1925; x_wconf 85' lang='lat' dir='ltr'>Unterricht·</span> <span class='ocrx_word' id='word_1_355' title='bbox 1095 1907 1120 1925; x_wconf 88' lang='lat' dir='ltr'>v.</span> <span class='ocrx_word' id='word_1_356' title='bbox 1138 1899 1155 1924; x_wconf 90' lang='lat' dir='ltr'>d</span> <span class='ocrx_word' id='word_1_357' title='bbox 1183 1899 1295 1925; x_wconf 84' lang='lat' dir='ltr'>Krankh.</span> <span class='ocrx_word' id='word_1_358' title='bbox 1313 1899 1339 1925; x_wconf 76' lang='lat' dir='ltr'>d.</span> <span class='ocrx_word' id='word_1_359' title='bbox 1358 1899 1463 1924; x_wconf 85' lang='lat' dir='ltr'>Knoch.</span> <span class='ocrx_word' id='word_1_360' title='bbox 1481 1898 1545 1923; x_wconf 84' lang='lat' dir='ltr'>dicit</span> <span class='ocrx_word' id='word_1_361' title='bbox 1572 1905 1599 1930; x_wconf 87' lang='lat' dir='ltr'>p.</span> <span class='ocrx_word' id='word_1_362' title='bbox 1617 1903 1658 1929; x_wconf 86' lang='lat'>59.</span> <span class='ocrx_word' id='word_1_363' title='bbox 1675 1896 1740 1921; x_wconf 80' lang='lat' dir='ltr'>hanc</span> <span class='ocrx_word' id='word_1_364' title='bbox 1756 1896 1792 1920; x_wconf 83' lang='lat' dir='ltr'>lu-</span> 
     </span>
     <span class='ocr_line' id='line_1_34' title="bbox 288 1943 1793 1978; baseline -0.004 -6"><span class='ocrx_word' id='word_1_365' title='bbox 288 1948 415 1972; x_wconf 83' lang='lat' dir='ltr'>xationem</span> <span class='ocrx_word' id='word_1_366' title='bbox 437 1947 466 1971; x_wconf 86' lang='lat' dir='ltr'>ab</span> <span class='ocrx_word' id='word_1_367' title='bbox 485 1947 530 1976; x_wconf 69' lang='lat' dir='ltr'>eti,</span> <span class='ocrx_word' id='word_1_368' title='bbox 549 1953 614 1977; x_wconf 81' lang='lat' dir='ltr'>quae</span> <span class='ocrx_word' id='word_1_369' title='bbox 633 1953 719 1971; x_wconf 83' lang='lat' dir='ltr'>versus</span> <span class='ocrx_word' id='word_1_370' title='bbox 737 1946 852 1971; x_wconf 85' lang='lat' dir='ltr'>inferiora</span> <span class='ocrx_word' id='word_1_371' title='bbox 875 1946 903 1971; x_wconf 86' lang='lat' dir='ltr'>fit</span> <span class='ocrx_word' id='word_1_372' title='bbox 924 1945 1073 1978; x_wconf 84' lang='lat' dir='ltr'>(strictiori</span> <span class='ocrx_word' id='word_1_373' title='bbox 1089 1952 1161 1969; x_wconf 88' lang='lat' dir='ltr'>sensu</span> <span class='ocrx_word' id='word_1_374' title='bbox 1180 1946 1231 1970; x_wconf 90' lang='lat' dir='ltr'>hoc</span> <span class='ocrx_word' id='word_1_375' title='bbox 1248 1945 1394 1970; x_wconf 88' lang='lat' dir='ltr'>sumendum</span> <span class='ocrx_word' id='word_1_376' title='bbox 1415 1951 1470 1969; x_wconf 84' lang='lat' dir='ltr'>esse</span> <span class='ocrx_word' id='word_1_377' title='bbox 1488 1943 1606 1974; x_wconf 87' lang='lat' dir='ltr'>videtur,</span> <span class='ocrx_word' id='word_1_378' title='bbox 1626 1950 1684 1968; x_wconf 86' lang='lat' dir='ltr'>cum</span> <span class='ocrx_word' id='word_1_379' title='bbox 1700 1948 1793 1968; x_wconf 84' lang='lat' dir='ltr'>auctor</span> 
     </span>
     <span class='ocr_line' id='line_1_35' title="bbox 288 1988 1788 2025; baseline -0.003 -7"><span class='ocrx_word' id='word_1_380' title='bbox 288 1994 322 2018; x_wconf 88' lang='lat' dir='ltr'>ibi</span> <span class='ocrx_word' id='word_1_381' title='bbox 343 1994 464 2025; x_wconf 87' lang='lat' dir='ltr'>loquatur</span> <span class='ocrx_word' id='word_1_382' title='bbox 485 1993 515 2017; x_wconf 86' lang='lat' dir='ltr'>de</span> <span class='ocrx_word' id='word_1_383' title='bbox 530 1994 617 2017; x_wconf 85' lang='lat' dir='ltr'>luxato</span> <span class='ocrx_word' id='word_1_384' title='bbox 636 1993 730 2017; x_wconf 87' lang='lat' dir='ltr'>humeri</span> <span class='ocrx_word' id='word_1_385' title='bbox 752 1993 854 2024; x_wconf 83' lang='lat' dir='ltr'>capite,</span> <span class='ocrx_word' id='word_1_386' title='bbox 871 1991 979 2022; x_wconf 81' lang='lat' dir='ltr'>margini</span> <span class='ocrx_word' id='word_1_387' title='bbox 998 1991 1115 2022; x_wconf 82' lang='lat' dir='ltr'>scapulae</span> <span class='ocrx_word' id='word_1_388' title='bbox 1139 1991 1251 2015; x_wconf 79' lang='lat' dir='ltr'>inferiori</span> <span class='ocrx_word' id='word_1_389' title='bbox 1277 1989 1431 2023; x_wconf 83' lang='lat' dir='ltr'>insistente)</span> <span class='ocrx_word' id='word_1_390' title='bbox 1450 1996 1519 2015; x_wconf 68' lang='lat' dir='ltr'>suam</span> <span class='ocrx_word' id='word_1_391' title='bbox 1535 1989 1630 2015; x_wconf 84' lang='lat' dir='ltr'>ducere</span> <span class='ocrx_word' id='word_1_392' title='bbox 1655 1988 1788 2019; x_wconf 81' lang='lat' dir='ltr'>originem.</span> 
     </span>
    </p>

    <p class='ocr_par' dir='ltr' id='par_1_18' title="bbox 323 2036 1389 2072">
     <span class='ocr_line' id='line_1_36' title="bbox 323 2036 1389 2072; baseline -0.002 -7"><span class='ocrx_word' id='word_1_393' title='bbox 323 2036 403 2071; x_wconf 84' lang='lat'>(44)</span> <span class='ocrx_word' id='word_1_394' title='bbox 426 2038 450 2072; x_wconf 89' lang='lat' dir='ltr'>J.</span> <span class='ocrx_word' id='word_1_395' title='bbox 469 2039 562 2065; x_wconf 83' lang='lat' dir='ltr'>Aitken</span> <span class='ocrx_word' id='word_1_396' title='bbox 581 2040 674 2071; x_wconf 83' lang='lat' dir='ltr'>Essays</span> <span class='ocrx_word' id='word_1_397' title='bbox 695 2046 729 2063; x_wconf 84' lang='lat' dir='ltr'>on</span> <span class='ocrx_word' id='word_1_398' title='bbox 745 2039 855 2065; x_wconf 79' lang='lat' dir='ltr'>fraktur.</span> <span class='ocrx_word' id='word_1_399' title='bbox 871 2038 918 2063; x_wconf 84' lang='lat' dir='ltr'>and</span> <span class='ocrx_word' id='word_1_400' title='bbox 935 2039 1016 2063; x_wconf 82' lang='lat' dir='ltr'>luxat.</span> <span class='ocrx_word' id='word_1_401' title='bbox 1039 2045 1066 2069; x_wconf 83' lang='lat' dir='ltr'>p.</span> <span class='ocrx_word' id='word_1_402' title='bbox 1087 2043 1144 2064; x_wconf 70' lang='lat'>121.</span> <span class='ocrx_word' id='word_1_403' title='bbox 1170 2036 1254 2063; x_wconf 85' lang='lat' dir='ltr'>Lond.</span> <span class='ocrx_word' id='word_1_404' title='bbox 1273 2043 1346 2069; x_wconf 72' lang='lat'>1790.</span> <span class='ocrx_word' id='word_1_405' title='bbox 1363 2037 1389 2063; x_wconf 81' lang='lat'>8.</span> 
     </span>
    </p>

    <p class='ocr_par' dir='ltr' id='par_1_19' title="bbox 323 2081 1108 2117">
     <span class='ocr_line' id='line_1_37' title="bbox 323 2081 1108 2117; baseline -0.003 -7"><span class='ocrx_word' id='word_1_406' title='bbox 323 2081 403 2117; x_wconf 84' lang='grc'>(45)</span> <span class='ocrx_word' id='word_1_407' title='bbox 431 2084 538 2116; x_wconf 81' lang='lat' dir='ltr'>Caspari</span> <span class='ocrx_word' id='word_1_408' title='bbox 555 2085 573 2110; x_wconf 81' lang='lat'>1.</span> <span class='ocrx_word' id='word_1_409' title='bbox 591 2092 614 2109; x_wconf 91' lang='lat' dir='ltr'>c.</span> <span class='ocrx_word' id='word_1_410' title='bbox 635 2092 660 2116; x_wconf 88' lang='lat' dir='ltr'>p.</span> <span class='ocrx_word' id='word_1_411' title='bbox 681 2085 739 2110; x_wconf 79' lang='lat'>188.</span> <span class='ocrx_word' id='word_1_412' title='bbox 938 2083 1018 2117; x_wconf 86' lang='lat'><em>(46)</em></span> <span class='ocrx_word' id='word_1_413' title='bbox 1047 2085 1065 2109; x_wconf 91' lang='lat'>1.</span> <span class='ocrx_word' id='word_1_414' title='bbox 1084 2090 1108 2109; x_wconf 89' lang='lat' dir='ltr'>c.</span> 
     </span>
    </p>

    <p class='ocr_par' dir='ltr' id='par_1_20' title="bbox 321 2125 1793 2163">
     <span class='ocr_line' id='line_1_38' title="bbox 321 2125 1793 2163; baseline 0 -7"><span class='ocrx_word' id='word_1_415' title='bbox 321 2127 403 2163; x_wconf 78' lang='lat'><em>(47)</em></span> <span class='ocrx_word' id='word_1_416' title='bbox 432 2131 503 2157; x_wconf 81' lang='lat' dir='ltr'>Hanc</span> <span class='ocrx_word' id='word_1_417' title='bbox 526 2131 679 2156; x_wconf 77' lang='lat' dir='ltr'>luxationem</span> <span class='ocrx_word' id='word_1_418' title='bbox 701 2131 822 2156; x_wconf 77' lang='lat' dir='ltr'>rariorem</span> <span class='ocrx_word' id='word_1_419' title='bbox 846 2137 901 2157; x_wconf 86' lang='lat' dir='ltr'>esse</span> <span class='ocrx_word' id='word_1_420' title='bbox 925 2138 1010 2157; x_wconf 82' lang='lat' dir='ltr'>omnes</span> <span class='ocrx_word' id='word_1_421' title='bbox 1036 2130 1193 2156; x_wconf 84' lang='lat' dir='ltr'>consentiunt</span> <span class='ocrx_word' id='word_1_422' title='bbox 1220 2135 1338 2155; x_wconf 84' lang='lat' dir='ltr'>auctores</span> <span class='ocrx_word' id='word_1_423' title='bbox 1365 2129 1418 2156; x_wconf 89' lang='lat' dir='ltr'>vid.</span> <span class='ocrx_word' id='word_1_424' title='bbox 1441 2129 1530 2163; x_wconf 85' lang='lat' dir='ltr'>Journ.</span> <span class='ocrx_word' id='word_1_425' title='bbox 1553 2127 1585 2154; x_wconf 87' lang='lat' dir='ltr'>de</span> <span class='ocrx_word' id='word_1_426' title='bbox 1610 2125 1677 2153; x_wconf 79' lang='lat' dir='ltr'>med.</span> <span class='ocrx_word' id='word_1_427' title='bbox 1703 2131 1722 2152; x_wconf 88' lang='lat' dir='ltr'>t.</span> <span class='ocrx_word' id='word_1_428' title='bbox 1748 2129 1793 2156; x_wconf 75' lang='lat'>93·</span> 
     </span>
    </p>
   </div>
   <div class='ocr_carea' id='block_1_7' title="bbox 289 2176 451 2209">
    <p class='ocr_par' dir='ltr' id='par_1_21' title="bbox 289 2176 451 2209">
     <span class='ocr_line' id='line_1_39' title="bbox 289 2176 451 2209; baseline 0.006 -8"><span class='ocrx_word' id='word_1_429' title='bbox 289 2183 317 2207; x_wconf 79' lang='lat' dir='ltr'>p.</span> <span class='ocrx_word' id='word_1_430' title='bbox 334 2176 380 2207; x_wconf 81' lang='lat'>296</span> <span class='ocrx_word' id='word_1_431' title='bbox 398 2183 451 2209; x_wconf 91' lang='lat' dir='ltr'>seq.</span> 
     </span>
    </p>
   </div>
  </div>
 </body>
</html>
