1919 2511
291 170 327 198 32
553 157 842 197 JOANNIS
903 158 1223 189 HERMANI
1283 160 1510 192 KROON

334 241 578 272 Contubernalem.
624 241 742 278 Optime
758 241 865 271 dictum
878 242 912 271 de
932 242 985 279 iis,
1018 243 1066 279 qui
1086 243 1115 272 in
1132 243 1229 273 eodem
1249 243 1384 282 stabulo,
1404 251 1547 282 tamquam
1564 244 1594 274 in
1611 246 1800 279 contubernio

295 294 489 323 stabulantur.

331 345 492 374 Prolixius.
540 344 661 374 Diceres
690 345 828 376 Fabi-num
856 344 893 373 ob
920 346 1022 375 ocuios
1058 345 1192 375 habuisse
1218 348 1315 376 locum
1351 346 1481 376 Terentii
1504 347 1534 377 in
1559 345 1638 378 Eun.
1669 348 1738 386 Act.
1762 349 1803 379 V.

296 395 345 426 Sc.
363 397 393 425 8.
414 404 460 426 vs,
479 402 531 432 52·

584 446 698 484 Accipit
718 446 796 475 homo
815 455 891 474 mmo
911 447 1009 475 melias
1023 454 1156 486 prorsam
1179 458 1266 487 neque
1282 449 1424 488 prolixius

294 499 345 527 ubi
370 505 462 527 tamen
479 497 625 536 prolixias
651 497 739 533 magis
765 503 809 526 est
827 498 991 533 liberalius,
1013 499 1187 536 opulentias,
1210 509 1273 528 cum
1291 501 1336 529 hic
1354 501 1391 529 sit
1401 499 1542 536 felicius,
1554 500 1723 537 jucundius.
1752 501 1808 530 Sed

294 550 362 579 haec
390 549 489 578 ultima
506 548 679 585 significatio
698 548 842 577 veteribus
861 549 935 577 haud
953 549 1097 585 incognita
1116 557 1171 580 est.
1213 551 1261 579 Sic
1278 551 1351 579 enim
1369 551 1436 581 Cic.
1454 551 1489 580 ad
1507 551 1573 581 Att.
1590 550 1660 580 Lib.
1672 552 1697 581 1.
1718 552 1807 588 epist.

297 621 316 636 „
335 607 430 629 cetera
445 607 524 639 spero
537 601 657 639 prolixa
678 600 763 629 esse⁷⁷
787 601 865 636 quod
889 600 1078 630 Casaubonus
1103 602 1246 637 explicat:
1274 601 1395 630 secanda
1415 608 1443 630 et
1460 608 1493 630 ut
1507 602 1631 631 volumus
1650 601 1805 638 cadentia,

294 654 382 681 allato
410 651 531 681 Catonis
556 653 622 680 loco
646 652 723 687 apud
746 651 825 680 Gell.
853 651 895 681 N.
912 653 949 680 A.
973 650 1043 681 Lib,
1063 651 1130 681 Vll.
1160 661 1223 688 cap.
1244 661 1272 688 3.
1317 673 1335 687 ,,
1354 654 1415 682 Scio
1439 653 1528 683 solere
1553 654 1695 692 plerisque
1723 654 1809 683 homi-

298 723 317 739 „
337 704 417 732 nibus
439 705 471 732 in
501 702 581 732 rebus
600 702 725 731 secandis
749 710 835 741 atque
851 703 975 741 prolixis
999 710 1085 741 atque
1103 704 1268 741 prosperis,
1299 704 1426 732 animum
1449 704 1582 734 excellere
1604 711 1690 743 atque
1712 712 1809 743 super-

298 776 317 790 „
338 755 414 784 biam
434 762 521 794 atquc
532 754 673 792 ferociam
695 763 802 792 augere
821 760 847 783 et
866 753 1021 784 crescere.”

995 857 1114 870 ——

587 935 850 967 FABULA
906 936 1164 967 DECIMA
1222 936 1528 967 SEPTIMA.

813 1031 955 1050 νυιΡΕε
989 1031 1034 1051 ετ
1067 1031 1301 1053 ERINACEUS.

583 1108 736 1138 Tranarat
755 1109 811 1137 alti
824 1108 953 1145 flaminis
971 1109 1065 1147 vulpes
1084 1108 1188 1138 vadum
1199 1118 1210 1138 :

586 1159 644 1188 Sed
661 1161 728 1198 ripa
746 1161 778 1187 in
796 1161 881 1197 ipsa,
901 1166 928 1188 et
948 1159 1002 1188 udo
1022 1169 1165 1197 aquarum
1185 1160 1337 1198 margine,

584 1210 758 1249 Voraginoso
778 1219 869 1239 crura
887 1209 1007 1248 defigens
1027 1211 1106 1248 lum,

585 1263 756 1292 Muscarum
777 1269 858 1291 acuto
879 1261 997 1290 obnoxia
1016 1262 1107 1291 haesit
1127 1263 1245 1292 morsui.

587 1313 678 1351 Quam
697 1313 851 1343 destitutae
870 1314 962 1351 vulpis
982 1322 1150 1342 aerumnam
1170 1313 1281 1351 dolens,

582 1365 645 1402 Qui
658 1365 739 1402 forte
758 1375 787 1394 eo
807 1365 958 1395 devenerat
980 1366 1146 1401 erinaceus,

583 1420 748 1452 Amanter‚
768 1422 856 1454 atque
875 1415 968 1444 sedulo
989 1416 1102 1454 officiam
1122 1424 1222 1452 suum,

585 1468 619 1496 Si
638 1477 695 1506 qna
713 1464 746 1496 'in
766 1478 798 1496 re
817 1477 878 1496 eam
893 1468 1002 1505 juvare
1020 1475 1126 1506 posset,
1148 1466 1260 1497 obtulit.

587 1520 682 1557 Atque
701 1519 788 1555 adeo,
810 1518 922 1557 quando
943 1520 1051 1557 eripere
1069 1525 1097 1547 te
1115 1520 1199 1548 istinc
1219 1527 1273 1547 non
1291 1527 1378 1557 queo,

582 1570 653 1606 Vis,
674 1573 789 1608 inquit,
808 1572 880 1600 istas
900 1578 932 1600 ut
952 1571 1067 1609 abigam
1087 1579 1194 1599 muscas
1214 1570 1284 1606 tibi,

587 1621 673 1658 Quae
693 1628 721 1650 tc
740 1621 890 1652 exedant?
931 1622 1076 1659 Minime,
1097 1624 1143 1651 ait
1162 1623 1235 1658 illa,
1253 1622 1401 1660 gentium:

588 1672 669 1700 Nam
690 1674 714 1700 si
733 1673 786 1701 bae
805 1672 961 1708 recedant,
981 1683 1052 1711 quae
1073 1674 1195 1712 repletae
1207 1693 1216 1708 ‚
1238 1682 1272 1701 ac
1297 1670 1430 1710 turgidae

591 1723 659 1750 lVon
679 1722 827 1752 admodum
848 1733 945 1753 nocere
956 1724 1022 1760 jam
1043 1723 1118 1753 nobis
1137 1730 1263 1762 queunt,

587 1774 675 1802 Aliae
694 1775 769 1803 illico
789 1777 970 1805 successerint
984 1776 1140 1812 famelicae
1152 1794 1162 1810 ,

589 1824 674 1862 Quae
695 1826 836 1863 reliquum
856 1836 961 1856 omnem
981 1829 1146 1865 sanguinem
1167 1832 1305 1866 exsugam
1325 1825 1407 1856 mihi.

593 1926 656 1964 Qui
676 1935 719 1955 res
740 1930 842 1957 novari
852 1950 862 1964 ‚
882 1936 909 1958 et
929 1939 1020 1969 regna
1039 1930 1150 1960 mutari
1170 1936 1324 1970 expetunt,

590 1977 673 2014 Quid
690 1978 776 2007 aliud
796 1980 827 2008 hi
837 2002 846 2016 ‚
867 1990 952 2018 qnam
972 1982 1063 2020 majus
1082 1989 1229 2011 accersunt
1248 1982 1354 2011 malum
1366 1981 1383 2009 ἓ

343 2030 446 2069 Vulpes
466 2035 493 2059 et
511 2028 683 2059 Erimtceus.
725 2031 832 2061 Fabula
862 2033 930 2061 haec
959 2034 1001 2063 in'
1020 2037 1120 2072 vulgg,
1153 2033 1233 2062 editt.
1260 2041 1319 2062 non
1345 2037 1436 2061 exstat
1449 2051 1460 2066 ³
1479 2031 1531 2060 8θᾶ
1553 2030 1673 2067 AeSOPO
1689 2038 1748 2059 eam
1766 2031 1818 2059 ffl-

305 2081 372 2110 buit
397 2080 521 2110 Aristot.
547 2079 668 2109 Rhetor.
694 2080 765 2109 Lib.
784 2081 824 2111 ΙΙ.
848 2092 912 2120 cap.
935 2093 984 2113 20.
1008 2085 1083 2114 unde
1104 2085 1259 2113 desumtam
1286 2084 1362 2112 illam
1391 2081 1477 2111 edidit
1500 2082 1535 2110 de
1557 2082 1641 2111 Furia
1663 2082 1726 2112 No.
1738 2082 1815 2118 384,

309 2131 361 2166 qui
387 2138 489 2167 notat,
511 2131 633 2160 inveniri
659 2131 735 2161 illam
760 2140 787 2162 et
807 2134 882 2170 apud
904 2134 1088 2165 Plutarchum
1112 2136 1162 2164 An
1179 2136 1237 2164 sem·
1250 2133 1378 2174 gerenda
1394 2135 1432 2164 sit
1453 2133 1609 2173 respublica
1623 2140 1651 2162 et
1667 2132 1817 2163 Tiberium

1767 2190 1819 2212 xm·
