1919 2511
314 181 356 207 ιο
667 168 713 200 H.
803 166 848 199 G.
934 164 1427 197 TYDEMAN

360 261 564 296 Dolebamus
590 260 776 304 paulisper,
799 259 834 291 in
860 255 1050 291 Academiis
1074 258 1218 299 nostris,
1249 257 1376 292 noviter
1400 262 1432 289 et
1458 257 1638 290 liberaliter
1663 259 1794 292 consti-4

318 323 414 363 tuus,
438 321 546 353 doceri
572 321 678 361 jussas
707 316 841 362 quidem
868 316 1035 348 doctrinas
1058 314 1226 357 politicaS,
1255 314 1313 347 sed
1343 324 1523 347 causarum
1543 315 1720 356 patronis,
1739 315 1795 349 vel

319 377 376 422 qui
404 388 445 409 ex
468 376 589 408 horum
619 375 733 408 ordine
756 373 911 416 sufflagio
936 372 1056 405 civium
1082 370 1124 402 ad
1154 371 1364 414 magistratus
1387 369 1504 403 deinde
1530 375 1713 414 vocentur,
1741 381 1794 405 re-

318 436 411 470 lictas
439 445 534 479 posse
557 435 680 475 vider13
711 433 792 466 dum
823 433 857 464 in
882 440 995 463 reium
1027 434 1103 462 actu
1132 431 1196 470 qua
1220 428 1324 470 magis
1350 426 1393 460 ad
1415 427 1521 469 ipsam
1547 426 1644 471 Rtgis
1671 427 1798 472 guber.

321 491 491 526 nationem
517 492 675 535 pertinet,
701 489 856 532 empirica
883 488 951 519 fere
980 484 1137 518 methodo
1165 490 1197 517 et
1219 494 1322 527 piope
1344 483 1534 517 mechanica
1563 487 1698 526 iuvenes
1726 495 1790 518 ne-

322 551 415 594 gotiis
435 547 574 593 publicis
599 548 818 581 admoventur
840 550 871 576 et
893 542 1101 582 adsue-fiunt,
1119 546 1151 573 ct
1173 546 1341 584 promtam
1363 541 1508 583 aliquam
1527 541 1663 574 tandem
1686 541 1797 575 facul-

321 611 424 639 tatem
449 606 623 648 acquirunt
633 617 647 644 3-
666 603 745 644 scd,
777 599 892 645 paucis
918 597 1084 632 erectioris
1106 598 1204 640 plane
1227 596 1347 630 indoiis
1371 598 1535 640 exeeptis,
1559 598 1708 640 plerique
1728 607 1793 630 ne-

322 665 391 696 scio
418 662 496 706 quid
520 661 676 704 frigidum
705 664 737 691 et
765 658 920 691 illiberale
952 654 1154 689 contrahunt
1175 659 1207 686 ct
1235 655 1270 687 in
1294 656 1357 686 una
1391 653 1459 686 fere
1489 654 1650 696 particula.
1678 663 1797 687 rerum

322 720 495 752 haerentes
524 718 716 751 universum
752 725 868 747 earum
899 723 1024 746 nexum
1054 722 1123 744 nou
1152 712 1232 744 satis
1262 710 1486 754 perspiciunt;
1520 717 1652 744 nostrae
1681 716 1796 745 tamen

326 776 516 818 disciplinae
539 774 680 807 alumnis
700 777 830 815 optatos
847 776 880 803 et
897 774 1046 812 speratos
1065 779 1205 811 magnae
1223 768 1325 810 partis
1349 767 1535 800 studiorum
1551 768 1679 800 fruetus
1701 777 1796 811 prae-

323 832 458 875 ripiunt.
482 848 526 855 -
554 830 662 864 Sensit
689 828 754 861 hoc
776 829 846 870 ipse
871 829 946 858 Rex
973 829 1087 857 noster
1116 829 1296 866 augustus,
1321 829 1353 856 et
1381 827 1464 858 nova
1487 825 1687 858 scriniorum
1717 835 1797 858 con-

325 890 492 921 stitutione
517 887 671 921 indoctos·
692 886 862 930 operarios
893 882 939 916 ab
957 882 1027 914 aliis
1051 880 1096 913 ad.
1119 880 1232 912 altiora
1257 880 1426 913 destinatis
1448 880 1588 915 semovit
1597 894 1614 922 3.
1631 880 1675 914 ad
1699 881 1801 914 altio-

326 956 363 978 ra
386 945 491 978 noluit
516 943 664 984 admitti,
686 943 749 976 nisi
772 942 829 985 qui
851 939 968 972 studiis
987 937 1153 980 juiidicis,
1177 938 1301 971 scilicet
1325 943 1356 970 et
1375 939 1536 981 politicis,
1560 937 1803 971 Academicam

324 1012 461 1045 operam
488 1001 548 1033 rite
575 1005 755 1034 navassent
777 1004 810 1031 et
832 993 1107 1038 Praeceptoribus
1134 995 1284 1036 plinium
1309 1003 1381 1027 scsc
1404 993 1617 1037 probassent.
1647 1011 1691 1017 —
1720 995 1799 1027 Hoc

325 1059 434 1101 itaque
452 1057 537 1090 facto
557 1058 631 1088 Rex
648 1055 802 1099 providus
823 1059 854 1086 et
868 1053 1019 1096 sapiens,
1044 1051 1218 1093 complevit
1232 1051 1331 1083 simul
1347 1050 1427 1083 illud
1448 1050 1656 1093 politicarum
1675 1049 1796 1083 doctri·

324 1125 446 1147 narum
467 1115 502 1147 in
528 1110 718 1146 Academiis
743 1109 979 1143 discendarum
1004 1105 1207 1148 institutum,
1232 1111 1264 1139 et
1289 1117 1409 1150 magno
1432 1106 1544 1139 docuit
1573 1107 1725 1150 exemplo
1745 1116 1798 1140 re-

327 1178 390 1213 que
422 1170 494 1213 ipsa
519 1170 689 1212 professus
716 1173 784 1209 est,
815 1177 836 1199 a
864 1165 986 1198 nostris
1012 1163 1147 1207 quidem
1171 1164 1233 1196 illis
1257 1163 1416 1196 doctrinis
1450 1174 1486 1196 se
1515 1163 1578 1196 sibi
1604 1169 1637 1196 et
1670 1163 1799 1207 patriae

322 1225 404 1260 nihil
427 1231 584 1259 metuere.
630 1227 703 1259 Nec
722 1229 772 1257 est
789 1223 878 1268 quod
895 1220 1043 1262 dubites„
1068 1231 1088 1253 ο
1112 1220 1244 1253 Patriae
1267 1222 1382 1253 Pater!
1416 1220 1498 1264 quin
1520 1219 1622 1254 fidem
1643 1220 1677 1253 in
1699 1218 1801 1254 nobis

324 1282 467 1328 positam
492 1282 622 1316 sincera
645 1283 765 1326 pietate
791 1279 952 1324 plenoque
978 1276 1079 1312 officii
1099 1287 1202 1311 sensu
1219 1278 1454 1321 rependamus.
1483 1294 1528 1300 —

365 1398 443 1430 Non
461 1395 543 1429 foret
561 1395 693 1440 quidem
708 1403 847 1438 prorsus
865 1390 1095 1427 necessarium
1111 1391 1152 1424 A.
1170 1391 1211 1425 A,
1228 1392 1377 1433 Exoptt.!
1402 1394 1439 1423 ut
1461 1399 1546 1432 quae
1569 1398 1623 1422 res
1644 1387 1717 1432 ipsa
1735 1388 1799 1423 don-¹

325 1457 393 1494 cet,
417 1463 501 1495 quae
520 1452 647 1495 patriae
668 1456 802 1484 nostrae
821 1449 958 1482 historia
979 1448 1176 1490 confirmat,
1200 1446 1398 1482 auctoritate
1423 1457 1525 1489 porro
1552 1446 1706 1479 muniam
1725 1447 1797 1479 Do-

326 1515 457 1543 ctorum
488 1508 636 1540 similiter
665 1506 883 1550 opinantium.
936 1506 1014 1540 Non
1042 1515 1183 1548 possum
1217 1510 1352 1545 tamen,
1393 1501 1474 1546 quin
1509 1502 1652 1536 breviter
1685 1501 1798 1535 adhuc

327 1574 585 1598 commemorem
609 1562 838 1607 gravissimam
858 1563 1003 1595 duorum
1024 1565 1174 1597 virorum
1197 1561 1450 1600 auctoritatem,
1474 1568 1558 1601 quos
1584 1558 1628 1590 ob
1657 1556 1798 1591 eximias

324 1628 501 1665 utrumque
528 1621 648 1664 ingenii
676 1619 910 1664 doctrinaeque
938 1620 1105 1662 animique
1137 1619 1236 1651 dotes>
1262 1622 1360 1660 atque
1385 1616 1522 1650 virtutes
1554 1613 1709 1656 diligere,
1736 1624 1797 1648 co-

327 1677 394 1710 lere
420 1677 546 1710 dudum
574 1675 768 1709 solebamus
794 1682 826 1709 et
852 1686 994 1720 quorum
1019 1681 1111 1720 grata
1135 1680 1316 1717 sanctaque
1349 1677 1382 1705 et
1405 1670 1489 1704 mihi
1514 1680 1647 1713 semper
1680 1670 1740 1705 sed
1766 1676 1798 1704 et

329 1733 434 1767 Vobis
455 1732 612 1766 omnibus
635 1732 696 1766 erit
721 1734 902 1772 memoria3
927 1743 1070 1777 quorum
1097 1733 1194 1765 locus
1213 1732 1248 1763 in
1273 1729 1388 1762 ordine
1411 1732 1527 1760 nostro
1547 1736 1675 1761 vacuus
1702 1735 1797 1760 meos

330 1790 398 1832 jam
423 1790 535 1821 oculos
560 1790 715 1832 lacrymis
739 1795 772 1822 et
793 1788 946 1821 animum
971 1788 1154 1822 incredibili
1176 1787 1287 1820 dolore
1307 1783 1485 1829 perfundit.

373 1848 417 1878 At
436 1846 520 1878 ratio
543 1851 593 1878 est
618 1845 772 1878 habenda
797 1846 910 1879 Vestri
936 1846 1094 1889 temporis
1120 1844 1287 1885 laetaeque
1308 1840 1406 1882 hujus
1431 1837 1657 1880 solennitatis,
1686 1838 1796 1883 priva-

331 1905 429 1943 toque
452 1911 526 1934 meo
551 1901 654 1935 dolori
676 1901 917 1935 moderandum
943 1908 974 1935 et
996 1901 1230 1946 imperandum
1242 1912 1252 1940 3
1276 1908 1381 1942 quum
1398 1896 1531 1941 publico
1555 1901 1689 1939 propter
1712 1907 1797 1928 xim-

330 1969 441 1990 rEme
466 1958 568 1991 luctui
589 1970 648 2002 per
670 1959 857 1992 laudatores
880 1965 973 1993 tanto
996 1961 1066 1995 viro
1088 1960 1221 2003 dignOS,
1244 1966 1504 1995 SIEGENBEKIUM,
1528 1963 1698 1994 PALMIUM,
1723 1963 1798 1984 sim·

333 2022 512 2046 mmmmm
534 2016 601 2056 jam
621 2016 702 2048 saus
720 2016 822 2059 possit
843 2015 947 2049 videri
970 2015 1106 2049 factum.
1152 2012 1428 2057 Comprimendus
1451 2011 1545 2054 igitur
1569 2013 1618 2041 est
1639 2009 1797 2048 animus,

331 2075 374 2097 ne
404 2066 517 2099 laudes
542 2069 676 2112 incipiat
703 2071 753 2104 vel
781 2070 917 2103 fraterni
947 2072 1093 2115 Collegae
1122 2070 1244 2114 fidique
1272 2069 1369 2102 amici
1400 2079 1567 2107 immam,
1600 2065 1650 2099 Vel
1679 2062 1796 2107 Optimi

334 2122 430 2164 Viri,
461 2125 638 2158 venerandi
659 2126 805 2169 parentis
830 2127 896 2160 mei
910 2151 920 2169 ‚
945 2127 1019 2170 cui,
1043 2128 1078 2161 in
1094 2127 1167 2171 ipso
1193 2125 1354 2160 festorum
1374 2123 1497 2157 horum
1516 2126 1680 2166 apparatu
1703 2120 1795 2164 piam

1727 2185 1798 2209 ame
