1919 2511
271 177 312 208 18
625 170 886 204 JACOBI
950 182 1016 204 nn
1081 171 1374 205 GELDER

267 260 458 303 tractionis3
491 259 557 293 sed
579 257 763 303 imprimis
789 256 905 291 etiam
938 258 983 291 Vi
1005 257 1214 292 Primordiali
1244 266 1333 302 opas
1357 259 1494 302 faerit,
1528 258 1582 292 ad
1604 261 1744 303 plane-

270 327 394 353 taram
423 324 541 351 motus
570 328 615 351 ac
643 321 871 350 constantem
901 325 1027 349 eorum
1052 313 1263 360 systematis
1285 314 1513 356 firmitatem
1541 322 1640 349 recte
1675 328 1744 350 ex·-

262 375 494 421 pacandam.
1483 405 1484 408 Ἴ

313 435 510 477 Fingamu5‚
539 429 667 463 Mundo
698 429 822 462 nedum
846 429 882 461 in
911 428 975 462 hoc
999 428 1114 462 ordine
1152 428 1348 469 constituto,
1378 428 1543 471 quendam
1564 430 1745 473 ingenuum

268 500 457 523 massarum
471 498 670 528 numerum,
693 487 725 520 vi
742 485 877 518 inertiae
900 485 1125 528 praeditarum
1140 509 1150 526 ‚
1173 486 1208 517 in
1231 486 1338 528 spatio
1363 484 1533 518 indefinito
1547 486 1680 527 adesse5
1703 497 1745 521 ac

268 556 432 591 ponamus
445 570 454 587 ,
477 555 592 578 earum
611 543 788 588 particulas
811 542 938 574 nullam
959 543 1047 583 vim,
1071 547 1202 586 praeter
1219 540 1309 574 illam
1331 541 1467 574 inertiae
1480 566 1489 583 ‚
1518 541 1663 575 habere:
1688 542 1746 576 tali

270 614 367 644 casu,
400 612 535 635 necesse
563 607 629 640 cst,
662 610 718 633 eas
746 608 876 631 massas
901 598 952 632 vel
972 598 1139 641 quiescere
1166 598 1216 632 vel
1241 598 1374 630 moveri.
1420 599 1592 630 Ponamus
1617 599 1746 641 primo,

268 664 450 695 immensas
471 661 541 693 illas
557 669 685 692 massas
697 684 706 700 ,
729 656 858 701 magnis
872 657 1014 691 invicem
1032 655 1208 689 intervallis
1224 659 1390 695 remota35
1413 664 1528 686 omnes
1557 653 1746 697 quiescere:

269 719 330 751 hae
358 716 449 750 omni
476 718 507 751 vi
535 714 739 748 attractionis
758 715 925 757 privatae,
949 713 1116 756 quiescere
1143 716 1289 755 pergent.
1332 713 1406 743 Jam
1434 712 1659 755 concipiamus
1679 712 1750 746 vim

268 774 489 812 attractionis,
522 783 589 805 uno
615 772 702 812 ictu,
737 769 788 802 his
815 768 1009 813 corporibus
1039 767 1143 808 oriri3
1177 767 1294 800 exinde
1329 766 1505 801 manifesto
1533 773 1748 812 sequeretur,

269 841 326 863 eas
342 840 491 871 massas,
514 827 606 861 brevi
627 827 785 870 temporis
806 826 930 869 spatio,
962 825 998 856 in
1020 834 1124 855 unam
1155 823 1339 856 coalescere
1364 823 1507 866 debere,
1537 825 1584 857 ita
1606 830 1644 857 ut
1670 834 1747 857 om-

272 888 327 922 nia
350 898 489 931 corpora
508 885 543 918 in
559 885 667 918 Chaos
685 883 819 916 tandem
837 881 980 914 abirent.
1026 882 1071 912 Ut
1094 878 1142 913 vis
1165 880 1388 921 attractionis,
1412 890 1496 923 quae
1527 881 1615 913 cirea
1634 879 1750 924 ingens

270 954 390 988 corpus
421 945 508 987 agit,
548 947 654 974 cetera
681 949 820 983 corpora
847 937 1040 978 attrahens,
1073 947 1113 969 ea
1136 937 1358 980 circumagat,
1389 947 1473 980 opus
1503 943 1572 979 est,
1601 943 1638 970 ut
1667 937 1752 972 haec

270 1001 384 1034 onmia
401 1025 410 1042 ‚
439 1001 475 1032 in
505 999 615 1042 plagas
644 998 712 1031 sive
744 996 940 1029 directiones
967 993 1128 1037 quasdam
1145 1018 1155 1035 ‚
1187 999 1281 1026 extra
1312 998 1462 1026 centrum
1487 993 1730 1037 progredientes
1738 1003 1753 1036 ,’

271 1058 372 1090 semel
399 1067 438 1089 ac
462 1066 530 1088 uno
557 1056 647 1096 ictu,
671 1053 903 1097 impulsionem
929 1049 1119 1094 accipiant,
1149 1059 1214 1092 qua
1242 1060 1309 1083 una
1340 1061 1417 1082 cum
1445 1051 1640 1083 attractione
1670 1060 1751 1084 con-

271 1118 403 1157 juncta,
434 1113 519 1146 haec
540 1113 652 1145 omnia
679 1120 818 1154 corpora
841 1110 876 1142 in
904 1106 1072 1151 ellipsibus
1104 1106 1330 1140 determinatis
1354 1112 1578 1146 moveantur3
1608 1115 1754 1150 quarum

270 1174 412 1213 majores
429 1179 508 1202 axes
530 1174 563 1202 et
582 1168 844 1201 excentricitates
865 1164 1010 1209 pendent
1042 1162 1084 1196 ab
1108 1163 1297 1197 intensitate
1316 1165 1366 1198 vis
1393 1163 1614 1208 impulsionis.
1659 1166 1754 1206 Vos,·

272 1230 311 1261 Α.
331 1229 371 1261 A.
384 1252 394 1269 ‚
416 1226 481 1259 hac
498 1224 716 1269 explicatione
733 1223 909 1257 observare
925 1221 1041 1263 velim,
1064 1219 1162 1253 hanc
1178 1219 1252 1254 vim
1268 1219 1499 1265 impulsionis
1518 1219 1617 1254 inter
1639 1226 1676 1254 et
1700 1225 1756 1255 at-

273 1282 470 1318 tractionis
500 1291 674 1325 magnam
696 1291 773 1314 esse
801 1277 1022 1318 discrimem
1044 1279 1167 1311 scilicet
1192 1278 1281 1311 illam
1311 1278 1502 1322 aliquandiu
1517 1279 1619 1311 semel
1633 1283 1665 1311 et
1683 1287 1753 1312 uno

271 1342 338 1374 ictu
354 1340 493 1384 planetis
511 1344 620 1371 ortam
639 1348 732 1380 esse,
755 1338 800 1370 ita
818 1342 855 1369 ut
876 1346 945 1369 non
966 1336 1109 1378 amplius
1126 1336 1161 1368 in
1180 1335 1220 1367 iis
1239 1340 1333 1379 agat,
1357 1340 1455 1378 atque
1471 1333 1551 1367 nihil
1571 1333 1661 1367 aliud
1676 1332 1754 1374 effe-

271 1398 371 1439 cerit,
400 1407 502 1440 quam
525 1396 674 1439 planetas
689 1418 699 1435 ,
729 1395 761 1428 vi
785 1390 952 1437 gravitatis
980 1391 1172 1433 destitut08‚
1199 1392 1235 1424 in
1260 1397 1351 1424 recta
1377 1391 1583 1424 uniformiter
1608 1390 1753 1432 moveri3

273 1454 357 1487 haec
375 1459 489 1486 contra
507 1463 576 1485 non
593 1453 781 1485 intermissa
796 1450 860 1493 agit
874 1449 909 1481 in
927 1448 1077 1491 planetas
1088 1472 1098 1489 ,
1121 1448 1212 1481 varia
1235 1446 1443 1489 intensitate,
1466 1458 1567 1491 quam
1592 1447 1645 1480 lex
1664 1456 1754 1480 com-

273 1515 457 1542 memorata
475 1507 566 1551 regit.
614 1509 666 1540 Sic
688 1508 759 1548 vis,
782 1506 884 1538 semel
904 1504 1043 1548 planetis
1073 1504 1169 1547 quasi
1187 1504 1370 1547 impressa,
1393 1504 1534 1536 sustinet
1558 1501 1626 1538 vim
1650 1512 1757 1547 quam

273 1565 463 1599 Mechanici
479 1564 711 1608 tangentialem
725 1564 910 1596 nominant.
958 1561 1018 1594 Vis
1034 1559 1238 1593 attractionis
1257 1561 1408 1603 planetas
1426 1570 1558 1603 semper
1584 1559 1627 1592 ad
1644 1559 1754 1593 Solem

274 1624 379 1666 cogit,
410 1623 456 1657 ita
492 1627 529 1654 ut
559 1621 704 1654 duarum
742 1619 864 1653 virium
896 1618 1125 1660 conjunctione
1165 1617 1274 1649 omnis
1304 1616 1513 1659 planetarum
1538 1621 1649 1648 motus
1671 1622 1757 1648 nasi

274 1685 380 1713 catur.

313 1738 387 1767 Jam
412 1734 580 1777 quaeratis
593 1757 603 1774 ,
627 1742 712 1776 quae
738 1731 780 1763 sit
802 1739 904 1763 causa
929 1729 1027 1771 hujus
1054 1730 1106 1763 vis
1130 1729 1355 1774 impulsionis,
1379 1740 1487 1773 quae,
1509 1728 1611 1761 semel
1635 1732 1668 1761 et
1683 1736 1753 1762 uno

272 1793 360 1832 ictu,
384 1791 473 1834 egit?
516 1791 581 1833 Qui
596 1795 751 1822 naturam
770 1798 812 1820 ex
837 1787 909 1830 ipsa
927 1792 1047 1819 natura
1062 1787 1227 1829 explicare
1248 1786 1404 1827 student,
1425 1785 1570 1818 multum
1585 1794 1707 1828 operae
1720 1789 1755 1818 et

274 1847 396 1880 laboris
419 1851 622 1891 posuerunt,
643 1846 698 1889 qui
727 1843 816 1876 hane
843 1853 981 1875 causam
1009 1848 1148 1876 naturae
1173 1843 1421 1876 Phaenomenis
1442 1843 1620 1885 explicent.
1663 1843 1754 1874 Inter

274 1916 332 1939 eos
353 1907 411 1949 (ut
435 1910 564 1938 tantum
589 1905 789 1937 clarissimos
809 1904 1012 1946 memorem)
1035 1912 1241 1936 BnFroNus
1263 1899 1386 1941 voluit,
1411 1899 1560 1943 planetas
1578 1901 1754 1931 ecometa-

273 1973 351 1994 rum
369 1972 446 1995 cum
467 1961 539 1995 Sole
556 1959 709 1994 conflictu
724 1985 734 2001 ,
765 1971 831 2004 quo
855 1961 1004 2004 ingentes
1031 1958 1180 1992 materiei
1204 1965 1335 1989 massae
1354 1967 1372 1988 e
1395 1956 1468 1988 Sole
1493 1955 1751 1998 projicerentur,

273 2025 365 2052 ortas
388 2029 484 2059 esse;
521 2023 553 2051 et
581 2028 807 2051 LAPLAans
834 2019 1023 2059 conjectura
1050 2015 1180 2056 voluit,
1212 2013 1295 2045 Solis
1332 2010 1601 2055 atmosphaeram
1623 2007 1753 2042 ardenti

271 2075 397 2114 calore,
422 2081 498 2108 ante
521 2074 722 2107 {mensum
742 2073 952 2106 saeculorum
973 2081 1171 2112 numerum,
1199 2069 1412 2104 vehementer
1437 2068 1540 2102 fuisse
1562 2067 1754 2108 dilatatam5

273 2143 292 2165 e
309 2134 359 2171 cuj
366 2143 404 2165 us
428 2131 602 2176 superficie
613 2155 626 2174 ,
653 2130 884 2175 atmosphaera
914 2129 1114 2174 pedetentim
1141 2126 1356 2171 refrigerata,
1377 2126 1528 2170 planetae
1551 2129 1642 2159 ortae
1663 2122 1752 2156 fuis·

1663 2183 1752 2213 sent:
