1919 2511
324 121 647 154 COMMENTATIO
668 130 711 153 Au
733 121 1044 162 QUAESTIONEM
1065 125 1389 159 THEOLOGICAM.
1578 137 1618 167 51

107 204 226 241 reddat,
248 213 391 243 quemque
413 205 449 235 ad
470 206 599 235 mandata
623 214 675 236 sua
691 206 870 236 observanda
890 209 1067 244 compellat,
1092 217 1250 245 eorumque
1273 210 1455 247 misereatur,
1484 211 1545 241 sive
1565 211 1616 240 de·

105 256 246 292 pellendis
268 256 496 293 calamitatibus,
517 256 579 286 sive
601 257 710 294 bonis,
733 257 840 294 quibus
864 257 975 295 indigni
998 259 1077 296 sint,
1099 260 1259 290 tribuendis
1280 262 1358 298 (ι).

142 309 222 339 Haec
244 310 378 347 profecto
402 316 553 346 praecepta
571 309 667 340 omnia
686 308 853 339 christiana
877 308 1016 347 religione
1039 310 1180 340 imbutum
1207 312 1316 348 spirare
1337 313 1506 348 doctorem,
1528 321 1615 342 nemo

101 367 135 390 ut
149 368 255 398 neget,
275 369 448 398 magnopere
466 369 579 391 vereor.
629 361 664 391 In
680 360 781 398 primis
806 360 930 390 edictum
951 361 991 390 der
1009 362 1120 400 jejunio
1144 370 1294 400 propterea
1311 364 1480 393 laudandum
1501 363 1613 393 videtur

103 412 184 447 quod
204 420 238 441 ex
255 420 289 441 eo
308 412 382 441 enim
402 411 558 441 clarissime
581 419 736 448 appareat,
756 412 894 441 Carolum
918 421 978 442 non
1003 415 1091 450 prava
1109 414 1207 444 aetatis
1226 424 1294 444 suae
1312 415 1451 452 opinione
1468 414 1611 443 imbutum

99 461 214 499 fuisse,
238 465 316 493 solas
332 463 519 493 caerimonias
542 463 672 493 sufficere
687 464 723 493 ad
743 464 837 494 Deum
856 465 1026 502 placendum
1045 466 1238 503 sentibusque
1262 466 1429 496 hominibus
1447 465 1609 503 propitium

99 513 287 546 reddendum.
327 515 394 553 Qua
413 515 555 545 sententia
576 524 664 551 quum
687 515 842 553 imperator
860 516 924 553 ipse
941 523 1037 553 esset,
1058 526 1174 554 sperare
1192 519 1296 554 procul
1321 517 1410 546 dubio
1428 517 1516 552 licet,
1537 517 1610 545 hauc

101 573 220 602 quoque
240 566 269 595 in
288 568 428 603 populum
456 566 634 602 manavisse,
654 575 779 603 seseque
803 568 1034 605 dispergentem,
1054 568 1187 605 egregios
1205 567 1319 597 fructus
1338 567 1504 605 praebuisse
1523 568 1616 595 ecele-

98 616 168 646 siae.
209 617 251 646 At
266 626 334 646 vero
351 617 506 647 laetissimo
529 618 631 647 horum
651 618 718 647 flori
737 625 823 655 atque
840 620 994 649 maturitati
1011 620 1145 649 universa
1163 620 1225 658 ejus
1242 619 1380 656 temporis
1401 618 1532 647 obstabat
1548 617 1611 654 opi-

99 667 169 704 nio,
191 668 383 698 celsissimum
411 668 526 698 virtutis
552 668 734 699 Christianae
757 669 902 708 fastigium
923 672 983 701 vita
1004 672 1163 701 monachali
1190 680 1253 701 esse
1274 671 1531 707 consequendum,
1559 677 1610 698 ne·

97 718 201 748 minem
216 739 227 756 ,
250 728 287 749 ne
304 721 510 757 probissimum
529 720 644 757 quidem
656 741 667 757 ,
690 728 718 751 et
737 722 851 752 dlvinae
876 723 947 760 Iegis
968 723 1251 752 observantissimum
1270 722 1415 751 hominem
1427 742 1437 758 ,
1463 721 1512 757 qui
1528 729 1609 749 com·

95 770 176 807 muni
193 771 267 800 vitae
289 772 499 802 consuetudine
523 779 553 801 et
579 773 717 802 societate
738 773 903 811 frueretur,
932 784 948 804 a
967 776 1032 804 Deo
1053 775 1092 804 ita
1116 781 1226 812 gratum
1255 781 1284 804 et
1311 781 1458 810 acceptum
1488 772 1606 807 haberi,

95 829 127 850 ac
151 821 309 851 solitarium
335 823 545 860 miserrimum,
567 824 834 855 inhumanissimum
862 827 1027 862 hominem,
1053 826 1144 855 officia
1159 825 1298 855 divinitus
1321 825 1379 854 sibi
1403 825 1538 861 imposita
1564 824 1610 852 fu-

96 871 242 909 gientem,
262 875 484 912 conjunctiones
503 884 536 904 ac
555 876 711 905 societates
730 886 745 906 a
762 879 826 907 Deo
844 879 1053 916 sapientissime
1077 878 1222 907 institutas
1243 884 1473 907 contemnentem
1497 884 1525 905 et
1541 884 1608 904 vero

93 922 317 961 abhorrentem,
338 934 370 955 se
390 925 452 963 ipse
469 928 598 957 vexando
620 935 648 957 et
667 929 822 958 cruciando
840 931 965 966 denique
982 936 1075 959 totum
1093 929 1337 966 pretiosissimum
1362 928 1544 958 suavissimae
1567 928 1611 955 vi-

92 980 138 1004 tae
157 975 282 1013 spatium
300 984 529 1013 consumentem.
569 979 627 1009 Sed
649 980 740 1009 eheu!
768 981 836 1010 haec
862 981 969 1011 insania
990 987 1019 1009 et
1033 980 1154 1011 amentia
1173 988 1232 1009 non
1250 979 1344 1016 plebis
1365 982 1459 1009 solum
1479 987 1528 1009 aut
1550 981 1608 1008 cle-

90 1029 216 1063 ticorum
239 1035 349 1058 mentes
369 1028 508 1060 infecerat
531 1038 559 1060 et
585 1040 795 1070 occupaverat,
828 1034 879 1062 sed
898 1034 993 1070 ipsum
1015 1040 1134 1069 quoque
1161 1031 1359 1068 imperatorem
1381 1031 1605 1061 contaminabat.

91 1080 150 1116 Hic
176 1080 253 1116 enim
276 1088 342 1110 cum
365 1081 481 1118 saepius
510 1084 716 1114 monachorum
742 1091 771 1114 et
791 1085 997 1116 canonicorum
1023 1084 1099 1113 vitae
1121 1083 1280 1119 rationem,
1301 1084 1507 1113 sanctissimam
1529 1084 1609 1112 scili·

89 1140 157 1170 cet,
178 1133 315 1170 omnique
337 1134 435 1163 studio
451 1134 612 1165 imitandam
639 1143 667 1165 et
694 1137 912 1167 consectandam
932 1134 1079 1170 laudavit,
1100 1141 1128 1163 et
1145 1134 1175 1164 in
1194 1137 1292 1164 coelos
1316 1135 1411 1164 evexit
1430 1133 1517 1172 (2),
1544 1141 1604 1163 tum

87 1185 221 1222 ingentes
244 1192 316 1221 opes
340 1185 375 1214 ad
392 1185 473 1214 sedes
498 1193 595 1215 eorum
616 1195 731 1224 sacras,
763 1188 914 1224 ditandas,
935 1185 1177 1223 magnificandas,
1200 1180 1410 1222 numerumque
1435 1194 1528 1215 earum
1555 1194 1606 1214 au·

88 1235 363 1274 gendum'profudit
379 1242 464 1273 atque
482 1238 662 1274 consumsit,
684 1247 744 1268 non
761 1240 844 1268 tacite
864 1239 1030 1272 declarans,
1057 1245 1089 1266 se
1114 1236 1221 1266 talibus
1241 1236 1390 1265 beneficiis
1415 1237 1449 1265 de
1473 1237 1537 1266 Deo
1556 1237 1606 1265 de-

90 1296 147 1324 que
166 1286 279 1316 Christi
300 1287 420 1316 ecclesia
439 1294 548 1324 optime
569 1290 670 1318 meteri
691 1291 769 1326 (3).
807 1290 874 1328 Qua
895 1290 996 1328 agendi
1014 1288 1124 1319 ratione
1140 1288 1221 1317 aliter
1238 1288 1302 1317 fieri
1323 1296 1383 1318 non
1400 1295 1514 1324 poterat
1534 1289 1604 1324 quin

87 1346 201 1369 omnem
228 1337 333 1366 bonam
355 1337 468 1375 frugem
494 1338 647 1376 perderet,
678 1349 761 1377 quam
786 1341 967 1378 praeceptis,
1002 1340 1095 1377 qualia
1119 1348 1207 1376 supra
1232 1338 1432 1375 laudavimus,
1465 1339 1604 1368 seminas-

90 1397 146 1421 set.
177 1389 244 1420 Nec
260 1389 482 1419 etiam-Alcuini
497 1398 669 1428 praecepta,
689 1393 724 1422 ad
742 1401 836 1422 veram
852 1393 989 1423 virtutem
1011 1392 1042 1422 in
1057 1391 1205 1420 hominum
1217 1389 1318 1419 animis
1336 1396 1385 1419 aut
1403 1390 1576 1421 excitandam
1587 1413 1598 1427 ,

82 1448 133 1475 ant
155 1441 282 1473 alendam
307 1446 336 1469 et
361 1439 538 1478 fovendam,
563 1443 680 1472 tendere
704 1443 850 1475 videntur.
892 1444 956 1474 Etsi
984 1443 1060 1474 enim
1085 1443 1115 1473 in
1138 1441 1297 1479 scriptione
1321 1442 1356 1470 de
1379 1441 1541 1473 virtutibus
1569 1451 1599 1474 et

83 1493 185 1529 vitiis,
205 1492 339 1522 homines
356 1492 392 1522 ad
407 1500 494 1522 omne
510 1492 627 1523 virtutis
653 1503 746 1533 genus
769 1496 921 1526 colendum
939 1495 1109 1525 exhortetur
1122 1515 1133 1530 ,
1160 1501 1255 1523 tamen
1283 1492 1369 1522 simul
1394 1494 1491 1523 eodem
1521 1495 1596 1525 libro

85 1544 247 1577 universam
264 1543 422 1581 virtutem,
446 1552 518 1580 quae
534 1553 569 1574 ex
584 1545 687 1575 intimo
704 1548 791 1577 corde
811 1548 921 1584 oritur,-
941 1555 1058 1585 pessum
1075 1545 1174 1581 dedit,
1194 1553 1260 1574 cum
1281 1544 1487 1581 poenitentiam
1498 1565 1508 1581 ,
1522 1547 1597 1583 jeju-

83 1595 130 1626 nia
140 1615 150 1632 ,
171 1595 368 1632 eleemosynas
386 1601 503 1626 strenue
513 1595 646 1627 facienda
659 1605 688 1628 et
705 1600 883 1630 observanda
898 1608 960 1629 esse
975 1604 1114 1628 memoret
1124 1618 1135 1633 ,
1159 1596 1268 1634 quippe
1287 1595 1394 1631 quibus
1409 1596 1444 1625 ad
1458 1598 1595 1627 coelestia

82 1645 219 1684 mysteria
234 1645 328 1676 aditus
345 1652 457 1683 pateat,
478 1655 723 1686 peccatorumque
739 1651 822 1681 venia
837 1660 853 1681 a
871 1652 933 1681 Deo
957 1648 1116 1686 accipiatur
1136 1646 1217 1685 (4).
1259 1645 1374 1685 Quodsi
1390 1655 1459 1676 vere
1478 1648 1597 1677 affirmas

80 1696 225 1733 Alcuine!
256 1695 329 1733 quid,
344 1702 411 1725 vtum
435 1697 570 1730 dominus
601 1706 670 1729 tuus
696 1701 821 1732 Carolus
843 1701 952 1740 jejunia
978 1706 1168 1735 externasque
1190 1696 1375 1727 caerimonias
1391 1698 1539 1735 religiosas
1562 1709 1596 1729 eo

80 1749 177 1784 solum
204 1747 348 1781 inservire
373 1747 476 1777 debere
502 1749 574 1778 dixit
590 1770 602 1786 ,
631 1757 664 1781 ut
693 1751 826 1782 homines
853 1752 941 1782 officii
972 1751 1046 1786 sui,
1076 1749 1268 1788 negligentiae
1299 1757 1368 1778 suae
1402 1749 1596 1789 vitiorumque

80 1806 340 1838 commoneantur,
369 1806 456 1839 atque
483 1803 536 1831 sua
560 1803 742 1836 conscientia
769 1803 936 1842 compulsi,
967 1802 1077 1833 veniam
1104 1811 1120 1831 a
1143 1801 1262 1832 Summo
1287 1800 1417 1831 Numine
1438 1801 1596 1840 deprecen-

1529 1863 1594 1893 tur,
1617 1880 1619 1884 ,

114 1933 152 1973 (t
167 1933 183 1969 )
198 1933 257 1970 'Ep.
276 1933 307 1978 ad
318 1934 437 1977 ¹Fasti-ad.
454 1935 535 1969 regin.
552 1942 596 1969 ap.
615 1937 701 1969 Bouq.
719 1945 762 1971 ep.
779 1944 805 1971 5.
824 1946 851 1971 p.
868 1938 927 1972 623.

116 1981 181 2015 (Ὠ)
195 1981 265 2009 ‘vidt
282 1981 363 2007 Mon.
382 1977 510 2009 samoni.
528 1978 545 2010 ι’.
561 1978 598 2011 11.
616 1991 643 2012 e.
660 1985 699 2013 18.
720 1987 800 2018 capit.
816 1986 877 2018 789.
894 1992 921 2012 n.
939 1990 982 2018 ¹4·
999 1992 1026 2019 p.
1043 1983 1104 2017 650.
1123 1985 1166 2016 ap.
1184 1981 1271 2015 Bouq.
1290 1982 1327 2009 cf.
1342 1982 1436 2011 Baiuz.
1453 1991 1479 2017 p.
1495 1992 1554 2013 222.

111 2023 178 2062 (ἐ)
197 2027 333 2055 Schr6ckh
355 2033 374 2056 t.
390 2028 409 2054 l.
426 2036 454 2061 p.
465 2029 507 2063 84.

880 2077 910 2107 G
930 2084 947 2106 2
