1919 2511
285 192 322 227 36
609 191 791 222 ›ANTONII
812 190 987 222 HENRICI
1009 198 1070 221 VAN
1089 199 1157 222 Dr-:R
1177 192 1293 223 BOON
1312 193 1456 224 MESCH

283 274 458 310 proprietate
481 274 580 310 humi,
610 275 732 304 diximus
758 276 876 305 omnino
901 282 979 312 patet
998 297 1009 313 ,
1036 277 1108 305 hanc
1128 276 1292 306 facultatem
1315 277 1371 307 soli
1391 278 1424 307 ab
1449 277 1513 307 aliis
1534 277 1639 314 terris,
1668 279 1788 308 maxime

283 334 353 353 vero
379 325 412 353 ab
438 326 524 353 humo
557 326 645 362 orir13
677 328 756 362 quod
778 327 985 364 confirmatur,
1019 336 1082 356 cum
1107 328 1205 356 eodem
1230 329 1296 358 loco
1321 329 1426 358 scribat
1455 336 1575 365 auctor,
1603 329 1714 365 nigrum
1738 338 1789 358 co-

282 378 372 405 lorem
403 376 537 405 indicium
572 385 635 405 esse
666 377 822 406 fertilitatis
851 378 934 412 soli,
972 379 998 406 si
1026 379 1139 406 accedat
1169 387 1267 415 magna
1295 380 1340 408 vis
1371 388 1473 415 aquam
1505 379 1677 415 absorbendi
1706 379 1790 416 (1).

282 428 371 464 Quod
393 427 474 455 etiam
501 427 687 456 confirmatur
706 428 823 457 Palladii
850 428 1021 457 auctoritate
1044 428 1215 464 scribentis,
1253 449 1271 464 „
1292 430 1426 466 pinguem
1448 431 1489 459 sic
1507 430 1660 467 agnoscis:
1684 430 1793 466 glebam

286 499 304 514 „
325 480 468 514 parvulam
494 478 570 505 dulci
591 480 664 513 aquil
687 487 750 506 cum
774 478 886 515 spargis
912 485 940 506 et
965 478 1095 515 subigis,
1118 479 1142 507 si
1165 479 1308 516 glutinosa
1332 488 1375 509 est
1394 488 1421 510 et
1439 481 1593 516 adhaeret,
1615 488 1730 510 constat
1749 482 1791 510 illi

285 551 303 566 ‚,
324 530 416 558 inesse
435 529 646 565 pinguedinem.
685 529 756 557 Item
773 529 876 557 scrobe
898 529 1004 558 effossa
1027 537 1054 558 et
1079 532 1204 566 repleta,
1227 531 1252 559 si
1275 532 1454 568 superaverit
1473 538 1567 567 terra,
1589 531 1705 568 pinguis
1728 539 1789 567 est;

285 601 302 616 „
324 581 347 609 si
365 580 489 608 defuerit
510 580 610 615 exilis;
633 580 658 608 si
681 580 850 609 convenerit
869 587 1008 616 aequata,
1030 581 1183 610 mediocris
1205 582 1311 620 (2).''
1350 583 1391 611 Et
1411 589 1521 619 praeter
1544 583 1620 611 hunc
1640 581 1722 611 etiam
1739 582 1792 611 alia

281 633 343 660 loca
365 637 453 665 sunt,
477 631 581 666 quibus
604 637 681 666 patet
701 638 811 659 veteres
840 632 959 660 omnino
985 632 1133 661 Romanos
1153 641 1186 661 ex
1209 633 1333 662 externis
1361 633 1438 668 soli,
1460 641 1530 669 quas
1551 633 1637 661 hodie
1655 632 1790 669 physicas

280 682 471 718 proprietates
492 690 647 717 vocamus,
667 681 883 711 conclusionem
902 683 1018 719 petiisse
1043 684 1078 712 ad
1097 685 1158 720 eJ'us
1180 683 1374 720 fertilitatem3
1398 684 1548 720 praecipue
1568 693 1601 712 ex
1623 684 1684 720 ejus
1707 689 1791 712 aucto

280 733 390 768 modo,
413 733 436 761 si
461 734 505 760 vel
529 733 585 761 aeri
609 734 655 761 vel
672 742 762 768 aquae
782 740 975 769 exponeretur
995 733 1037 770 (3
1050 735 1078 769 ).
1119 734 1165 762 Ex
1188 734 1239 762 hac
1265 734 1353 771 igitur
1375 744 1464 771 aquae
1482 734 1675 763 absorbendae
1699 740 1727 762 et
1753 740 1793 762 te-

280 785 388 813 nendae
415 783 443 812 vi
472 783 625 818 aliquando
652 783 787 812 concludi
811 790 909 819 potest
933 784 968 812 ad
996 784 1052 812 soli
1075 783 1251 813 fertilitatem
1287 792 1314 813 et
1341 786 1375 814 ab
1407 794 1441 815 eo
1467 786 1585 814 humum
1614 791 1792 814 contentam.

281 835 408 863 Humum
433 842 525 862 tamen
548 835 641 862 solum
662 833 831 870 continere,
855 834 956 863 melius
979 841 1066 870 atque
1087 835 1196 864 certius
1217 836 1281 865 allis
1298 835 1501 873 experimentis
1524 835 1675 873 probatur.
1717 835 1792 863 Nam

281 886 396 914 minime
421 885 596 913 adsentimur
619 884 672 919 iis,
704 885 753 921 qui
777 883 889 923 nigrum
916 887 1042 915 colorem
1070 895 1184 923 semper
1205 887 1284 916 humi
1313 894 1465 916 contentae
1490 887 1519 916 in
1544 887 1608 915 solo
1635 894 1697 914 esse
1721 885 1795 915 indi-

281 937 356 964 cium
381 936 564 971 existiment,
588 936 695 972 quippe
720 937 803 973 cujus
830 937 937 966 coloris
962 937 1114 973 aliquando
1140 938 1255 967 minime
1279 939 1403 973 humus,
1432 937 1484 966 sed
1505 937 1630 973 oxydum
1658 936 1727 965 ferri
1747 937 1793 965 vel

281 989 333 1016 alia
357 988 384 1016 in
401 997 499 1016 caussa
519 995 604 1022 sunt;
630 996 715 1023 quare
730 987 872 1017 Palladius
892 989 948 1026 jam
964 988 1083 1024 docuit,
1128 1009 1146 1024 ‚‚
1167 990 1249 1018 color
1269 995 1360 1018 terrae
1381 997 1440 1018 non
1464 996 1636 1025 magnopere
1653 986 1795 1016 desidere·

283 1059 300 1074 „
322 1046 389 1074 tur,
414 1038 547 1073 quoniam
570 1038 697 1067 incertus
722 1045 764 1066 est
788 1038 925 1067 bonitatis
948 1038 1053 1068 auctor?
1068 1040 1177 1078 (4).’'
1224 1040 1316 1077 Igitur
1342 1040 1412 1070 aliae
1435 1041 1540 1069 debent
1562 1048 1625 1068 esse
1646 1038 1792 1073 rationes,

280 1098 386 1126 eaeque
414 1090 563 1118 facillimae
580 1110 590 1125 ,
620 1089 725 1125 quibus
753 1089 915 1126 probetur,
946 1097 1042 1118 utrum
1068 1091 1163 1119 solum
1196 1091 1314 1120 humum
1341 1091 1498 1121 contineat.
1549 1089 1697 1119 Nimirum
1728 1096 1793 1125 pars

280 1141 358 1169 illius
384 1141 458 1176 soli,
480 1142 561 1178 cujus
580 1147 708 1169 naturam
730 1149 908 1177 cognoscere
933 1142 1088 1176 volumus,
1110 1140 1249 1170 exsiccata
1275 1142 1300 1170 si
1326 1142 1355 1171 in
1377 1142 1529 1171 crucibulo
1550 1147 1615 1169 usta
1638 1146 1697 1169 atra
1720 1139 1791 1174 fiat,

281 1191 397 1219 omniuo
423 1198 500 1226 patet
520 1192 574 1218 tale
597 1191 691 1218 solum
719 1190 801 1218 etiam
826 1191 915 1219 humo
935 1198 1079 1221 constare.
1119 1191 1194 1221 Cum
1221 1199 1314 1221 autem
1339 1192 1424 1229 copia
1446 1191 1526 1220 humi
1547 1191 1584 1220 sit
1613 1190 1794 1226 definienda,

280 1242 332 1269 alia
359 1250 447 1277 eaque
471 1241 558 1277 magis
584 1247 712 1270 accurata
740 1241 849 1270 ratione
873 1242 1011 1271 utendum
1036 1247 1090 1270 est.
1142 1242 1254 1272 Scimus
1289 1242 1364 1273 enim
1395 1252 1430 1272 ex
1456 1243 1686 1280 experimentis,
1722 1249 1794 1280 quae

278 1295 332 1330 jam
357 1294 438 1322 initio
461 1293 700 1328 memoravimus,
730 1301 789 1322 eam
818 1302 879 1322 esse
902 1293 982 1323 humi
1004 1299 1153 1329 naturam,
1184 1300 1217 1322 ut
1243 1294 1308 1331 igne
1341 1295 1459 1323 omnino
1484 1295 1646 1323 destruatur
1671 1299 1700 1322 et
1721 1292 1794 1322 nihil

281 1344 458 1380 relinquatur
478 1344 534 1373 nisi
559 1352 651 1373 terrae
672 1343 806 1380 aliaque,
830 1354 885 1381 qua
915 1345 982 1374 huic
1007 1345 1130 1374 admixta
1150 1353 1237 1384 sunt3
1259 1347 1382 1384 primum
1409 1353 1502 1376 tamen
1527 1353 1603 1375 terra
1623 1345 1796 1381 exploranda

280 1400 410 1428 siccanda
433 1406 476 1429 est
493 1418 503 1432 a
536 1406 567 1428 ut
594 1398 671 1428 omni
695 1401 768 1435 aqua
793 1400 832 1428 sit
855 1400 983 1437 privata,
1013 1407 1040 1429 et
1071 1400 1156 1429 simul
1178 1405 1293 1427 curetur
1322 1407 1358 1427 ne
1386 1398 1470 1427 nimis
1493 1405 1596 1433 magno
1621 1397 1715 1424 calore
1738 1396 1796 1433 jam

280 1452 343 1487 ipsa
367 1452 470 1479 humus
488 1451 658 1480 exsiccando
684 1452 858 1480 destruatur.
911 1451 999 1479 Nunc
1029 1459 1061 1479 ea
1084 1457 1178 1485 terra,
1207 1450 1288 1486 cujus
1311 1448 1424 1485 pondus
1447 1449 1503 1485 J'am
1536 1447 1738 1481 definivimus,
1765 1446 1795 1474 in

280 1501 430 1530 crucibulo
447 1501 505 1537 igni
528 1501 634 1530 tamdiu
653 1502 758 1530 urenda
782 1508 844 1537 est,
868 1501 1002 1537 quamdiu
1027 1508 1117 1529 atrum
1140 1500 1226 1529 habet
1245 1501 1392 1536 colorem3
1414 1507 1492 1529 nunc
1512 1505 1574 1528 atro
1596 1499 1694 1526 colore
1712 1498 1796 1534 plane

282 1553 430 1588 deperdito
447 1572 457 1587 ‚
491 1552 576 1589 hujus
605 1559 694 1581 terrae
717 1553 830 1589 pondus
864 1561 964 1581 rursus
989 1553 1182 1581 definiendum
1210 1559 1274 1588 est,
1301 1559 1329 1580 et
1353 1551 1489 1589 ponderis
1512 1550 1664 1580 diminutio
1691 1549 1796 1579 indicat

283 1603 361 1630 humi
387 1603 508 1639 copiam.
548 1604 579 1632 Si
603 1613 633 1633 ea
657 1611 730 1633 terra
748 1606 824 1633 calce
851 1604 932 1633 etiam
951 1610 1086 1639 constat,
1110 1604 1178 1632 haec
1202 1603 1283 1639 prius
1306 1602 1340 1631 ab
1362 1604 1394 1631 ea
1417 1602 1573 1638 separanda
1600 1608 1665 1636 est,
1687 1609 1722 1629 ne
1739 1601 1796 1628 aci·

284 1653 321 1681 do
347 1653 520 1689 cai-boniet),
544 1655 622 1689 quod
647 1656 740 1683 calore
760 1654 876 1683 -amittit
905 1657 984 1688 calx,
1013 1654 1042 1683 in
1068 1655 1147 1683 humi
1162 1655 1327 1691 quantitate
1351 1653 1510 1682 definienda
1532 1653 1561 1682 in
1593 1661 1719 1681 errorem
1744 1652 1796 1679 du-

283 1711 379 1730 camur
400 1703 481 1738 (5).
523 1703 615 1740 Quam
640 1704 777 1733 rationem
796 1704 959 1741 Thaerius,
989 1705 1162 1741 Einhofius,
1196 1704 1428 1733 I-Iermbstadtius
1452 1711 1480 1732 et
1505 1703 1680 1732 Schublerus
1703 1701 1795 1731 secuti

284 1760 373 1789 sunt,
403 1753 451 1789 qui
478 1760 640 1789 postremus
663 1755 826 1791 nuperrime
851 1755 933 1784 humi
957 1756 1142 1791 quantitatem
1171 1757 1201 1786 in
1225 1756 1296 1786 varii
1317 1756 1443 1785 nominis
1466 1755 1539 1793 agris
1566 1754 1693 1784 definivit
1713 1753 1795 1789 (5).

1741 1802 1798 1832 Sed

322 1888 384 1923 (ι)
403 1889 462 1915 Vld.
482 1890 580 1915 Gilbert
599 1891 697 1916 annales
717 1891 735 1918 l.
754 1891 772 1918 l.
791 1898 815 1924 p.
834 1892 893 1925 335.

321 1934 388 1969 (2)
410 1936 468 1961 Vid.
487 1935 609 1966 Palladius
623 1937 644 1963 l.
663 1937 716 1964 Tit.
730 1944 756 1969 5.
944 1935 1009 1971 (3)
1028 1937 1087 1965 Vid.
1106 1938 1263 1971 Geoponica
1279 1938 1300 1965 1.
1317 1945 1342 1965 c.
1360 1944 1401 1964 11.

322 1979 388 2015 (4)
407 1983 471 2016 Vid.
485 1983 609 2009 Palladius
626 1985 648 2010 Ι.
667 1985 720 2011 Tit.
736 1985 763 2011 6.

321 2026 389 2061 (5)
413 2028 471 2054 Vid.
496 2029 636 2061 Auleitung
655 2037 701 2055 zur
727 2031 859 2068 kenntuiss
886 2031 931 2058 der
950 2032 1126 2058 Chemischeu
1146 2030 1349 2057 beschaffenheit
1373 2028 1416 2054 det·
1436 2027 1556 2057 Bodens,
1585 2026 1628 2052 fiir
1651 2024 1797 2058 praktische

290 2074 457 2100 Lardwirthe
480 2083 533 2108 von
551 2076 651 2101 Einlios
670 2082 697 2102 ετ
714 2071 896 2110 Hermbstadt,
916 2079 1026 2105 Archiv.
1045 2079 1064 2106 l.
1082 2080 1099 2105 l.
1118 2079 1150 2104 Β.
1168 2077 1218 2103 ΙΙΙ.
1235 2085 1262 2109 p-
1275 2082 1306 2109 75
1325 2081 1350 2100 et
1367 2080 1441 2106 seqq·

324 2120 389 2151 (6)
408 2121 468 2147 Vid.
488 2122 580 2152 Agric.
597 2129 648 2147 von
667 2115 776 2155 Clwessptal
790 2143 798 2154 ‚
815 2125 860 2150 mit
875 2126 1073 2157 Anmerkungen
1094 2125 1223 2150 ubersetst
1240 2130 1293 2148 von
1318 2120 1461 2147 Eiseubac'n
1475 2138 1482 2150 ,
1501 2119 1553 2144 und
1577 2120 1624 2145 mit
1644 2119 1728 2143 einem
1747 2116 1798 2141 An·

290 2167 370 2197 hange
394 2168 518 2192 verschen
543 2175 594 2193 von
616 2169 739 2196 Schubler
757 2165 789 2198 B.
805 2170 839 2198 Π.
865 2179 892 2204 p.
908 2179 966 2204 331.
1005 2172 1039 2198 Et
1057 2172 1123 2198 Tab.
1139 2170 1175 2196 11.
1211 2168 1376 2200 Eintheilung
1394 2166 1438 2192 der
1465 2165 1626 2192 Bodenarten
1652 2163 1795 2195 inscripta;

289 2212 386 2244 prodit
403 2214 534 2245 Stuttgart.
555 2216 627 2248 1324.
