1919 2511
603 163 1005 201 ORAT1.0.
1522 170 1545 205 7<

64 257 111 291 mi
136 253 337 298 Pathologi;
376 251 558 288 acutissimi
587 250 713 285 Halmii
725 264 735 292 3
772 248 976 294 sagacissimi
1004 248 1189 283 Doevereni
1206 271 1216 290 ,
1245 247 1539 294 fitemidissimique

67 313 194 356 Royeni
219 309 392 344 memoria.

106 372 294 408 Perennat,
326 370 365 399 et·
383 370 557 399 aeternum
584 363 780 408 perennabit
807 361 1078 407 incomparabilis
1109 361 1298 396 Sandifortii
1315 386 1324 403 ‚
1356 361 1540 404 Oosterdy-

65 426 110 460 kii
131 450 141 468 ‚
171 423 352 466 Vosteleni,
384 421 568 464 Paradisii,
600 423 876 466 Brugmansiique
912 420 1182 464 qm'nqueviratas
1205 418 1425 460 desiderium,
1455 428 1543 462 quo-

64 493 142 517 rum
160 479 338 515 illustrium
359 479 521 513 Virorum
543 478 584 511 de
599 489 636 512 re
657 478 787 512 Medica
808 478 932 521 optime
953 477 1151 510 meritorum
1171 476 1227 519 pia
1250 474 1455 517 recordatio,
1480 486 1543 508 nec

61 550 131 574 non
152 536 380 580 Praeceptoris
402 535 573 580 quondam
593 534 661 569 mei
682 536 730 569 Cl.
762 538 820 568 Du
843 535 906 568 Pui
937 533 1120 567 honorifica
1150 532 1337 576 praesentia
1351 556 1361 573 ,
1395 541 1450 564 me
1475 533 1544 565 im-

60 596 169 640 pellit,
193 600 231 627 ut
248 593 345 627 fateri
365 603 434 626 non
457 592 653 626 erubescam
665 617 674 634 ,
697 602 867 625 summam
882 590 966 624 mihi
979 589 1169 623 felicitatem
1185 589 1377 632 contigisse,
1400 588 1490 632 quod
1509 590 1544 623 in

60 643 193 686 illorum
222 650 383 683 Virorum
405 649 525 683 scholis
546 648 713 682 'formatus
731 650 814 682 sim:
847 650 982 681 Horum
1004 647 1146 690 vestigiis
1170 645 1307 679 fideliter
1339 644 1512 693 inhaerere
1533 670 1543 687 ,

61 707 185 742 horum
206 706 250 740 ad
265 706 418 749 exempla
441 706 532 740 nulla
555 706 743 749 systematis
768 704 903 738 libidine
925 704 1145 745 incalescere,
1169 701 1228 736 sed
1245 711 1338 735 more
1358 702 1545 734 Eclectico-

59 774 156 806 rum,
189 762 394 797 Medicinam
422 763 642 808 experientia,
670 763 819 804 ratione,
851 766 883 794 et
911 761 1060 805 analogia
1083 758 1225 794 ducibus
1252 757 1423 799 factitare,
1453 768 1543 791 unus

60 820 144 855 mihi
164 830 296 863 semper
323 820 387 856 fuit
414 830 558 864 scopus,
590 825 622 854 et
654 818 761 861 (absit
785 816 943 862 superbia
957 820 985 861 !)
1018 816 1208 851 felicissimo
1225 839 1236 858 ,
1268 813 1357 858 quod
1389 813 1517 857 gaudeo
1532 826 1545 855 ‚·

62 885 232 911 successu.

103 934 139 967 Si
159 932 240 977 quid
259 933 377 976 igitur,
402 933 442 966 A.
462 933 504 967 A.
520 935 565 966 H.
585 935 653 967 H.!
677 933 712 967 in
730 942 785 966 me
809 935 859 965 est
883 929 1024 975 ingenii,
1049 934 1082 964 et
1105 927 1236 964 vlrtutis
1259 927 1426 971 practicae
1448 935 1546 959 com-

60 988 301 1030 mendaticiiiS‚
326 999 412 1032 quae
429 999 531 1033 quam
549 990 591 1023 sit
614 989 731 1032 exigua
747 989 817 1032 ipse
835 989 961 1029 sentio,
986 986 1021 1021 id
1039 987 1137 1021 unice
1153 985 1244 1018 hisce
1266 984 1351 1019 meis
1375 985 1545 1027 Praecep—

62 1044 189 1079 toribus
209 1055 265 1079 me
285 1044 406 1080 debere
425 1045 568 1090 ingenue
585 1045 702 1079 fateor.

103 1103 242 1136 Hancee
252 1102 341 1138 viam
354 1102 390 1137 in
407 1103 510 1137 Praxi
530 1102 662 1136 Medica
672 1126 683 1144 ‚
707 1099 813 1136 Vobis
827 1125 836 1143 ‚
854 1099 1114 1134 commilitiones
1133 1098 1259 1140 futuri,
1275 1095 1544 1140 Exoptatissimi!

62 1157 220 1192 tradenda
247 1161 362 1204 sequi,
395 1165 428 1194 et
458 1159 524 1194 hac
549 1159 677 1193 ratione
700 1158 930 1202 gravissimam
959 1156 1190 1201 provinciam,
1223 1154 1267 1188 ab
1301 1151 1546 1198 Angustissimo

59 1215 149 1252 Rege
171 1217 294 1250 Nostro
317 1218 354 1251 in
379 1217 491 1250 locum
512 1216 693 1250 Clarissimi
713 1215 889 1257 Kraussij,
913 1213 957 1248 ob
978 1212 1150 1248 infirmam
1168 1210 1393 1248 valetudjnem
1420 1208 1546 1242 hones·

59 1267 96 1302 ta
119 1263 203 1300 rude
225 1259 359 1302 donati,
383 1258 468 1298 mihi
491 1257 746 1295 clementissime
774 1271 950 1300 undamn,
983 1281 1042 1302 μη,
1068 1270 1188 1293 vax-zum
1215 1267 1352 1310 m‘nslnln
1378 1270 1548 1307 sustenta:

61 1331 120 1365 re‚‘
142 1325 175 1353 et
195 1318 260 1353 nisi
282 1315 366 1354 votis
391 1314 522 1349 excidat
538 1323 661 1357 ausus,
686 1324 826 1358 ornare,
852 1325 989 1349 summa
1014 1313 1098 1348 mihi
1121 1316 1182 1349 erit
1207 1325 1300 1349 cura.

39 1389 52 1393 ¹
103 1379 233 1412 Verum
254 1371 524 1419 quandoquidem
549 1370 782 1406 difficillimum
804 1372 908 1407 hocce
933 1382 1058 1408 munus
1083 1372 1148 1406 hac
1175 1373 1211 1407 in
1232 1371 1434 1415 Academia,
1457 1375 1547 1418 Lege

61 1432 164 1477 Regia
176 1431 329 1475 iubente,
352 1429 532 1463 solenniter
548 1429 591 1462 sit
608 1428 873 1473 auspicandum,
896 1429 1051 1474 equidem
1066 1429 1275 1473 officiorum,
1298 1429 1448 1466 humeris
1461 1432 1546 1464 meis

61 1490 294 1534 impositorum
310 1487 397 1522 bene
415 1495 567 1529 memor,
590 1486 707 1530 paucis
732 1485 857 1523 dicam,

437 1589 496 1620 De
519 1585 734 1620 Medicinae
755 1586 960 1621 Praeticcoe
983 1588 1167 1629 Ιὶοείονε,7

443 1641 564 1677 Fidelz‘
585 1641 693 1676 Artis
713 1641 919 1677 Historico.

108 1745 180 1780 Vos
201 1745 242 1777 A.
266 1743 307 1777 A.
332 1745 377 1777 H.
402 1745 447 1777 H.
471 1755 545 1786 me,
569 1745 605 1779 in
627 1744 756 1789 publice
783 1744 924 1779 dicendo
946 1735 1219 1792 inexercitatum,
1243 1748 1276 1777 et
1300 1742 1344 1777 ab
1369 1753 1545 1788 aegrorum

68 1802 193 1836 lectulis
206 1826 216 1843 ‚
240 1801 330 1845 apud
346 1812 427 1845 quos
444 1802 679 1847 Eloquentiam
700 1801 917 1846 comparandi
933 1802 1026 1846 copia
1042 1811 1111 1835 non
1133 1801 1252 1844 datur,
1274 1801 1428 1844 iamiam
1450 1802 1546 1835 avul—

67 1868 165 1900 sum,
187 1857 303 1908 eadem
316 1857 514 1901 benignitate
531 1858 726 1902 sublevetis,
750 1860 825 1906 qua-
839 1861 981 1903 majores
1001 1858 1124 1900 nostri,
1149 1857 1232 1892 forte
1252 1858 1352 1901 etiam
1370 1857 1543 1892 nonnnulli

68 1919 236 1956 vestrum,
260 1920 336 1947 ante
351 1914 412 1947 hos
427 1916 644 1960 quadraginta
659 1905 785 1958 annos,
803 1916 920 1950 eodem
937 1915 1038 1959 hujus
1056 1915 1180 1948 mensis
1199 1914 1251 1948 die
1263 1939 1273 1957 ‚
1298 1914 1544 1948 aestumatissi-

68 1980 165 2004 mum
181 1982 295 2005 meum
307 1996 316 2013 ,
332 1969 470 2015 piaeque
487 1974 667 2008 memoriae
683 1976 941 2018 Praeceptorem
957 1974 1000 2006 N.
1010 1971 1221 2006 Paradisiurn
1240 1971 1329 2007 idem
1345 1979 1470 2005 munus
1486 1979 1544 2007 soz

70 2027 160 2062 lenni
182 2029 347 2071 oratione,
369 2029 429 2063 sed
447 2031 566 2073 majori
589 2041 667 2066 cum
691 2031 820 2075 eloquio
850 2030 1099 2074 auspicantem,
1122 2029 1289 2073 prosecuti
1306 2028 1456 2069 fuerunt!

1416 2168 1547 2208 Quem-
