<?xml version="1.0" encoding="UTF-8"?>
<!DOCTYPE html PUBLIC "-//W3C//DTD XHTML 1.0 Transitional//EN"
    "http://www.w3.org/TR/xhtml1/DTD/xhtml1-transitional.dtd">
<html xmlns="http://www.w3.org/1999/xhtml" xml:lang="en" lang="en">
 <head>
  <title>
</title>
<meta http-equiv="Content-Type" content="text/html;charset=utf-8" />
  <meta name='ocr-system' content='tesseract 3.04.00' />
  <meta name='ocr-capabilities' content='ocr_page ocr_carea ocr_par ocr_line ocrx_word'/>
</head>
<body>
  <div class='ocr_page' id='page_1' title='image "annalesacademiae24rijk_0299.png"; bbox 0 0 1919 2511; ppageno 0'>
   <div class='ocr_carea' id='block_1_1' title="bbox 328 155 1624 211">
    <p class='ocr_par' dir='ltr' id='par_1_1' title="bbox 328 155 1624 211">
     <span class='ocr_line' id='line_1_1' title="bbox 328 155 1624 211; baseline 0.015 -27"><span class='ocrx_word' id='word_1_1' title='bbox 328 155 607 186; x_wconf 83' lang='lat' dir='ltr'>RESPONsio</span> <span class='ocrx_word' id='word_1_2' title='bbox 638 165 686 187; x_wconf 75' lang='lat' dir='ltr'>AD</span> <span class='ocrx_word' id='word_1_3' title='bbox 714 158 1096 197; x_wconf 83' lang='lat' dir='ltr'><strong>QUAESTIONEM</strong></span> <span class='ocrx_word' id='word_1_4' title='bbox 1126 162 1383 197; x_wconf 85' lang='lat' dir='ltr'><strong>MEDICAM.</strong></span> <span class='ocrx_word' id='word_1_5' title='bbox 1585 174 1624 211; x_wconf 87' lang='lat'>67</span> 
     </span>
    </p>
   </div>
   <div class='ocr_carea' id='block_1_2' title="bbox 95 237 1625 1776">
    <p class='ocr_par' dir='ltr' id='par_1_2' title="bbox 155 237 1513 286">
     <span class='ocr_line' id='line_1_2' title="bbox 155 237 1513 286; baseline 0.009 -17"><span class='ocrx_word' id='word_1_6' title='bbox 155 237 319 269; x_wconf 86' lang='lat' dir='ltr'>Secundum</span> <span class='ocrx_word' id='word_1_7' title='bbox 346 239 387 268; x_wconf 86' lang='lat' dir='ltr'>A.</span> <span class='ocrx_word' id='word_1_8' title='bbox 407 238 509 277; x_wconf 81' lang='lat' dir='ltr'>Cooper</span> <span class='ocrx_word' id='word_1_9' title='bbox 531 240 710 277; x_wconf 86' lang='lat' dir='ltr'>quadruplici</span> <span class='ocrx_word' id='word_1_10' title='bbox 728 241 814 269; x_wconf 90' lang='lat' dir='ltr'>modo</span> <span class='ocrx_word' id='word_1_11' title='bbox 838 242 966 277; x_wconf 70' lang='lat' dir='ltr'>luxario,</span> <span class='ocrx_word' id='word_1_12' title='bbox 988 244 1013 273; x_wconf 89' lang='lat' dir='ltr'>si</span> <span class='ocrx_word' id='word_1_13' title='bbox 1036 245 1076 274; x_wconf 91' lang='lat' dir='ltr'>sit</span> <span class='ocrx_word' id='word_1_14' title='bbox 1095 244 1123 274; x_wconf 88' lang='lat' dir='ltr'>iu</span> <span class='ocrx_word' id='word_1_15' title='bbox 1145 245 1250 282; x_wconf 70' lang='lat' dir='ltr'>axilla,</span> <span class='ocrx_word' id='word_1_16' title='bbox 1271 248 1383 278; x_wconf 79' lang='lat' dir='ltr'>restitui</span> <span class='ocrx_word' id='word_1_17' title='bbox 1404 256 1513 286; x_wconf 89' lang='lat' dir='ltr'>potest.</span> 
     </span>
    </p>

    <p class='ocr_par' dir='ltr' id='par_1_3' title="bbox 112 289 1625 446">
     <span class='ocr_line' id='line_1_3' title="bbox 156 289 1625 338; baseline 0.01 -20"><span class='ocrx_word' id='word_1_18' title='bbox 156 294 197 331; x_wconf 86' lang='lat'>1)</span> <span class='ocrx_word' id='word_1_19' title='bbox 226 289 406 323; x_wconf 83' lang='lat' dir='ltr'>Restitutio.</span> <span class='ocrx_word' id='word_1_20' title='bbox 429 299 502 326; x_wconf 88' lang='lat' dir='ltr'>quae</span> <span class='ocrx_word' id='word_1_21' title='bbox 527 291 559 320; x_wconf 91' lang='lat' dir='ltr'>fit</span> <span class='ocrx_word' id='word_1_22' title='bbox 579 301 631 328; x_wconf 88' lang='lat' dir='ltr'>per</span> <span class='ocrx_word' id='word_1_23' title='bbox 651 294 774 328; x_wconf 78' lang='lat' dir='ltr'><strong>calcem,</strong></span> <span class='ocrx_word' id='word_1_24' title='bbox 797 302 857 322; x_wconf 89' lang='lat' dir='ltr'>non</span> <span class='ocrx_word' id='word_1_25' title='bbox 881 295 1001 323; x_wconf 89' lang='lat' dir='ltr'>multum</span> <span class='ocrx_word' id='word_1_26' title='bbox 1027 295 1061 324; x_wconf 87' lang='lat' dir='ltr'>ab</span> <span class='ocrx_word' id='word_1_27' title='bbox 1087 297 1139 331; x_wconf 75' lang='lat' dir='ltr'>ea,</span> <span class='ocrx_word' id='word_1_28' title='bbox 1164 305 1247 333; x_wconf 81' lang='lat' dir='ltr'>quam</span> <span class='ocrx_word' id='word_1_29' title='bbox 1270 300 1327 336; x_wconf 83' lang='lat' dir='ltr'>jam</span> <span class='ocrx_word' id='word_1_30' title='bbox 1353 301 1547 338; x_wconf 82' lang='lat' dir='ltr'>Hippocrates</span> <span class='ocrx_word' id='word_1_31' title='bbox 1563 313 1625 336; x_wconf 80' lang='lat' dir='ltr'>me-</span> 
     </span>
     <span class='ocr_line' id='line_1_4' title="bbox 113 341 1625 388; baseline 0.008 -17"><span class='ocrx_word' id='word_1_32' title='bbox 113 341 237 371; x_wconf 86' lang='lat' dir='ltr'>moravit</span> <span class='ocrx_word' id='word_1_33' title='bbox 257 342 381 381; x_wconf 76' lang='lat'>(248),</span> <span class='ocrx_word' id='word_1_34' title='bbox 403 341 516 378; x_wconf 87' lang='lat' dir='ltr'>differt,</span> <span class='ocrx_word' id='word_1_35' title='bbox 538 342 563 371; x_wconf 93' lang='lat' dir='ltr'>si</span> <span class='ocrx_word' id='word_1_36' title='bbox 590 344 677 373; x_wconf 90' lang='lat' dir='ltr'>modo</span> <span class='ocrx_word' id='word_1_37' title='bbox 705 344 777 374; x_wconf 88' lang='lat' dir='ltr'>illud</span> <span class='ocrx_word' id='word_1_38' title='bbox 800 346 946 383; x_wconf 80' lang='lat' dir='ltr'>excipias,</span> <span class='ocrx_word' id='word_1_39' title='bbox 969 348 1048 383; x_wconf 88' lang='lat' dir='ltr'>quod</span> <span class='ocrx_word' id='word_1_40' title='bbox 1070 355 1169 377; x_wconf 84' lang='lat' dir='ltr'>noster</span> <span class='ocrx_word' id='word_1_41' title='bbox 1196 350 1309 379; x_wconf 86' lang='lat' dir='ltr'>Auctor</span> <span class='ocrx_word' id='word_1_42' title='bbox 1328 352 1456 382; x_wconf 90' lang='lat' dir='ltr'>cubitum</span> <span class='ocrx_word' id='word_1_43' title='bbox 1476 356 1551 385; x_wconf 85' lang='lat' dir='ltr'>flecti</span> <span class='ocrx_word' id='word_1_44' title='bbox 1575 359 1625 388; x_wconf 81' lang='lat' dir='ltr'>de.</span> 
     </span>
     <span class='ocr_line' id='line_1_5' title="bbox 112 393 1619 446; baseline 0.009 -23"><span class='ocrx_word' id='word_1_45' title='bbox 112 394 181 423; x_wconf 84' lang='lat' dir='ltr'>bere</span> <span class='ocrx_word' id='word_1_46' title='bbox 200 398 336 428; x_wconf 89' lang='lat' dir='ltr'>moneat,</span> <span class='ocrx_word' id='word_1_47' title='bbox 356 401 409 422; x_wconf 90' lang='lat' dir='ltr'>nec</span> <span class='ocrx_word' id='word_1_48' title='bbox 429 393 622 423; x_wconf 86' lang='lat' dir='ltr'>extensionem</span> <span class='ocrx_word' id='word_1_49' title='bbox 639 395 673 423; x_wconf 91' lang='lat' dir='ltr'>ad</span> <span class='ocrx_word' id='word_1_50' title='bbox 691 404 802 425; x_wconf 89' lang='lat' dir='ltr'>manum</span> <span class='ocrx_word' id='word_1_51' title='bbox 814 416 826 433; x_wconf 88' lang='lat'>,</span> <span class='ocrx_word' id='word_1_52' title='bbox 845 397 895 427; x_wconf 77' lang='lat' dir='ltr'>sed</span> <span class='ocrx_word' id='word_1_53' title='bbox 913 407 1000 435; x_wconf 91' lang='lat' dir='ltr'>supra</span> <span class='ocrx_word' id='word_1_54' title='bbox 1016 400 1157 435; x_wconf 89' lang='lat' dir='ltr'>condylos</span> <span class='ocrx_word' id='word_1_55' title='bbox 1176 401 1252 430; x_wconf 88' lang='lat' dir='ltr'>ossis</span> <span class='ocrx_word' id='word_1_56' title='bbox 1266 402 1375 432; x_wconf 86' lang='lat' dir='ltr'>humeri</span> <span class='ocrx_word' id='word_1_57' title='bbox 1393 405 1492 434; x_wconf 87' lang='lat' dir='ltr'>efficiat</span> <span class='ocrx_word' id='word_1_58' title='bbox 1514 409 1619 446; x_wconf 74' lang='lat'><strong>(2⁴²9)-</strong></span> 
     </span>
    </p>

    <p class='ocr_par' dir='ltr' id='par_1_4' title="bbox 111 444 1620 532">
     <span class='ocr_line' id='line_1_6' title="bbox 149 444 1620 491; baseline 0.013 -21"><span class='ocrx_word' id='word_1_59' title='bbox 149 445 194 481; x_wconf 55' lang='grc' dir='ltr'>ῃ)</span> <span class='ocrx_word' id='word_1_60' title='bbox 221 444 324 479; x_wconf 79' lang='lat' dir='ltr'>Alter,</span> <span class='ocrx_word' id='word_1_61' title='bbox 345 445 429 482; x_wconf 88' lang='lat' dir='ltr'>cujus</span> <span class='ocrx_word' id='word_1_62' title='bbox 452 445 598 483; x_wconf 83' lang='lat' dir='ltr'>meminit,</span> <span class='ocrx_word' id='word_1_63' title='bbox 620 446 722 476; x_wconf 84' lang='lat' dir='ltr'>modus</span> <span class='ocrx_word' id='word_1_64' title='bbox 739 450 904 487; x_wconf 83' lang='lat' dir='ltr'>praevalet,</span> <span class='ocrx_word' id='word_1_65' title='bbox 925 451 949 479; x_wconf 91' lang='lat' dir='ltr'>si</span> <span class='ocrx_word' id='word_1_66' title='bbox 970 451 1000 480; x_wconf 90' lang='lat' dir='ltr'>in</span> <span class='ocrx_word' id='word_1_67' title='bbox 1022 452 1181 482; x_wconf 87' lang='lat' dir='ltr'>robustiori</span> <span class='ocrx_word' id='word_1_68' title='bbox 1197 455 1331 491; x_wconf 90' lang='lat' dir='ltr'>corporis</span> <span class='ocrx_word' id='word_1_69' title='bbox 1356 455 1456 486; x_wconf 86' lang='lat' dir='ltr'>habitu</span> <span class='ocrx_word' id='word_1_70' title='bbox 1478 458 1620 491; x_wconf 81' lang='lat' dir='ltr'>difficilior</span> 
     </span>
     <span class='ocr_line' id='line_1_7' title="bbox 111 496 502 532; baseline 0 -6"><span class='ocrx_word' id='word_1_71' title='bbox 111 496 150 526; x_wconf 86' lang='lat' dir='ltr'>sit</span> <span class='ocrx_word' id='word_1_72' title='bbox 172 496 328 527; x_wconf 87' lang='lat' dir='ltr'>luxationis</span> <span class='ocrx_word' id='word_1_73' title='bbox 350 496 502 532; x_wconf 86' lang='lat' dir='ltr'>repositio.</span> 
     </span>
    </p>

    <p class='ocr_par' dir='ltr' id='par_1_5' title="bbox 104 547 1624 943">
     <span class='ocr_line' id='line_1_8' title="bbox 148 547 1624 600; baseline 0.009 -22"><span class='ocrx_word' id='word_1_74' title='bbox 148 547 209 578; x_wconf 70' lang='lat' dir='ltr'>Hic</span> <span class='ocrx_word' id='word_1_75' title='bbox 231 547 487 577; x_wconf 82' lang='lat' dir='ltr'>contra-extensio</span> <span class='ocrx_word' id='word_1_76' title='bbox 510 555 627 578; x_wconf 87' lang='lat' dir='ltr'>curatur</span> <span class='ocrx_word' id='word_1_77' title='bbox 647 549 783 588; x_wconf 86' lang='lat' dir='ltr'>singulari</span> <span class='ocrx_word' id='word_1_78' title='bbox 801 552 973 589; x_wconf 85' lang='lat' dir='ltr'>ligamento,</span> <span class='ocrx_word' id='word_1_79' title='bbox 996 563 1054 589; x_wconf 90' lang='lat' dir='ltr'>quo</span> <span class='ocrx_word' id='word_1_80' title='bbox 1075 554 1174 592; x_wconf 84' lang='lat' dir='ltr'>figitur</span> <span class='ocrx_word' id='word_1_81' title='bbox 1197 559 1313 594; x_wconf 88' lang='lat' dir='ltr'>scapula</span> <span class='ocrx_word' id='word_1_82' title='bbox 1335 560 1457 597; x_wconf 84' lang='lat'><strong>(250).</strong></span> <span class='ocrx_word' id='word_1_83' title='bbox 1493 561 1556 600; x_wconf 88' lang='lat' dir='ltr'>Jam</span> <span class='ocrx_word' id='word_1_84' title='bbox 1574 571 1624 593; x_wconf 79' lang='lat' dir='ltr'>ve·</span> 
     </span>
     <span class='ocr_line' id='line_1_9' title="bbox 109 600 1620 652; baseline 0.013 -26"><span class='ocrx_word' id='word_1_85' title='bbox 109 608 166 635; x_wconf 84' lang='lat' dir='ltr'>ro,</span> <span class='ocrx_word' id='word_1_86' title='bbox 186 606 255 636; x_wconf 91' lang='lat' dir='ltr'>apto</span> <span class='ocrx_word' id='word_1_87' title='bbox 279 601 381 635; x_wconf 86' lang='lat' dir='ltr'>laqueo</span> <span class='ocrx_word' id='word_1_88' title='bbox 399 600 518 629; x_wconf 86' lang='lat' dir='ltr'>humero</span> <span class='ocrx_word' id='word_1_89' title='bbox 542 600 648 638; x_wconf 88' lang='lat' dir='ltr'>injecto</span> <span class='ocrx_word' id='word_1_90' title='bbox 673 602 707 631; x_wconf 90' lang='lat' dir='ltr'>ad</span> <span class='ocrx_word' id='word_1_91' title='bbox 726 604 943 640; x_wconf 78' lang='lat' dir='ltr'>extensionem,</span> <span class='ocrx_word' id='word_1_92' title='bbox 965 605 1184 636; x_wconf 82' lang='lat' dir='ltr'>horizontaliter</span> <span class='ocrx_word' id='word_1_93' title='bbox 1208 610 1372 640; x_wconf 86' lang='lat' dir='ltr'>extenditur</span> <span class='ocrx_word' id='word_1_94' title='bbox 1390 612 1547 650; x_wconf 84' lang='lat' dir='ltr'>humerus,</span> <span class='ocrx_word' id='word_1_95' title='bbox 1568 621 1620 652; x_wconf 88' lang='lat' dir='ltr'>et,</span> 
     </span>
     <span class='ocr_line' id='line_1_10' title="bbox 107 651 1622 703; baseline 0.01 -22"><span class='ocrx_word' id='word_1_96' title='bbox 107 651 135 682; x_wconf 83' lang='lat' dir='ltr'>si</span> <span class='ocrx_word' id='word_1_97' title='bbox 156 652 284 681; x_wconf 81' lang='lat' dir='ltr'>nonduin</span> <span class='ocrx_word' id='word_1_98' title='bbox 309 659 443 688; x_wconf 87' lang='lat' dir='ltr'>sequatur</span> <span class='ocrx_word' id='word_1_99' title='bbox 468 652 629 692; x_wconf 84' lang='lat' dir='ltr'>restitutio,</span> <span class='ocrx_word' id='word_1_100' title='bbox 658 655 743 684; x_wconf 88' lang='lat' dir='ltr'>altius</span> <span class='ocrx_word' id='word_1_101' title='bbox 771 656 855 685; x_wconf 86' lang='lat' dir='ltr'>debet</span> <span class='ocrx_word' id='word_1_102' title='bbox 882 656 998 693; x_wconf 83' lang='lat' dir='ltr'>attolli,</span> <span class='ocrx_word' id='word_1_103' title='bbox 1030 664 1062 686; x_wconf 89' lang='lat' dir='ltr'>ut</span> <span class='ocrx_word' id='word_1_104' title='bbox 1092 659 1181 695; x_wconf 86' lang='lat' dir='ltr'>magis</span> <span class='ocrx_word' id='word_1_105' title='bbox 1215 668 1255 690; x_wconf 90' lang='lat' dir='ltr'>m.</span> <span class='ocrx_word' id='word_1_106' title='bbox 1276 660 1439 692; x_wconf 89' lang='lat' dir='ltr'>delto&#39;ideus</span> <span class='ocrx_word' id='word_1_107' title='bbox 1465 671 1493 694; x_wconf 90' lang='lat' dir='ltr'>et</span> <span class='ocrx_word' id='word_1_108' title='bbox 1513 674 1622 703; x_wconf 86' lang='lat' dir='ltr'>supra-</span> 
     </span>
     <span class='ocr_line' id='line_1_11' title="bbox 109 704 1620 753; baseline 0.009 -20"><span class='ocrx_word' id='word_1_109' title='bbox 109 704 242 740; x_wconf 83' lang='lat' dir='ltr'>spinatus</span> <span class='ocrx_word' id='word_1_110' title='bbox 265 704 445 733; x_wconf 81' lang='lat' dir='ltr'>relaxentur:</span> <span class='ocrx_word' id='word_1_111' title='bbox 470 704 595 740; x_wconf 84' lang='lat' dir='ltr'>aequalis</span> <span class='ocrx_word' id='word_1_112' title='bbox 615 714 690 735; x_wconf 85' lang='lat' dir='ltr'>nunc</span> <span class='ocrx_word' id='word_1_113' title='bbox 714 706 763 736; x_wconf 88' lang='lat' dir='ltr'>fiat</span> <span class='ocrx_word' id='word_1_114' title='bbox 781 708 910 738; x_wconf 82' lang='lat' dir='ltr'>extensio</span> <span class='ocrx_word' id='word_1_115' title='bbox 929 715 956 737; x_wconf 91' lang='lat' dir='ltr'>et</span> <span class='ocrx_word' id='word_1_116' title='bbox 983 710 1260 740; x_wconf 85' lang='lat' dir='ltr'>contra-extensio.</span> <span class='ocrx_word' id='word_1_117' title='bbox 1300 711 1458 749; x_wconf 85' lang='lat' dir='ltr'>Postquam</span> <span class='ocrx_word' id='word_1_118' title='bbox 1482 716 1620 753; x_wconf 88' lang='lat' dir='ltr'>aliquam-</span> 
     </span>
     <span class='ocr_line' id='line_1_12' title="bbox 107 754 1620 802; baseline 0.009 -19"><span class='ocrx_word' id='word_1_119' title='bbox 107 754 159 784; x_wconf 83' lang='lat' dir='ltr'>diu</span> <span class='ocrx_word' id='word_1_120' title='bbox 184 755 252 783; x_wconf 88' lang='lat' dir='ltr'>haec</span> <span class='ocrx_word' id='word_1_121' title='bbox 278 755 406 791; x_wconf 88' lang='lat' dir='ltr'>operatio</span> <span class='ocrx_word' id='word_1_122' title='bbox 427 756 591 793; x_wconf 86' lang='lat' dir='ltr'>duraverit,</span> <span class='ocrx_word' id='word_1_123' title='bbox 612 757 764 795; x_wconf 81' lang='lat' dir='ltr'>chirurgus</span> <span class='ocrx_word' id='word_1_124' title='bbox 789 760 891 795; x_wconf 87' lang='lat' dir='ltr'>pedem</span> <span class='ocrx_word' id='word_1_125' title='bbox 910 759 1013 794; x_wconf 83' lang='lat' dir='ltr'>sedili,</span> <span class='ocrx_word' id='word_1_126' title='bbox 1035 760 1082 788; x_wconf 87' lang='lat' dir='ltr'>cui</span> <span class='ocrx_word' id='word_1_127' title='bbox 1107 761 1211 792; x_wconf 88' lang='lat' dir='ltr'>insidet</span> <span class='ocrx_word' id='word_1_128' title='bbox 1239 772 1345 801; x_wconf 85' lang='lat' dir='ltr'>aeger,</span> <span class='ocrx_word' id='word_1_129' title='bbox 1366 765 1510 802; x_wconf 86' lang='lat' dir='ltr'>imponit,</span> <span class='ocrx_word' id='word_1_130' title='bbox 1532 767 1571 797; x_wconf 93' lang='lat' dir='ltr'>ita</span> <span class='ocrx_word' id='word_1_131' title='bbox 1587 774 1620 798; x_wconf 92' lang='lat' dir='ltr'>ut</span> 
     </span>
     <span class='ocr_line' id='line_1_13' title="bbox 104 805 1620 854; baseline 0.008 -18"><span class='ocrx_word' id='word_1_132' title='bbox 104 805 184 836; x_wconf 90' lang='lat' dir='ltr'>illius</span> <span class='ocrx_word' id='word_1_133' title='bbox 209 814 283 843; x_wconf 88' lang='lat' dir='ltr'>genu</span> <span class='ocrx_word' id='word_1_134' title='bbox 306 806 416 835; x_wconf 85' lang='lat' dir='ltr'>axillam</span> <span class='ocrx_word' id='word_1_135' title='bbox 438 807 514 844; x_wconf 76' lang='lat' dir='ltr'>aegri</span> <span class='ocrx_word' id='word_1_136' title='bbox 534 807 654 844; x_wconf 89' lang='lat' dir='ltr'>subeat,</span> <span class='ocrx_word' id='word_1_137' title='bbox 676 815 703 837; x_wconf 85' lang='lat' dir='ltr'>et</span> <span class='ocrx_word' id='word_1_138' title='bbox 725 810 828 844; x_wconf 83' lang='lat' dir='ltr'>altius,</span> <span class='ocrx_word' id='word_1_139' title='bbox 849 811 921 847; x_wconf 87' lang='lat' dir='ltr'>pede</span> <span class='ocrx_word' id='word_1_140' title='bbox 939 810 1036 848; x_wconf 82' lang='lat' dir='ltr'>digitis</span> <span class='ocrx_word' id='word_1_141' title='bbox 1056 811 1224 848; x_wconf 86' lang='lat' dir='ltr'>insistente,</span> <span class='ocrx_word' id='word_1_142' title='bbox 1244 814 1395 853; x_wconf 90' lang='lat' dir='ltr'>insurgat,</span> <span class='ocrx_word' id='word_1_143' title='bbox 1413 826 1470 852; x_wconf 88' lang='lat' dir='ltr'>quo</span> <span class='ocrx_word' id='word_1_144' title='bbox 1493 818 1620 854; x_wconf 88' lang='lat' dir='ltr'>plerum-</span> 
     </span>
     <span class='ocr_line' id='line_1_14' title="bbox 105 855 1619 904; baseline 0.012 -22"><span class='ocrx_word' id='word_1_145' title='bbox 105 863 164 890; x_wconf 85' lang='lat' dir='ltr'>que</span> <span class='ocrx_word' id='word_1_146' title='bbox 186 855 219 884; x_wconf 90' lang='lat' dir='ltr'>fit</span> <span class='ocrx_word' id='word_1_147' title='bbox 241 856 342 892; x_wconf 89' lang='lat' dir='ltr'>capitis</span> <span class='ocrx_word' id='word_1_148' title='bbox 367 857 457 885; x_wconf 85' lang='lat' dir='ltr'>luxati</span> <span class='ocrx_word' id='word_1_149' title='bbox 481 858 611 886; x_wconf 87' lang='lat' dir='ltr'>reductio</span> <span class='ocrx_word' id='word_1_150' title='bbox 638 860 756 897; x_wconf 82' lang='lat'>(251).</span> <span class='ocrx_word' id='word_1_151' title='bbox 798 861 945 898; x_wconf 83' lang='lat' dir='ltr'>Expertus</span> <span class='ocrx_word' id='word_1_152' title='bbox 976 872 1060 898; x_wconf 88' lang='lat' dir='ltr'>sum,</span> <span class='ocrx_word' id='word_1_153' title='bbox 1089 864 1128 893; x_wconf 88' lang='lat' dir='ltr'>ait</span> <span class='ocrx_word' id='word_1_154' title='bbox 1157 865 1294 904; x_wconf 86' lang='lat' dir='ltr'>Auctor,</span> <span class='ocrx_word' id='word_1_155' title='bbox 1323 868 1414 897; x_wconf 84' lang='lat' dir='ltr'>levem</span> <span class='ocrx_word' id='word_1_156' title='bbox 1446 869 1619 900; x_wconf 87' lang='lat' dir='ltr'>rotationem</span> 
     </span>
     <span class='ocr_line' id='line_1_15' title="bbox 106 907 1044 943; baseline 0.01 -9"><span class='ocrx_word' id='word_1_157' title='bbox 106 907 226 935; x_wconf 88' lang='lat' dir='ltr'>multum</span> <span class='ocrx_word' id='word_1_158' title='bbox 247 908 339 935; x_wconf 85' lang='lat' dir='ltr'>valere</span> <span class='ocrx_word' id='word_1_159' title='bbox 359 907 394 935; x_wconf 86' lang='lat' dir='ltr'>ad</span> <span class='ocrx_word' id='word_1_160' title='bbox 418 910 614 937; x_wconf 88' lang='lat' dir='ltr'>musculorum</span> <span class='ocrx_word' id='word_1_161' title='bbox 641 910 829 940; x_wconf 84' lang='lat' dir='ltr'>resistentiam</span> <span class='ocrx_word' id='word_1_162' title='bbox 851 913 1044 943; x_wconf 81' lang='lat' dir='ltr'>minuendam.</span> 
     </span>
    </p>

    <p class='ocr_par' dir='ltr' id='par_1_6' title="bbox 99 958 1618 1145">
     <span class='ocr_line' id='line_1_16' title="bbox 141 958 1617 1010; baseline 0.01 -24"><span class='ocrx_word' id='word_1_163' title='bbox 141 958 185 996; x_wconf 82' lang='lat'>3)</span> <span class='ocrx_word' id='word_1_164' title='bbox 213 958 265 989; x_wconf 83' lang='lat' dir='ltr'>Per</span> <span class='ocrx_word' id='word_1_165' title='bbox 286 958 441 988; x_wconf 83' lang='lat' dir='ltr'>machinam</span> <span class='ocrx_word' id='word_1_166' title='bbox 467 959 630 989; x_wconf 79' lang='lat' dir='ltr'>tractoriam</span> <span class='ocrx_word' id='word_1_167' title='bbox 651 965 756 998; x_wconf 57' lang='lat'>(2523</span> <span class='ocrx_word' id='word_1_168' title='bbox 782 962 815 990; x_wconf 89' lang='lat' dir='ltr'>fit</span> <span class='ocrx_word' id='word_1_169' title='bbox 834 963 937 991; x_wconf 86' lang='lat' dir='ltr'>tertius</span> <span class='ocrx_word' id='word_1_170' title='bbox 957 965 1082 1000; x_wconf 87' lang='lat' dir='ltr'>modus,</span> <span class='ocrx_word' id='word_1_171' title='bbox 1103 974 1163 995; x_wconf 87' lang='lat' dir='ltr'>non</span> <span class='ocrx_word' id='word_1_172' title='bbox 1183 967 1252 995; x_wconf 85' lang='lat' dir='ltr'>adeo</span> <span class='ocrx_word' id='word_1_173' title='bbox 1278 968 1446 998; x_wconf 84' lang='lat' dir='ltr'>laudandam</span> <span class='ocrx_word' id='word_1_174' title='bbox 1472 970 1510 998; x_wconf 90' lang='lat' dir='ltr'>ob</span> <span class='ocrx_word' id='word_1_175' title='bbox 1528 973 1617 1010; x_wconf 84' lang='lat' dir='ltr'>majo-</span> 
     </span>
     <span class='ocr_line' id='line_1_17' title="bbox 102 1009 1618 1052; baseline 0.009 -16"><span class='ocrx_word' id='word_1_176' title='bbox 102 1016 181 1045; x_wconf 87' lang='lat' dir='ltr'>rem,</span> <span class='ocrx_word' id='word_1_177' title='bbox 203 1018 286 1044; x_wconf 88' lang='lat' dir='ltr'>quam</span> <span class='ocrx_word' id='word_1_178' title='bbox 309 1015 407 1046; x_wconf 88' lang='lat' dir='ltr'>potest</span> <span class='ocrx_word' id='word_1_179' title='bbox 429 1009 529 1039; x_wconf 84' lang='lat' dir='ltr'>afferre</span> <span class='ocrx_word' id='word_1_180' title='bbox 553 1011 729 1040; x_wconf 86' lang='lat' dir='ltr'>extensionis</span> <span class='ocrx_word' id='word_1_181' title='bbox 757 1012 839 1048; x_wconf 82' lang='lat' dir='ltr'>vlm,</span> <span class='ocrx_word' id='word_1_182' title='bbox 869 1022 952 1049; x_wconf 90' lang='lat' dir='ltr'>quam</span> <span class='ocrx_word' id='word_1_183' title='bbox 979 1015 1091 1050; x_wconf 91' lang='lat' dir='ltr'>quidem</span> <span class='ocrx_word' id='word_1_184' title='bbox 1118 1015 1155 1044; x_wconf 91' lang='lat' dir='ltr'>ob</span> <span class='ocrx_word' id='word_1_185' title='bbox 1184 1016 1362 1052; x_wconf 89' lang='lat' dir='ltr'>aequabilem</span> <span class='ocrx_word' id='word_1_186' title='bbox 1388 1025 1416 1047; x_wconf 92' lang='lat' dir='ltr'>et</span> <span class='ocrx_word' id='word_1_187' title='bbox 1440 1019 1547 1049; x_wconf 91' lang='lat' dir='ltr'>sensim</span> <span class='ocrx_word' id='word_1_188' title='bbox 1573 1022 1618 1051; x_wconf 90' lang='lat' dir='ltr'>in-</span> 
     </span>
     <span class='ocr_line' id='line_1_18' title="bbox 100 1061 1618 1109; baseline 0.007 -21"><span class='ocrx_word' id='word_1_189' title='bbox 100 1067 276 1090; x_wconf 87' lang='lat' dir='ltr'>crescentem</span> <span class='ocrx_word' id='word_1_190' title='bbox 302 1061 473 1097; x_wconf 89' lang='lat' dir='ltr'>potentiam.</span> <span class='ocrx_word' id='word_1_191' title='bbox 513 1062 544 1092; x_wconf 90' lang='lat' dir='ltr'>Si</span> <span class='ocrx_word' id='word_1_192' title='bbox 572 1064 606 1091; x_wconf 77' lang='lat' dir='ltr'>ea</span> <span class='ocrx_word' id='word_1_193' title='bbox 630 1063 738 1100; x_wconf 84' lang='lat' dir='ltr'>utaris,</span> <span class='ocrx_word' id='word_1_194' title='bbox 759 1064 892 1102; x_wconf 81' lang='lat' dir='ltr'>reliqua,</span> <span class='ocrx_word' id='word_1_195' title='bbox 915 1073 986 1101; x_wconf 84' lang='lat' dir='ltr'>quae</span> <span class='ocrx_word' id='word_1_196' title='bbox 1007 1074 1095 1102; x_wconf 86' lang='lat' dir='ltr'>supra</span> <span class='ocrx_word' id='word_1_197' title='bbox 1119 1067 1284 1097; x_wconf 86' lang='lat' dir='ltr'>notavimus</span> <span class='ocrx_word' id='word_1_198' title='bbox 1305 1069 1340 1098; x_wconf 90' lang='lat' dir='ltr'>de</span> <span class='ocrx_word' id='word_1_199' title='bbox 1356 1068 1541 1109; x_wconf 85' lang='lat' dir='ltr'>ligamentis,</span> <span class='ocrx_word' id='word_1_200' title='bbox 1563 1073 1618 1102; x_wconf 88' lang='lat' dir='ltr'>hu.</span> 
     </span>
     <span class='ocr_line' id='line_1_19' title="bbox 99 1111 733 1145; baseline 0.009 -6"><span class='ocrx_word' id='word_1_201' title='bbox 99 1111 170 1140; x_wconf 90' lang='lat' dir='ltr'>rneri</span> <span class='ocrx_word' id='word_1_202' title='bbox 188 1111 345 1141; x_wconf 80' lang='lat' dir='ltr'>directione</span> <span class='ocrx_word' id='word_1_203' title='bbox 364 1119 421 1143; x_wconf 89' lang='lat' dir='ltr'>cet.</span> <span class='ocrx_word' id='word_1_204' title='bbox 450 1112 596 1143; x_wconf 83' lang='lat' dir='ltr'>observari</span> <span class='ocrx_word' id='word_1_205' title='bbox 615 1114 733 1145; x_wconf 88' lang='lat' dir='ltr'>debent.</span> 
     </span>
    </p>

    <p class='ocr_par' dir='ltr' id='par_1_7' title="bbox 98 1159 1616 1250">
     <span class='ocr_line' id='line_1_20' title="bbox 137 1159 1616 1211; baseline 0.009 -21"><span class='ocrx_word' id='word_1_206' title='bbox 137 1159 183 1198; x_wconf 88' lang='lat'>4)</span> <span class='ocrx_word' id='word_1_207' title='bbox 213 1162 342 1200; x_wconf 87' lang='lat' dir='ltr'>Quarta,</span> <span class='ocrx_word' id='word_1_208' title='bbox 364 1172 447 1199; x_wconf 89' lang='lat' dir='ltr'>quam</span> <span class='ocrx_word' id='word_1_209' title='bbox 474 1172 611 1194; x_wconf 87' lang='lat' dir='ltr'>memorat</span> <span class='ocrx_word' id='word_1_210' title='bbox 633 1165 766 1202; x_wconf 79' lang='lat' dir='ltr'>Auctor,</span> <span class='ocrx_word' id='word_1_211' title='bbox 788 1166 941 1196; x_wconf 87' lang='lat' dir='ltr'>methodus</span> <span class='ocrx_word' id='word_1_212' title='bbox 961 1167 994 1196; x_wconf 90' lang='lat' dir='ltr'>fit</span> <span class='ocrx_word' id='word_1_213' title='bbox 1014 1175 1064 1203; x_wconf 87' lang='lat' dir='ltr'>per</span> <span class='ocrx_word' id='word_1_214' title='bbox 1088 1176 1164 1204; x_wconf 86' lang='lat' dir='ltr'>genu</span> <span class='ocrx_word' id='word_1_215' title='bbox 1183 1169 1314 1211; x_wconf 77' lang='lat'>(253),</span> <span class='ocrx_word' id='word_1_216' title='bbox 1336 1177 1364 1200; x_wconf 89' lang='lat' dir='ltr'>et</span> <span class='ocrx_word' id='word_1_217' title='bbox 1380 1171 1466 1210; x_wconf 86' lang='lat' dir='ltr'>fere,</span> <span class='ocrx_word' id='word_1_218' title='bbox 1487 1173 1574 1203; x_wconf 89' lang='lat' dir='ltr'>sicuti</span> <span class='ocrx_word' id='word_1_219' title='bbox 1587 1175 1616 1204; x_wconf 91' lang='lat' dir='ltr'>in</span> 
     </span>
     <span class='ocr_line' id='line_1_21' title="bbox 98 1213 790 1250; baseline 0.007 -10"><span class='ocrx_word' id='word_1_220' title='bbox 98 1213 226 1242; x_wconf 75' lang='lat' dir='ltr'>secunda</span> <span class='ocrx_word' id='word_1_221' title='bbox 249 1213 403 1250; x_wconf 85' lang='lat' dir='ltr'>methodo,</span> <span class='ocrx_word' id='word_1_222' title='bbox 427 1215 638 1245; x_wconf 89' lang='lat' dir='ltr'>restitutionem</span> <span class='ocrx_word' id='word_1_223' title='bbox 658 1217 790 1245; x_wconf 87' lang='lat' dir='ltr'>molitur.</span> 
     </span>
    </p>

    <p class='ocr_par' dir='ltr' id='par_1_8' title="bbox 95 1263 1619 1661">
     <span class='ocr_line' id='line_1_22' title="bbox 135 1263 1619 1312; baseline 0.007 -20"><span class='ocrx_word' id='word_1_224' title='bbox 135 1263 197 1292; x_wconf 95' lang='lat' dir='ltr'>Ubi</span> <span class='ocrx_word' id='word_1_225' title='bbox 224 1265 332 1293; x_wconf 82' lang='lat' dir='ltr'>luxatio</span> <span class='ocrx_word' id='word_1_226' title='bbox 354 1265 432 1295; x_wconf 89' lang='lat' dir='ltr'>ossis</span> <span class='ocrx_word' id='word_1_227' title='bbox 455 1266 566 1295; x_wconf 87' lang='lat' dir='ltr'>humeri</span> <span class='ocrx_word' id='word_1_228' title='bbox 589 1276 692 1297; x_wconf 87' lang='lat' dir='ltr'>versus</span> <span class='ocrx_word' id='word_1_229' title='bbox 717 1267 858 1298; x_wconf 87' lang='lat' dir='ltr'>anteriora</span> <span class='ocrx_word' id='word_1_230' title='bbox 884 1276 948 1303; x_wconf 78' lang='lat' dir='ltr'>est,</span> <span class='ocrx_word' id='word_1_231' title='bbox 978 1275 1152 1298; x_wconf 88' lang='lat' dir='ltr'>memoratos</span> <span class='ocrx_word' id='word_1_232' title='bbox 1179 1271 1275 1300; x_wconf 90' lang='lat' dir='ltr'>laudat</span> <span class='ocrx_word' id='word_1_233' title='bbox 1299 1271 1413 1302; x_wconf 85' lang='lat' dir='ltr'>Auctor</span> <span class='ocrx_word' id='word_1_234' title='bbox 1442 1274 1545 1312; x_wconf 76' lang='lat'><strong>(25¹4)</strong></span> <span class='ocrx_word' id='word_1_235' title='bbox 1571 1285 1619 1305; x_wconf 78' lang='lat' dir='ltr'>re·</span> 
     </span>
     <span class='ocr_line' id='line_1_23' title="bbox 97 1314 1616 1357; baseline 0.009 -14"><span class='ocrx_word' id='word_1_236' title='bbox 97 1314 223 1351; x_wconf 82' lang='lat' dir='ltr'>ponendi</span> <span class='ocrx_word' id='word_1_237' title='bbox 246 1314 369 1354; x_wconf 77' lang='lat' dir='ltr'>modos,</span> <span class='ocrx_word' id='word_1_238' title='bbox 398 1317 469 1346; x_wconf 85' lang='lat' dir='ltr'>illud</span> <span class='ocrx_word' id='word_1_239' title='bbox 494 1319 590 1347; x_wconf 88' lang='lat' dir='ltr'>solum</span> <span class='ocrx_word' id='word_1_240' title='bbox 618 1319 790 1356; x_wconf 86' lang='lat' dir='ltr'>attendens,</span> <span class='ocrx_word' id='word_1_241' title='bbox 820 1321 900 1356; x_wconf 89' lang='lat' dir='ltr'>quod</span> <span class='ocrx_word' id='word_1_242' title='bbox 923 1321 995 1349; x_wconf 86' lang='lat' dir='ltr'>hanc</span> <span class='ocrx_word' id='word_1_243' title='bbox 1024 1320 1208 1351; x_wconf 83' lang='lat' dir='ltr'>directionem</span> <span class='ocrx_word' id='word_1_244' title='bbox 1239 1323 1360 1353; x_wconf 86' lang='lat' dir='ltr'>humero</span> <span class='ocrx_word' id='word_1_245' title='bbox 1388 1325 1526 1355; x_wconf 87' lang='lat' dir='ltr'>conciliet</span> <span class='ocrx_word' id='word_1_246' title='bbox 1552 1328 1616 1357; x_wconf 91' lang='lat' dir='ltr'>chi-</span> 
     </span>
     <span class='ocr_line' id='line_1_24' title="bbox 95 1366 1616 1412; baseline 0.01 -18"><span class='ocrx_word' id='word_1_247' title='bbox 95 1373 221 1402; x_wconf 87' lang='lat' dir='ltr'>rurgus,</span> <span class='ocrx_word' id='word_1_248' title='bbox 242 1374 317 1402; x_wconf 89' lang='lat' dir='ltr'>quae</span> <span class='ocrx_word' id='word_1_249' title='bbox 344 1366 425 1396; x_wconf 88' lang='lat' dir='ltr'>illum</span> <span class='ocrx_word' id='word_1_250' title='bbox 454 1367 533 1397; x_wconf 88' lang='lat' dir='ltr'>ducit</span> <span class='ocrx_word' id='word_1_251' title='bbox 557 1376 657 1404; x_wconf 87' lang='lat' dir='ltr'>parum</span> <span class='ocrx_word' id='word_1_252' title='bbox 682 1376 839 1400; x_wconf 85' lang='lat' dir='ltr'>retrorsum</span> <span class='ocrx_word' id='word_1_253' title='bbox 863 1378 892 1399; x_wconf 91' lang='lat' dir='ltr'>et</span> <span class='ocrx_word' id='word_1_254' title='bbox 917 1372 1072 1407; x_wconf 88' lang='lat' dir='ltr'>deorsum,</span> <span class='ocrx_word' id='word_1_255' title='bbox 1099 1381 1135 1401; x_wconf 93' lang='lat' dir='ltr'>ne</span> <span class='ocrx_word' id='word_1_256' title='bbox 1160 1380 1248 1410; x_wconf 89' lang='lat' dir='ltr'>caput</span> <span class='ocrx_word' id='word_1_257' title='bbox 1274 1374 1404 1412; x_wconf 83' lang='lat' dir='ltr'>humerI,</span> <span class='ocrx_word' id='word_1_258' title='bbox 1437 1376 1616 1411; x_wconf 86' lang='lat' dir='ltr'>horizontali</span> 
     </span>
     <span class='ocr_line' id='line_1_25' title="bbox 99 1415 1614 1461; baseline 0.009 -15"><span class='ocrx_word' id='word_1_259' title='bbox 99 1415 267 1446; x_wconf 84' lang='lat' dir='ltr'>extensione</span> <span class='ocrx_word' id='word_1_260' title='bbox 287 1416 385 1452; x_wconf 67' lang='lat' dir='ltr'>facta,</span> <span class='ocrx_word' id='word_1_261' title='bbox 406 1417 435 1447; x_wconf 91' lang='lat' dir='ltr'>in</span> <span class='ocrx_word' id='word_1_262' title='bbox 458 1427 598 1455; x_wconf 85' lang='lat' dir='ltr'>processu</span> <span class='ocrx_word' id='word_1_263' title='bbox 623 1421 794 1450; x_wconf 79' lang='lat' dir='ltr'>coracoi‘deo</span> <span class='ocrx_word' id='word_1_264' title='bbox 817 1422 1006 1458; x_wconf 85' lang='lat' dir='ltr'>repositionis</span> <span class='ocrx_word' id='word_1_265' title='bbox 1031 1423 1265 1460; x_wconf 85' lang='lat' dir='ltr'>impedimentum</span> <span class='ocrx_word' id='word_1_266' title='bbox 1285 1426 1401 1458; x_wconf 84' lang='lat' dir='ltr'>habeat.</span> <span class='ocrx_word' id='word_1_267' title='bbox 1441 1428 1558 1459; x_wconf 89' lang='lat' dir='ltr'>Auctor</span> <span class='ocrx_word' id='word_1_268' title='bbox 1582 1431 1614 1461; x_wconf 89' lang='lat' dir='ltr'>in</span> 
     </span>
     <span class='ocr_line' id='line_1_26' title="bbox 96 1468 1614 1519; baseline 0.009 -22"><span class='ocrx_word' id='word_1_269' title='bbox 96 1468 243 1498; x_wconf 89' lang='lat' dir='ltr'>luxatione</span> <span class='ocrx_word' id='word_1_270' title='bbox 274 1469 329 1498; x_wconf 89' lang='lat' dir='ltr'>sub</span> <span class='ocrx_word' id='word_1_271' title='bbox 354 1469 439 1506; x_wconf 72' lang='lat' dir='ltr'>spina</span> <span class='ocrx_word' id='word_1_272' title='bbox 466 1473 600 1508; x_wconf 87' lang='lat' dir='ltr'>scapulae</span> <span class='ocrx_word' id='word_1_273' title='bbox 627 1474 735 1502; x_wconf 88' lang='lat' dir='ltr'>nullam</span> <span class='ocrx_word' id='word_1_274' title='bbox 758 1473 916 1511; x_wconf 90' lang='lat' dir='ltr'>proponit,</span> <span class='ocrx_word' id='word_1_275' title='bbox 948 1483 963 1503; x_wconf 88' lang='lat' dir='ltr'>a</span> <span class='ocrx_word' id='word_1_276' title='bbox 989 1475 1226 1511; x_wconf 81' lang='lat' dir='ltr'>praecedentibus</span> <span class='ocrx_word' id='word_1_277' title='bbox 1253 1477 1393 1508; x_wconf 89' lang='lat' dir='ltr'>diversam</span> <span class='ocrx_word' id='word_1_278' title='bbox 1422 1480 1614 1519; x_wconf 90' lang='lat' dir='ltr'>methodum,</span> 
     </span>
     <span class='ocr_line' id='line_1_27' title="bbox 95 1519 1614 1569; baseline 0.011 -22"><span class='ocrx_word' id='word_1_279' title='bbox 95 1519 148 1549; x_wconf 86' lang='lat' dir='ltr'>sed</span> <span class='ocrx_word' id='word_1_280' title='bbox 179 1520 362 1549; x_wconf 89' lang='lat' dir='ltr'>solummodo</span> <span class='ocrx_word' id='word_1_281' title='bbox 385 1529 492 1559; x_wconf 85' lang='lat' dir='ltr'>casus,</span> <span class='ocrx_word' id='word_1_282' title='bbox 524 1531 599 1559; x_wconf 88' lang='lat' dir='ltr'>quos</span> <span class='ocrx_word' id='word_1_283' title='bbox 627 1523 683 1553; x_wconf 88' lang='lat' dir='ltr'>sibi</span> <span class='ocrx_word' id='word_1_284' title='bbox 712 1525 935 1555; x_wconf 86' lang='lat' dir='ltr'>communicavit</span> <span class='ocrx_word' id='word_1_285' title='bbox 964 1525 1107 1556; x_wconf 91' lang='lat' dir='ltr'>Toulmin</span> <span class='ocrx_word' id='word_1_286' title='bbox 1131 1533 1160 1557; x_wconf 90' lang='lat' dir='ltr'>et</span> <span class='ocrx_word' id='word_1_287' title='bbox 1188 1528 1306 1567; x_wconf 86' lang='lat' dir='ltr'>Coley,</span> <span class='ocrx_word' id='word_1_288' title='bbox 1327 1530 1503 1569; x_wconf 86' lang='lat' dir='ltr'>illorumque</span> <span class='ocrx_word' id='word_1_289' title='bbox 1530 1534 1614 1563; x_wconf 89' lang='lat' dir='ltr'>resti-</span> 
     </span>
     <span class='ocr_line' id='line_1_28' title="bbox 95 1570 1614 1621; baseline 0.012 -23"><span class='ocrx_word' id='word_1_290' title='bbox 95 1570 194 1601; x_wconf 88' lang='lat' dir='ltr'>tuendi</span> <span class='ocrx_word' id='word_1_291' title='bbox 219 1571 322 1601; x_wconf 89' lang='lat' dir='ltr'>modos</span> <span class='ocrx_word' id='word_1_292' title='bbox 346 1578 485 1602; x_wconf 85' lang='lat' dir='ltr'>memorat</span> <span class='ocrx_word' id='word_1_293' title='bbox 514 1571 647 1614; x_wconf 73' lang='lat'>(255),</span> <span class='ocrx_word' id='word_1_294' title='bbox 679 1583 763 1612; x_wconf 87' lang='lat' dir='ltr'>quam</span> <span class='ocrx_word' id='word_1_295' title='bbox 789 1576 964 1607; x_wconf 85' lang='lat' dir='ltr'>luxationem</span> <span class='ocrx_word' id='word_1_296' title='bbox 998 1578 1132 1609; x_wconf 88' lang='lat' dir='ltr'>rariorem</span> <span class='ocrx_word' id='word_1_297' title='bbox 1161 1579 1252 1617; x_wconf 90' lang='lat' dir='ltr'>dicit,</span> <span class='ocrx_word' id='word_1_298' title='bbox 1281 1587 1309 1610; x_wconf 90' lang='lat' dir='ltr'>et</span> <span class='ocrx_word' id='word_1_299' title='bbox 1336 1583 1515 1619; x_wconf 75' lang='lat' dir='ltr'>experientia</span> <span class='ocrx_word' id='word_1_300' title='bbox 1544 1593 1614 1621; x_wconf 88' lang='lat' dir='ltr'>pro·</span> 
     </span>
     <span class='ocr_line' id='line_1_29' title="bbox 95 1620 1318 1661; baseline 0.01 -11"><span class='ocrx_word' id='word_1_301' title='bbox 95 1620 146 1650; x_wconf 89' lang='lat' dir='ltr'>bat</span> <span class='ocrx_word' id='word_1_302' title='bbox 165 1623 286 1661; x_wconf 82' lang='lat'><strong>(256).</strong></span> <span class='ocrx_word' id='word_1_303' title='bbox 1315 1646 1318 1649; x_wconf 27' lang='grc' dir='ltr'><strong>Δ</strong></span> 
     </span>
    </p>

    <p class='ocr_par' dir='ltr' id='par_1_9' title="bbox 98 1675 1612 1776">
     <span class='ocr_line' id='line_1_30' title="bbox 134 1675 1607 1728; baseline 0.01 -23"><span class='ocrx_word' id='word_1_304' title='bbox 134 1675 233 1705; x_wconf 87' lang='lat' dir='ltr'>Partes</span> <span class='ocrx_word' id='word_1_305' title='bbox 253 1676 381 1714; x_wconf 86' lang='lat' dir='ltr'>ligneae,</span> <span class='ocrx_word' id='word_1_306' title='bbox 401 1685 417 1706; x_wconf 89' lang='lat' dir='ltr'>e</span> <span class='ocrx_word' id='word_1_307' title='bbox 443 1677 549 1715; x_wconf 87' lang='lat' dir='ltr'>quibus</span> <span class='ocrx_word' id='word_1_308' title='bbox 572 1685 687 1709; x_wconf 85' lang='lat' dir='ltr'>constat</span> <span class='ocrx_word' id='word_1_309' title='bbox 701 1679 940 1717; x_wconf 90' lang='lat' dir='ltr'>instrumentum,</span> <span class='ocrx_word' id='word_1_310' title='bbox 962 1691 1062 1713; x_wconf 87' lang='lat' dir='ltr'>recens</span> <span class='ocrx_word' id='word_1_311' title='bbox 1082 1692 1097 1714; x_wconf 85' lang='lat' dir='ltr'>a</span> <span class='ocrx_word' id='word_1_312' title='bbox 1116 1690 1163 1713; x_wconf 78' lang='lat' dir='ltr'>ter</span> <span class='ocrx_word' id='word_1_313' title='bbox 1181 1684 1259 1723; x_wconf 78' lang='lat' dir='ltr'>Borg</span> <span class='ocrx_word' id='word_1_314' title='bbox 1278 1692 1465 1717; x_wconf 88' lang='lat' dir='ltr'>memoratum</span> <span class='ocrx_word' id='word_1_315' title='bbox 1485 1687 1607 1728; x_wconf 82' lang='lat'>(25¹7),</span> 
     </span>
     <span class='ocr_line' id='line_1_31' title="bbox 98 1727 1612 1776; baseline 0.011 -20"><span class='ocrx_word' id='word_1_316' title='bbox 98 1733 167 1757; x_wconf 83' lang='lat' dir='ltr'>sunt</span> <span class='ocrx_word' id='word_1_317' title='bbox 187 1727 257 1757; x_wconf 86' lang='lat' dir='ltr'>duae</span> <span class='ocrx_word' id='word_1_318' title='bbox 280 1730 448 1763; x_wconf 88' lang='lat' dir='ltr'>columnae,</span> <span class='ocrx_word' id='word_1_319' title='bbox 472 1738 543 1766; x_wconf 85' lang='lat' dir='ltr'>quae</span> <span class='ocrx_word' id='word_1_320' title='bbox 565 1730 595 1761; x_wconf 87' lang='lat' dir='ltr'>in</span> <span class='ocrx_word' id='word_1_321' title='bbox 614 1738 694 1769; x_wconf 90' lang='lat' dir='ltr'>parte</span> <span class='ocrx_word' id='word_1_322' title='bbox 714 1733 859 1769; x_wconf 88' lang='lat' dir='ltr'>superiori</span> <span class='ocrx_word' id='word_1_323' title='bbox 876 1740 1052 1764; x_wconf 85' lang='lat' dir='ltr'>transversae</span> <span class='ocrx_word' id='word_1_324' title='bbox 1069 1745 1125 1774; x_wconf 88' lang='lat' dir='ltr'>ope</span> <span class='ocrx_word' id='word_1_325' title='bbox 1141 1739 1307 1775; x_wconf 82' lang='lat' dir='ltr'>junguntur</span> <span class='ocrx_word' id='word_1_326' title='bbox 1314 1747 1326 1776; x_wconf 91' lang='lat'>;</span> <span class='ocrx_word' id='word_1_327' title='bbox 1347 1739 1548 1772; x_wconf 82' lang='lat' dir='ltr'>intermedium</span> <span class='ocrx_word' id='word_1_328' title='bbox 1568 1748 1612 1773; x_wconf 89' lang='lat' dir='ltr'>est</span> 
     </span>
    </p>
   </div>
   <div class='ocr_carea' id='block_1_3' title="bbox 1559 1793 1613 1833">
    <p class='ocr_par' dir='ltr' id='par_1_10' title="bbox 1559 1793 1613 1833">
     <span class='ocr_line' id='line_1_32' title="bbox 1559 1793 1613 1833; baseline -0.037 -9"><span class='ocrx_word' id='word_1_329' title='bbox 1559 1793 1613 1833; x_wconf 78' lang='lat' dir='ltr'>lig-</span> 
     </span>
    </p>
   </div>
   <div class='ocr_carea' id='block_1_4' title="bbox 101 1858 1613 2170">
    <p class='ocr_par' dir='ltr' id='par_1_11' title="bbox 101 1858 1151 1903">
     <span class='ocr_line' id='line_1_33' title="bbox 101 1858 1151 1903; baseline 0.012 -18"><span class='ocrx_word' id='word_1_330' title='bbox 101 1889 105 1893; x_wconf 43' lang='lat'>,</span> <span class='ocrx_word' id='word_1_331' title='bbox 130 1858 229 1894; x_wconf 81' lang='lat'><em>(248)</em></span> <span class='ocrx_word' id='word_1_332' title='bbox 260 1861 298 1887; x_wconf 87' lang='lat' dir='ltr'>De</span> <span class='ocrx_word' id='word_1_333' title='bbox 324 1869 372 1888; x_wconf 86' lang='lat' dir='ltr'>art.</span> <span class='ocrx_word' id='word_1_334' title='bbox 397 1864 465 1891; x_wconf 82' lang='lat' dir='ltr'>Sect.</span> <span class='ocrx_word' id='word_1_335' title='bbox 484 1864 530 1891; x_wconf 88' lang='lat' dir='ltr'>Vl.</span> <span class='ocrx_word' id='word_1_336' title='bbox 554 1872 581 1897; x_wconf 87' lang='lat' dir='ltr'>p.</span> <span class='ocrx_word' id='word_1_337' title='bbox 599 1867 659 1899; x_wconf 83' lang='lat'>782.</span> <span class='ocrx_word' id='word_1_338' title='bbox 689 1866 753 1892; x_wconf 87' lang='lat' dir='ltr'>edit.</span> <span class='ocrx_word' id='word_1_339' title='bbox 777 1867 855 1894; x_wconf 73' lang='lat' dir='ltr'>Foe&#39;s.</span> <span class='ocrx_word' id='word_1_340' title='bbox 882 1869 984 1897; x_wconf 83' lang='lat' dir='ltr'>Genev.</span> <span class='ocrx_word' id='word_1_341' title='bbox 1004 1870 1078 1903; x_wconf 82' lang='lat'>1657.</span> <span class='ocrx_word' id='word_1_342' title='bbox 1104 1870 1151 1899; x_wconf 88' lang='lat' dir='ltr'>fol.</span> 
     </span>
    </p>

    <p class='ocr_par' dir='ltr' id='par_1_12' title="bbox 131 1905 1460 1955">
     <span class='ocr_line' id='line_1_34' title="bbox 131 1905 1460 1955; baseline 0.014 -23"><span class='ocrx_word' id='word_1_343' title='bbox 131 1905 228 1939; x_wconf 80' lang='lat'><em>(249)</em></span> <span class='ocrx_word' id='word_1_344' title='bbox 255 1908 363 1941; x_wconf 87' lang='lat' dir='ltr'>Cooper</span> <span class='ocrx_word' id='word_1_345' title='bbox 386 1910 404 1935; x_wconf 91' lang='lat'>1.</span> <span class='ocrx_word' id='word_1_346' title='bbox 422 1917 448 1937; x_wconf 86' lang='lat' dir='ltr'>c.</span> <span class='ocrx_word' id='word_1_347' title='bbox 481 1919 509 1944; x_wconf 89' lang='lat' dir='ltr'>p.</span> <span class='ocrx_word' id='word_1_348' title='bbox 522 1918 553 1944; x_wconf 85' lang='lat'>33</span> <span class='ocrx_word' id='word_1_349' title='bbox 572 1918 626 1943; x_wconf 63' lang='lat' dir='ltr'>seo,</span> <span class='ocrx_word' id='word_1_350' title='bbox 652 1912 701 1938; x_wconf 89' lang='lat' dir='ltr'>tab.</span> <span class='ocrx_word' id='word_1_351' title='bbox 720 1913 745 1938; x_wconf 89' lang='lat'>6.</span> <span class='ocrx_word' id='word_1_352' title='bbox 769 1912 790 1940; x_wconf 87' lang='lat' dir='ltr'>f.</span> <span class='ocrx_word' id='word_1_353' title='bbox 810 1920 833 1940; x_wconf 83' lang='lat'>1.</span> <span class='ocrx_word' id='word_1_354' title='bbox 1047 1916 1146 1952; x_wconf 80' lang='lat'><strong>(250)</strong></span> <span class='ocrx_word' id='word_1_355' title='bbox 1165 1920 1185 1947; x_wconf 86' lang='lat' dir='ltr'>l.</span> <span class='ocrx_word' id='word_1_356' title='bbox 1202 1926 1228 1948; x_wconf 88' lang='lat' dir='ltr'>c.</span> <span class='ocrx_word' id='word_1_357' title='bbox 1251 1920 1302 1947; x_wconf 80' lang='lat' dir='ltr'>tab.</span> <span class='ocrx_word' id='word_1_358' title='bbox 1322 1920 1348 1948; x_wconf 88' lang='lat'>6.</span> <span class='ocrx_word' id='word_1_359' title='bbox 1371 1920 1416 1955; x_wconf 83' lang='lat' dir='ltr'>fig.</span> <span class='ocrx_word' id='word_1_360' title='bbox 1433 1929 1460 1953; x_wconf 79' lang='lat'>2.</span> 
     </span>
    </p>

    <p class='ocr_par' dir='ltr' id='par_1_13' title="bbox 131 1951 1156 1997">
     <span class='ocr_line' id='line_1_35' title="bbox 131 1951 1156 1997; baseline 0.013 -12"><span class='ocrx_word' id='word_1_361' title='bbox 131 1951 227 1987; x_wconf 77' lang='lat'>(25¹)</span> <span class='ocrx_word' id='word_1_362' title='bbox 251 1956 269 1982; x_wconf 87' lang='lat'>¹·</span> <span class='ocrx_word' id='word_1_363' title='bbox 289 1963 314 1982; x_wconf 89' lang='lat' dir='ltr'>c·</span> <span class='ocrx_word' id='word_1_364' title='bbox 344 1965 371 1989; x_wconf 78' lang='lat' dir='ltr'>p·</span> <span class='ocrx_word' id='word_1_365' title='bbox 390 1963 432 1990; x_wconf 83' lang='lat'>35·</span> <span class='ocrx_word' id='word_1_366' title='bbox 856 1960 951 1996; x_wconf 82' lang='lat'><em>(252)</em></span> <span class='ocrx_word' id='word_1_367' title='bbox 979 1963 999 1990; x_wconf 92' lang='lat'>¹·</span> <span class='ocrx_word' id='word_1_368' title='bbox 1016 1969 1042 1988; x_wconf 85' lang='lat' dir='ltr'>c.</span> <span class='ocrx_word' id='word_1_369' title='bbox 1068 1971 1096 1997; x_wconf 79' lang='lat' dir='ltr'>p·</span> <span class='ocrx_word' id='word_1_370' title='bbox 1114 1965 1156 1997; x_wconf 78' lang='lat'>36·</span> 
     </span>
    </p>

    <p class='ocr_par' dir='ltr' id='par_1_14' title="bbox 131 1998 1218 2046">
     <span class='ocr_line' id='line_1_36' title="bbox 131 1998 1218 2046; baseline 0.014 -22"><span class='ocrx_word' id='word_1_371' title='bbox 131 1998 228 2032; x_wconf 83' lang='lat'><strong>(253)</strong></span> <span class='ocrx_word' id='word_1_372' title='bbox 257 2002 277 2028; x_wconf 83' lang='grc' dir='ltr'>Ι.</span> <span class='ocrx_word' id='word_1_373' title='bbox 293 2009 319 2029; x_wconf 90' lang='lat' dir='ltr'>c.</span> <span class='ocrx_word' id='word_1_374' title='bbox 341 2009 418 2035; x_wconf 85' lang='lat' dir='ltr'>p.39.</span> <span class='ocrx_word' id='word_1_375' title='bbox 437 2009 462 2029; x_wconf 89' lang='lat' dir='ltr'>et</span> <span class='ocrx_word' id='word_1_376' title='bbox 479 2003 524 2037; x_wconf 87' lang='lat' dir='ltr'>fig.</span> <span class='ocrx_word' id='word_1_377' title='bbox 541 2012 567 2037; x_wconf 84' lang='lat'>3.</span> <span class='ocrx_word' id='word_1_378' title='bbox 852 2006 955 2043; x_wconf 74' lang='lat'>(254)</span> <span class='ocrx_word' id='word_1_379' title='bbox 983 2010 1001 2036; x_wconf 91' lang='lat' dir='ltr'>l.</span> <span class='ocrx_word' id='word_1_380' title='bbox 1018 2018 1043 2038; x_wconf 90' lang='lat' dir='ltr'>c.</span> <span class='ocrx_word' id='word_1_381' title='bbox 1068 2019 1096 2044; x_wconf 89' lang='lat' dir='ltr'>p.</span> <span class='ocrx_word' id='word_1_382' title='bbox 1113 2017 1146 2045; x_wconf 81' lang='grc'>44</span> <span class='ocrx_word' id='word_1_383' title='bbox 1163 2019 1218 2046; x_wconf 87' lang='lat' dir='ltr'>seq.</span> 
     </span>
    </p>

    <p class='ocr_par' dir='ltr' id='par_1_15' title="bbox 132 2043 1165 2091">
     <span class='ocr_line' id='line_1_37' title="bbox 132 2043 1165 2091; baseline 0.014 -20"><span class='ocrx_word' id='word_1_384' title='bbox 132 2043 227 2079; x_wconf 79' lang='lat'><strong>(255)</strong></span> <span class='ocrx_word' id='word_1_385' title='bbox 252 2047 271 2074; x_wconf 89' lang='lat'>1.</span> <span class='ocrx_word' id='word_1_386' title='bbox 289 2054 316 2075; x_wconf 91' lang='lat' dir='ltr'>c.</span> <span class='ocrx_word' id='word_1_387' title='bbox 338 2056 367 2081; x_wconf 88' lang='lat' dir='ltr'>p.</span> <span class='ocrx_word' id='word_1_388' title='bbox 381 2055 414 2082; x_wconf 90' lang='lat'>47</span> <span class='ocrx_word' id='word_1_389' title='bbox 431 2057 487 2083; x_wconf 82' lang='lat' dir='ltr'>seq.</span> <span class='ocrx_word' id='word_1_390' title='bbox 855 2052 957 2089; x_wconf 80' lang='lat'><em>(256)</em></span> <span class='ocrx_word' id='word_1_391' title='bbox 982 2057 1001 2083; x_wconf 89' lang='lat' dir='ltr'>l.</span> <span class='ocrx_word' id='word_1_392' title='bbox 1025 2064 1051 2084; x_wconf 93' lang='lat' dir='ltr'>c.</span> <span class='ocrx_word' id='word_1_393' title='bbox 1075 2066 1104 2091; x_wconf 92' lang='lat' dir='ltr'>p.</span> <span class='ocrx_word' id='word_1_394' title='bbox 1120 2058 1165 2091; x_wconf 88' lang='lat'>46.</span> 
     </span>
    </p>

    <p class='ocr_par' dir='ltr' id='par_1_16' title="bbox 102 2088 1613 2170">
     <span class='ocr_line' id='line_1_38' title="bbox 132 2088 1613 2143; baseline 0.013 -26"><span class='ocrx_word' id='word_1_395' title='bbox 132 2088 229 2125; x_wconf 85' lang='lat'>(257)</span> <span class='ocrx_word' id='word_1_396' title='bbox 254 2093 437 2129; x_wconf 85' lang='lat' dir='ltr'>Beschrijving</span> <span class='ocrx_word' id='word_1_397' title='bbox 465 2104 513 2123; x_wconf 84' lang='lat' dir='ltr'>van</span> <span class='ocrx_word' id='word_1_398' title='bbox 540 2097 587 2124; x_wconf 86' lang='lat' dir='ltr'>den</span> <span class='ocrx_word' id='word_1_399' title='bbox 609 2097 747 2126; x_wconf 87' lang='lat' dir='ltr'>Reductor</span> <span class='ocrx_word' id='word_1_400' title='bbox 770 2104 811 2127; x_wconf 84' lang='lat' dir='ltr'>tot</span> <span class='ocrx_word' id='word_1_401' title='bbox 838 2099 954 2129; x_wconf 63' lang='lat' dir='ltr'>het-stell.</span> <span class='ocrx_word' id='word_1_402' title='bbox 978 2109 1027 2129; x_wconf 88' lang='lat' dir='ltr'>van</span> <span class='ocrx_word' id='word_1_403' title='bbox 1052 2103 1101 2130; x_wconf 86' lang='lat' dir='ltr'>den</span> <span class='ocrx_word' id='word_1_404' title='bbox 1124 2105 1280 2133; x_wconf 86' lang='lat' dir='ltr'>ontwricht.</span> <span class='ocrx_word' id='word_1_405' title='bbox 1304 2105 1458 2140; x_wconf 77' lang='lat' dir='ltr'>eppei-arm.</span> <span class='ocrx_word' id='word_1_406' title='bbox 1485 2106 1613 2143; x_wconf 78' lang='lat' dir='ltr'>Groning.</span> 
     </span>
     <span class='ocr_line' id='line_1_39' title="bbox 102 2136 260 2170; baseline 0.025 -8"><span class='ocrx_word' id='word_1_407' title='bbox 102 2136 174 2170; x_wconf 82' lang='lat'><em>1824.</em></span> <span class='ocrx_word' id='word_1_408' title='bbox 199 2139 260 2166; x_wconf 83' lang='lat' dir='ltr'><strong>8VO.</strong></span> 
     </span>
    </p>
   </div>
   <div class='ocr_carea' id='block_1_5' title="bbox 892 2194 945 2223">
    <p class='ocr_par' dir='ltr' id='par_1_17' title="bbox 892 2194 945 2223">
     <span class='ocr_line' id='line_1_40' title="bbox 892 2194 945 2223; baseline 0.019 -1"><span class='ocrx_word' id='word_1_409' title='bbox 892 2194 945 2223; x_wconf 90' lang='lat'>12</span> 
     </span>
    </p>
   </div>
  </div>
 </body>
</html>
