1919 2511
205 544 400 583 Emenda'nda
421 550 453 581 in
475 549 624 586 Oratione
649 553 699 586 M.
722 550 751 592 J.
776 549 852 583 MA
864 547 1147 592 CQUELYN‚
1191 551 1233 584 V.
1260 551 1311 584 Cl.

96 666 169 704 Pag.
210 668 230 696 6
275 667 326 698 li-n.
349 675 385 704 17
425 676 473 698 suo
511 670 573 705 lege
610 670 700 707 ipsias

113 735 152 742 —
197 733 234 742 —
277 731 314 740 —
343 719 380 748 26
418 727 472 748 uno
490 719 572 749 ‘verbo
599 721 661 757 lege
689 720 785 750 verbo.
826 720 869 748 sic
891 726 920 748 et
941 729 971 756 p.
994 728 1040 749 10.
1064 720 1116 748 lin.
1143 721 1171 748 6.

215 777 233 805 7
272 783 311 791 -
339 768 374 798 16
412 768 628 800 commilitiones
657 773 722 809 lege
747 770 953 800 commilitones

219 821 235 848 8
275 832 313 842 -
344 829 376 850 11
418 821 536 858 influere
573 823 636 859 lege
675 824 732 851 vim
752 821 855 850 habere

216 885 255 893 —
282 886 318 894 —
346 872 380 901 18
421 880 489 901 eeset
526 875 587 910 lege
625 880 693 903 esset

121 936 159 946 —
206 931 243 952 10
277 934 314 944 —
340 931 378 952 22
419 931 494 962 scopo
532 925 596 961 lege
633 924 746 953 consilio
765 930 797 953 ut
818 923 930 959 saepius
950 921 1097 957 deinceps.

122 986 158 993 —
207 981 243 1009 13
279 988 317 996 —
355 974 512 1010 penultima
526 973 746 1013 praeuccupata
764 975 825 1010 lege
840 972 1052 1011 praeoccupata

125 1038 164 1048 -
211 1029 248 1058 15
283 1039 323 1047 —
347 1018 378 1060 (7
410 1025 503 1060 juxta
523 1025 638 1063 regulas
657 1025 742 1054 Artis
771 1026 832 1061 lege
862 1033 898 1052 ex
916 1023 1000 1052 Artis
1016 1022 1176 1060 praeceptis

121 1089 159 1097 —
206 1075 242 1103 16
283 1088 320 1096 —
359 1083 377 1111 3
409 1075 502 1112 juxta
522 1078 659 1106 monitum
699 1077 761 1113 lege
798 1074 948 1104 seeundum
964 1080 1144 1113 praeceptum

121 1140 161 1148 —
201 1139 238 1146 —
283 1139 319 1146 —
341 1134 378 1163 30
416 1128 518 1156 mentis
537 1134 731 1157 mercaturam
771 1129 834 1164 lege
873 1127 972 1155 mentis
986 1125 1062 1154 velut
1079 1129 1272 1152 mercaturam

125 1192 164 1202 —
212 1183 245 1212 17
285 1192 323 1199 -·
346 1185 382 1207 ιο
403 1184 430 1206 et
452 1185 484 1208 11
512 1178 707 1208 commendare
726 1179 818 1207 ausim
849 1180 912 1214 lege
939 1175 1161 1206 commendatam
1178 1176 1291 1212 cupiam

215 1243 251 1253 —
288 1244 326 1252 -
348 1236 383 1265 14
421 1230 538 1258 moralis
577 1232 639 1267 lege
677 1230 745 1258 haee
764 1231 828 1268 ipsa

217 1293 256 1302 -
295 1295 330 1302 -
350 1279 449 1309 ultima
488 1280 667 1318 Prafessores
706 1282 769 1317 lege
808 1280 982 1317 Professores

217 1331 250 1358 18
291 1345 329 1352 —
369 1338 381 1360 1
424 1338 531 1361 vestam
569 1335 631 1370 lege
669 1338 795 1361 vestrum

222 1395 259 1403 —-
296 1396 333 1403 -
357 1390 393 1418 14
431 1383 567 1412 exlamem
608 1386 670 1421 lege
710 1383 861 1411 exclamem

225 1445 263 1454 —
296 1446 335 1454 —
358 1441 395 1469 17
414 1439 441 1462 et
461 1442 524 1470 seq.
547 1435 600 1463 mei
618 1443 672 1464 non
698 1440 738 1462 est
760 1440 787 1462 et
801 1442 875 1471 seqq.
916 1436 979 1469 lege
1017 1433 1070 1460 mei
1085 1439 1138 1459 non
1155 1431 1190 1458 sit
1205 1430 1282 1458 tami
1299 1430 1358 1458 νὶνὲ
1374 1429 1470 1458 lande,-

1066 1480 1249 1520 praedicare.

233 1543 271 1564 20
309 1552 344 1559 —
375 1543 411 1564 12
450 1541 556 1564 vestam
595 1537 658 1572 lege
696 1541 819 1564 vestrum

232 1598 267 1605 -
306 1601 343 1609 —
371 1594 405 1623 19
446 1585 560 1614 Hancee
578 1595 643 1616 vero
658 1588 750 1616 animi
763 1585 920 1624 effusionem
953 1587 1015 1622 Iege
1049 1584 1156 1613 Haecee
1175 1591 1240 1612 vero
1264 1583 1355 1611 animi
1375 1580 1477 1619 effusio

225 1643 261 1667 21
306 1651 346 1660 -
384 1644 402 1665 Ω.
438 1636 546 1675 pluries
584 1639 646 1674 lege
683 1639 792 1676 saepius

226 1704 264 1713 ....
314 1705 352 1712 -
392 1689 411 1717 6
448 1686 500 1716 dui
540 1689 602 1725 lege
641 1688 692 1718 diu

238 1755 274 1763 -..
322 1754 358 1761 -
379 1749 416 1776 23
453 1738 529 1767 vobis
567 1740 630 1776 lege
668 1742 716 1769 em*
734 1739 808 1770 vobis

238 1805 275 1812 —
319 1805 352 1812 -
378 1799 415 1827 24
452 1790 662 1819 valedicendum
703 1793 766 1828 lege
807 1788 1019 1821 vale-dicendum
1038 1795 1078 1816 est

748 1974 803 2024 {33
