1919 2511
451 169 477 197 f
585 149 629 182 Or
677 148 712 193 >R
770 145 807 178 ψΑ
837 194 839 196 v
873 148 931 192 '113-
968 150 985 180 Ι
1027 148 1097 191 :0³
1170 165 1202 167 ff>
1541 155 1565 194 7

91 249 167 288 *tam
186 241 268 286 juris
288 240 443 284 dicundi,
466 249 571 285 quam-
586 238 737 283 puhlicae
762 238 811 271 rei
831 237 1112 285 administrandae
1132 237 1295 282 collegiis,
1313 237 1417 273 libero
1439 241 1560 276 civium

92 298 249 342 suffragio
272 297 482 342 magistratus
509 292 762 329 constituantur.
816 292 975 326 Vicissim
999 294 1078 337 Regi
1099 295 1305 342 vconsiliariis
1326 305 1410 338 opus
1434 301 1504 338 est,
1528 303 1562 331 et

92 354 353 401 Provinciarum-
373 350 586 387 Praesidibus
612 356 644 383 et
675 351 862 385 innumeris
889 353 1024 394 majoris
1054 353 1235 388 minorisve
1262 355 1311 387 rei
1338 353 1563 398 administris,

94 409 138 446 ab
166 409 239 457 ipso
261 413 370 455 Rege,
402 410 527 454 partim
546 409 587 442 de
619 410 678 442 sua
703 408 854 452 scientia,
883 409 1005 453 partim
1029 414 1145 454 rogatu
1170 410 1370 454 consilioque
1394 411 1563 453 primario-

86 476 172 511 rum
194 466 426 514 Ministrorum
449 463 1269 499 constituendis...

133 526 230 566 Jam,
255 523 334 567 quid
357 511 495 564 efficiet,
518 520 640 559 horum
664 523 834 564 omnium,
858 504 980 566 quibus
1004 521 1040 556 in
1064 523 1198 558 diversis
1222 524 1290 557 suis
1314 523 1466 567 partibus
1490 534 1565 556 cre-

97 579 166 626 dita
186 578 288 613 fuerit
306 589 359 611 res
379 578 532 623 publica,
556 583 589 611 et
611 579 794 622 piomtima
817 584 848 611 et
868 581 1006 614 rectiora
1029 579 1099 616 fore
1125 580 1261 615 consilia
1287 590 1488 623 omnemque
1507 590 1565 612 re-

96 644 175 670 rum
203 640 339 674 actum;
363 640 396 667 et
414 634 499 667 inter
516 634 604 677 ipsos
622 634 679 677 qui
703 633 747 666 ab
770 634 902 676 eadem,
926 641 958 668 et
978 646 1056 669 cum
1081 634 1134 667 his
1158 636 1215 678 qui
1244 635 1288 668 ab
1308 635 1446 676 adversa
1466 641 1561 678 parte

86 694 244 732 ,creentur
270 700 472 724 consensum
491 688 692 731 faciliorem,
715 689 919 735 suspiciones
941 697 973 724 et
997 691 1132 724 dissidia
1152 692 1246 734 longe
1268 691 1397 724 minora
1412 715 1421 733 ,
1446 691 1504 723 sed
1525 690 1561 724 in

88 746 355 788 dissentientium
376 746 518 779 consiliis
543 746 758 780 aestimandis
782 752 814 787 et
837 747 975 781 fortasse
995 747 1197 791 recipiendis¹
1217 748 1369 780 animum
1394 747 1568 788 candidio-¹

87 806 185 847 rem?
222 803 391 836 Nimirum
417 800 446 834 si
466 792 501 833 lii
522 802 656 843 cuncti,
679 801 855 835 liberaliter
884 803 1016 840 educati
1042 809 1074 836 et
1100 802 1274 845 instructi,
1307 803 1388 837 dum
1411 804 1448 843 in
1473 804 1565 836 Aca-

91 857 219 891 demiae
247 858 368 891 scholis
401 855 624 900 philologieis,
655 857 913 901 philosophiciS,
941 865 973 892 et
999 859 1088 902 quod
1116 859 1250 902 quidem
1273 869 1333 902 per
1358 869 1394 891 se
1420 860 1566 892 multum

91 918 161 956 est,
191 914 337 956 juridicis
363 918 430 946 una
454 917 652 954 versantur,
683 912 794 956 ipsam
820 923 950 957 quoque
981 924 1095 948 rerum
1124 915 1268 949 civilium
1301 914 1509 956 doctrinam,
1543 926 1564 948 a

85 971 266 1016 praeclaris
292 970 499 1005 diversarum
525 971 701 1013 nationum
721 971 802 1005 visis
820 971 949 1004 dudum
969 971 1135 1003 excultam
1157 975 1190 1003 et
1210 971 1245 1003 in
1266 970 1354 1003 clara
1371 972 1464 1012 luce,
1488 981 1564 1014 pro-

87 1025 142 1064 ,0111
164 1036 184 1059 0
203 1025 402 1069 despofismo
429 1032 528 1070 atque
551 1027 729 1068 servitute,
753 1026 812 1059 sed
831 1026 946 1070 procul
970 1027 1071 1059 etiam
1096 1025 1139 1058 ab
1163 1026 1322 1059 anarchia
1345 1027 1561 1069 collocatam,

88 1077 299 1126 cognoverint
324 1089 422 1127 atque
442 1083 660 1127 perceperint.
713 1085 757 1118 Et
785 1082 920 1126 quidem
942 1083 1152 1126 cognoverint
1175 1087 1206 1114 et
1231 1072 1482 1131 hauserintfilla
1505 1093 1561 1116 ae·

89 1139 265 1182 tate,.,qua
290 1150 360 1173 non
381 1139 467 1183 adeo*
484 1147 560 1181 spes
581 1144 640 1171 aut
655 1143 769 1171 metus
789 1143 847 1171 aut
871 1137 1010 1175 ambitio
1033 1139 1155 1180 civiliS,
1178 1137 1237 1172 sed
1261 1139 1476 1182 investi-gandi
1504 1150 1561 1172 re-

87 1191 276 1237 tinendique
295 1193 395 1237 boni,
417 1195 507 1237 veri,
527 1195 698 1238 pulcrique
717 1193 871 1233 studium¹
891 1194 1003 1227 felices
1022 1195 1307 1236 animos-tenere,
1328 1194 1439 1229 felicia
1467 1197 1560 1238 juve-

88 1258 171 1297 num
201 1249 301 1300 corda
325 1251 406 1285 solet
433 1251 578 1303 implere.
625 1253 725 1285 Tunc
754 1252 872 1295 igitur·²
902 1261 1008 1295 quum
1036 1252 1136 1284 literis
1162 1257 1193 1284 et
1223 1251 1350 1285 artibus
1380 1241 1430 1285 ad
1449 1251 1557 1288 ,alium

45 1300 50 1310 ²
86 1313 330 1367 quemcumque
352 1306 453 1341 vitae
458 1316 559 1339 usum
578 1307 769 1353 cultumque
796 1308 1008 1342 instruuntur
1029 1307 1093 1349 1111,
1116 1307 1236 1352 quibus
1257 1317 1310 1339 res
1328 1305 1463 1350 publica
1493 1308 1558 1350 pri

85 1363 228 1409 vataque
251 1359 372 1410 civium
394 1362 569 1402 tractanda
589 1362 709 1405 fuerit,
733 1368 765 1396 et
785 1361 840 1400 1110
868 1362 1021 1405 discant,
1043 1363 1165 1406 quibus
1193 1363 1342 1405 patriae,
1366 1362 1559 1407 civibusque

85 1414 155 1456 suis
171 1405 249 1462 011111
272 1416 339 1449 sint
357 1419 549 1454 consulturi.
595 1422 685 1451 Nam
707 1420 914 1464 privatorum
938 1427 1067 1462 quoque
1089 1419 1210 1456 civium
1233 1419 1361 1461 negotia
1379 1429 1448 1454 non
1466 1428 1562 1451 sem-

85 1478 146 1518 per
166 1459 245 1503 sunt
260 1481 353 1520 cum
370 1473 532 1521 privatiS,
553 1472 613 1510 sed
637 1484 794 1520 magnam
819 1480 948 1517 partem
973 1474 1156 1517 ejusmodi,
1186 1479 1224 1506 ut
1244 1484 1315 1507 non
1344 1475 1435 1515 satis
1454 1485 1560 1517 expe-

84 1514 218 1575 diamur
234 1514 300 1567 nisi
317 1537 377 1570 per
391 1529 647 1562 Jmisconsultos
658 1554 669 1571 ,
691 1530 748 1573 qui
770 1527 908 1564 civitatis
928 1529 1080 1563 ordinem
1100 1534 1131 1563 et
1149 1530 1407 1573 magistratuum
1425 1530 1557 1571 officia,

85 1570 118 1618 et
132 1571 350 1631 exactionum
373 1583 585 1635 publicarum
614 1586 702 1628 iura
700 1585 899 1629 formasque
924 1583 1104 1628 legitimas,
1128 1585 1216 1624 inter
1242 1586 1306 1619 alia
1332 1583 1430 1625 suris
1454 1585 1557 1619 civilis

83 1628 258 1687 praecepta
274 1628 469 1673 didicerint.

128 1691 250 1733 Quid,
270 1703 390 1726 nonne
413 1695 500 1730 cives
534 1684 715 1738 generatim
745 1697 912 1745 universi,
941 1703 1099 1742 quotquot
1128 1676 1321 1731 honestiore
1354 1696 1428 1731 loco
1455 1702 1557 1740 sunt;

83 1754 227 1793 quorum
256 1754 374 1791 sponte
402 1739 615 1798 conspirante
643 1751 752 1786 studio
779 1752 920 1788 efficitur
953 1754 1007 1787 illa
1038 1762 1103 1788 vox
1133 1760 1166 1788 et
1200 1754 1311 1797 opinio
1339 1758 1372 1786 et
1401 1754 1552 1788 voluntas

83 1788 241 1842 publica,
261 1805 478 1847 praecipuum
501 1805 605 1840 robur
622 1807 818 1853 Principum
841 1815 874 1843 et
893 1810 929 1844 in
953 1810 1055 1844 rebus
1081 1820 1182 1854 saepe
1209 1810 1342 1853 trepidis
1368 1815 1400 1842 et
1423 1809 1554 1843 afflictis

83 1857 287 1899 praesidium
304 1861 525 1907 certissimum
554 1868 588 1904 et
603 1872 702 1898 sacra
726 1865 813 1913 velut
834 1866 981 1900 anchora
1000 1867 1161 1911 legitimae
1182 1867 1355 1909 potestatis
1377 1883 1418 1891 —
1440 1876 1553 1903 nonne

85 1912 206 1945 certius
231 1918 262 1946 et
282 1915 411 1965 plenius
434 1917 597 1955 conciliati
618 1919 790 1967 devotique
812 1921 960 1967 Principi
980 1932 1042 1956 suo
1065 1922 1295 1965 praesentique
1308 1922 1445 1960 civitatis
1469 1931 1552 1954 con-

85 1963 202 2004 ditioni
225 1968 367 2013 fuerint,
390 1977 424 2013 et
446 1974 482 2007 in
501 1973 554 2007 his
579 1974 680 2009 etiam
700 1986 785 2022 quae
806 1987 904 2014 secus
928 1978 1144 2022 opinarentur
1164 1976 1293 2017 facil-ius
1318 1978 1551 2020 acquiescent,

84 2021 113 2064 51
133 2022 282 2068 publicae
298 2024 348 2060 rei
370 2027 592 2063 conditionem
598 2042 766 2079 quaeque
784 2034 830 2070 illi
853 2034 1015 2087 salutaria
1032 2034 1123 2077 sint,
1144 2039 1177 2069 et
1199 2035 1263 2079 ipsi
1287 2033 1410 2073 rectius
1434 2033 1550 2066 intelli-

1451 2093 1547 2131 gant,
