1919 2511
322 117 343 147 6
956 115 1152 154 (=)

325 206 521 251 plitudinem
547 218 589 241 ne
610 208 830 241 contaminari
850 207 985 252 patiaris
1010 205 1174 239 barbarae
1194 205 1368 248 cujusdam
1392 212 1449 240 aut
1469 208 1668 242 semidoctae
1687 208 1792 252 plebis·

324 264 479 297 sordibus
502 270 535 297 et
559 265 775 309 pravitatibus
788 290 797 306 ‚
827 263 948 308 quibus
973 264 1072 296 simul
1101 268 1198 306 atque
1222 263 1297 295 editi
1319 264 1353 296 in
1376 264 1482 297 lucem
1506 276 1546 298 ac
1569 265 1714 310 suscepti
1735 276 1789 300 su.

325 331 423 363 muS,
457 322 601 365 undique
632 321 890 355 circumdamur.
944 322 992 352 Te
1017 320 1059 352 ab
1090 320 1128 351 ea
1156 320 1354 362 impuritatis
1386 323 1578 365 contagione
1606 323 1794 356 immunem

326 378 507 421 praestabit
535 381 695 412 Veterum
722 379 852 421 cognita
884 376 965 419 tibi,
997 382 1221 420 perpetuoque
1248 376 1427 419 spectanda
1454 380 1568 411 virtus.
1628 381 1674 411 Ut
1702 379 1791 412 enim

325 435 378 468 illa
395 441 577 468 nascuntur
596 433 631 467 in
649 434 748 468 breve
766 439 918 477 tempus,
935 432 1109 475 subitoque
1128 434 1313 475 intereunt,
1332 439 1368 466 ut
1384 444 1426 466 ne
1445 436 1641 468 memoriam
1657 436 1791 479 quidem

327 490 380 524 sui
407 493 633 525 tenuissimam
659 492 867 535 relinquant,
891 489 937 522 ita

609 578 707 614 Vivet
729 578 921 612 Maeonides
934 603 943 621 ,
969 579 1120 612 Tenedos
1144 578 1224 612 dum
1246 578 1347 612 stabit
1370 584 1402 612 et
1424 578 1493 614 Ida.

370 661 477 703 Atque
505 666 658 694 sanctum
686 662 764 694 illud
785 660 1072 694 Homericoram
1095 660 1302 694 carminum
1327 661 1513 703 volumen,
1537 667 1710 706 propterea
1731 659 1791 696 tibi

328 723 499 760 apertam
528 717 689 759 exhibeo,
729 723 766 750 ut
793 724 998 761 postremum
1031 723 1063 750 te
1091 728 1268 759 moneam,
1299 728 1421 752 vanam
1446 729 1518 751 esse
1547 721 1626 751 artis
1659 723 1793 752 nostrae

327 773 584 815 professionem,
616 772 680 805 nisi
707 773 954 817 diligentissima
980 779 1092 806 utatur
1117 772 1221 816 ipsius
1244 774 1372 816 linguae
1400 775 1665 819 scriptorumque
1694 776 1794 808 inter-

330 827 531 872 pretatione,
555 841 640 874 quae
661 829 743 863 nihil
762 830 949 871 minutum,
973 828 1055 862 nihil
1078 831 1249 871 jejunum,
1273 829 1353 862 nihil
1370 830 1542 872 putidum,
1566 837 1624 864 aut
1640 831 1792 864 odiosum
1810 820 1813 825 ⁵

329 886 494 928 appellat,
524 887 612 930 quod
640 887 773 930 quidem
801 886 845 920 ad
873 887 1044 920 vetustatis
1070 887 1232 929 pertineat
1261 885 1536 929 perfectissimam
1566 888 1794 931 cognitionem.

329 944 458 975 Verum
484 953 523 976 eo
552 953 756 987 quamquam
777 943 887 976 omnis
909 941 1071 975 industria
1096 948 1174 986 tua,
1205 941 1381 986 omnisque
1411 944 1579 976 contentio
1606 943 1792 987 spectabit,

332 999 414 1031 alius
440 998 500 1031 tihi
520 999 650 1033 fructus
671 1005 838 1033 nascetur.
882 1001 991 1041 Nam,
1016 999 1104 1043 quod
1128 1000 1254 1033 clauso
1274 999 1339 1033 hoc
1358 1000 1524 1034 volumine
1545 999 1604 1033 tibi
1624 999 1790 1043 significo,

332 1058 471 1090 Homeri
494 1062 527 1089 et
549 1057 719 1089 literarum
744 1062 935 1089 nostrarum
958 1055 1198 1099 praestantiam
1220 1057 1352 1100 vimque
1373 1066 1508 1089 omnem
1533 1067 1611 1089 cum
1633 1056 1794 1090 excellen-

331 1112 466 1146 tissimis
485 1113 625 1146 humani
652 1114 772 1157 ingenii
796 1112 928 1145 dotibus
953 1115 1183 1154 conjunctam,
1213 1117 1324 1144 mente
1350 1113 1527 1155 animoque
1552 1112 1698 1154 tenebis,
1722 1111 1795 1146 diu-

333 1176 431 1203 turna
456 1181 525 1203 non
548 1176 679 1203 tantuin
697 1170 828 1202 illorum
849 1174 1143 1202 monumentorum
1163 1168 1400 1201 consuetudine
1419 1168 1617 1202 informatus
1638 1179 1677 1201 ac
1698 1169 1798 1203 veluti

332 1226 474 1268 tamtus,
498 1227 557 1259 sed
584 1229 759 1259 Musarum
784 1225 899 1259 afflatu
925 1231 1117 1269 correptus3
1141 1224 1184 1257 ad
1207 1235 1347 1269 eamque
1369 1236 1524 1258 normam
1544 1225 1665 1258 referes
1693 1225 1798 1270 quod-

333 1294 474 1326 cumque
502 1293 604 1326 genus
631 1283 819 1324 literarum,
849 1283 919 1316 sive
948 1288 1144 1315 extraneum
1173 1293 1212 1314 ac
1236 1283 1468 1325 peregrinum,
1499 1283 1568 1316 sive
1587 1282 1733 1325 patrium
1757 1292 1799 1315 ac

333 1339 570 1381 domesticum,
596 1340 860 1384 cognoscendum
884 1338 1197 1382 dijudicandumque
1225 1339 1418 1381 susceperiS.
1471 1340 1585 1381 Itaque
1615 1349 1684 1371 non
1707 1339 1796 1372 intra

330 1397 547 1430 bibliothecae
570 1396 726 1429 umbram
744 1398 977 1440 pulveremque
1005 1394 1185 1428 continebis
1205 1395 1294 1436 illas,
1318 1404 1400 1438 quas
1423 1393 1672 1435 commendavi,
1695 1396 1794 1428 virtu-

331 1461 378 1487 tes
392 1479 400 1495 ‚
424 1454 483 1487 sed
512 1455 578 1489 vita
605 1455 675 1497 ipsa
690 1479 699 1495 ‚
724 1453 943 1497 omnibusque
969 1453 1062 1487 dictis
1088 1451 1247 1497 factisque
1269 1452 1415 1497 priscam
1438 1449 1529 1485 illam
1553 1451 1675 1485 referes
1697 1457 1795 1496 atque

332 1511 560 1554 incorruptam
587 1511 847 1543 moderationem
870 1515 901 1543 et
924 1509 1129 1553 elegantiam.

376 1568 495 1600 Talem
515 1573 545 1599 te
575 1567 643 1600 fore
669 1577 807 1610 sperans
821 1592 830 1608 ‚
862 1572 919 1599 aut·
943 1567 1051 1610 potius
1083 1566 1271 1608 confidens,
1305 1566 1418 1610 quidni
1441 1577 1481 1599 ea
1504 1565 1563 1599 tibi
1592 1566 1728 1600 honoris
1748 1566 1795 1599 in-

333 1625 436 1669 signia
459 1623 628 1665 tribuam,
657 1634 741 1667 quae
763 1622 836 1666 ipsa
862 1623 1001 1656 fortasse
1027 1633 1087 1666 per
1106 1633 1142 1655 se
1172 1623 1275 1665 levia,
1300 1625 1468 1666 Majorum
1494 1623 1732 1657 consuetudine
1762 1628 1796 1656 et

332 1681 524 1713 auctoritate
551 1685 665 1713 saneta
695 1679 940 1723 quodammodo
970 1677 1066 1712 nobis
1092 1678 1266 1721 videntur,
1299 1681 1498 1723 quicumque
1524 1682 1692 1722 Majorum
1718 1689 1799 1723 pru-

335 1736 480 1770 dentiam
512 1741 544 1769 et
577 1737 768 1780 gravitatem
806 1737 857 1780 pie
893 1737 998 1769 colere
1028 1736 1272 1770 consuevimus.
1329 1737 1490 1770 Audivisti
1521 1738 1590 1778 jam
1618 1736 1768 1770 Pileum
1783 1761 1795 1778 ,

335 1790 493 1825 libertatis
526 1793 669 1836 insigne,
700 1794 891 1826 Ammlam
908 1818 917 1836 ‚
952 1791 1027 1826 fidei
1060 1794 1238 1837 imaginem
1266 1803 1347 1826 esse.
1408 1794 1522 1837 Neque
1551 1791 1630 1835 tibi,
1666 1793 1794 1826 Litera-

333 1859 411 1882 rum
442 1850 690 1882 Humaniorum
725 1849 884 1892 Doctori‚
916 1851 1000 1885 haec
1031 1853 1100 1885 sine
1140 1862 1260 1886 caussa
1298 1851 1500 1886 tribuuntur.
1556 1856 1794 1896 Quaecumque

333 1907 423 1940 enim
452 1908 592 1939 aliarum
611 1906 838 1941 doctrinarum
859 1909 1005 1952 placitiS,
1028 1910 1096 1943 sive
1118 1919 1160 1942 ex
1178 1909 1306 1942 inscitia
1329 1908 1504 1942 hominum
1527 1919 1567 1942 ac
1592 1909 1794 1949 temeritate,

334 1963 404 1998 sive
421 1974 463 1997 ex
483 1964 709 1998 malevolentia
732 1976 772 1997 ac
795 1966 1046 2008 superstitione,
1077 1967 1144 2000 sive
1165 1975 1373 2010 quocumque
1393 1966 1527 1999 tandem
1549 1966 1702 2010 publicae
1729 1966 1794 1999 uti-

334 2021 432 2055 litatis
456 2023 609 2064 nomine,
633 2023 764 2056 vincula
786 2024 1021 2066 imponuntur,
1046 2023 1146 2056 libera
1172 2028 1221 2056 est
1239 2023 1307 2057 veri
1327 2023 1495 2066 pulcrique
1518 2022 1698 2066 indagatio,
1722 2021 1796 2055 nul-

332 2079 436 2122 lisque
462 2079 527 2112 nisi
557 2079 720 2123 perfectae
749 2081 901 2121 rationis,
934 2087 1138 2124 naturaeque
1169 2079 1292 2124 legibus
1321 2089 1450 2123 parens.
1512 2081 1554 2113 Et
1577 2081 1605 2112 si
1631 2079 1712 2113 forte
1735 2087 1797 2111 nos

1747 2145 1796 2167 111-
