1919 2511
250 109 289 141 16
679 108 706 137 J.
797 115 937 138 VAN
1024 103 1279 135 HALL

256 206 275 227 e
295 200 398 227 terra
418 198 546 226 natam
557 190 731 236 proxime?
750 191 935 234 nocte(1);
953 188 1215 222 recordabantur
1233 190 1294 231 illi,
1315 188 1605 232 pulcherrimam
1620 189 1715 222 lianc

253 256 375 283 cal-lem
413 258 484 281 non
513 259 588 280 esse
616 253 746 280 natam
772 257 842 280 ιιηο
872 248 1035 280 alterove
1067 244 1150 286 clie,·
1189 255 1305 290 neque
1332 245 1376 278 ab
1413 245 1518 278 attilas
1550 245 1713 288 ingenio,

256 305 428 338 ecidemve
456 303 730 348 opportunitate
748 303 977 347 profectam,
1007 301 1073 334 sed
1083 311 1156 344 pro
1180 300 1271 345 reip.
1295 300 1470 342 moribus,
1497 301 1713 342 commodis,

254 360 545 403 difficultatibus,
578 359 713 392 sensim
737 369 813 391 esse
838 365 987 391 (tactam
1011 358 1080 400 (2).
1126 361 1240 401 Itaque
1258 356 1356 390 exiis
1373 357 1539 399 moribus,
1564 368 1717 390 commo-

252 417 319 458 dis,
344 415 589 449 difficultatibus
611 416 692 458 reip.
713 417 885 447 Romanae
904 414 1034 457 penitus
1054 414 1206 457 cognitiS,
1229 424 1365 446 ornnem
1382 414 1524 457 pendere
1545 414 1717 447 intellexe-

249 479 329 505 runt
351 473 431 514 juris
455 472 769 514 interpretationem.

295 527 487 561 Incredibile
512 527 602 560 dictu
621 533 670 559 est
692 528 732 559 A.
752 528 807 560 A.!
839 525 962 570 quanta
986 523 1148 568 diligentia
1175 537 1378 559 NOODTIUs
1408 527 1583 569 scriptores
1605 531 1636 558 et
1656 537 1716 560 ve-

250 585 328 617 teris
355 590 386 616 et
413 585 602 616 recentioris
629 584 718 624 aevi,
750 594 792 615 ne
817 583 896 625 ipSis
924 582 1056 625 quidem
1083 582 1250 615 Ecclesiae
1277 582 1427 625 patribus
1455 583 1616 625 exceptis,
1652 581 1717 615 hoc

252 641 418 684 proposito
436 640 624 683 perlegerit,
654 640 758 682 iisque
779 640 812 671 in
831 638 998 671 doctrinae
1019 648 1100 670 suae
1119 638 1332 671 commodum
1354 648 1435 671 usus
1458 638 1572 679 fuerit,
1603 644 1638 671 ut
1661 640 1718 672 vix

251 699 414 730 miremur
438 696 600 729 exstitisse
623 696 831 738 nuperrime,
862 695 918 738 qui
938 695 1030 726 illum
1055 695 1175 738 ingenii
1200 694 1376 727 subtilitate
1402 695 1591 727 excelluisse
1615 705 1719 738 nega-

253 759 304 786 ret
327 753 395 796 (5).
447 752 586 785 Viderat
609 750 769 784 nimirum
792 752 871 793 iste,
902 750 1118 793 stupendam,
1149 751 1280 794 qualem
1306 750 1340 784 in
1371 762 1545 783 Νοουτῐο
1576 751 1719 793 suspici-

250 819 345 851 muS‚
377 809 564 842 doctrinam
589 807 681 840 haud
704 807 799 840 facile
824 807 914 851 apud
946 807 1025 839 alios
1056 817 1134 839 cum
1161 807 1281 850 ingenii
1307 807 1460 839 acumine
1488 808 1636 848 junctam
1663 808 1719 840 in-

250 866 365 901 veniri.
411 867 466 898 De
481 863 536 897 illo
552 865 681 908 ingenio
703 876 871 897 noon'ru
896 874 964 896 non
981 868 1048 904 est,
1073 872 1132 895 cur
1148 864 1289 906 ampiius
1308 861 1434 904 dicam,
1458 863 1514 905 qui
1529 861 1614 895 hene
1630 867 1719 895 tem-

257 923 363 967 perati
389 921 534 954 historici
561 921 641 962 juris
669 920 785 962 studii,
815 931 893 953 cum
915 931 1201 960 SCHULTINGIO,
1233 924 1403 951 auctorem
1425 919 1535 962 ipsum
1558 919 1719 951 exstitisse

252 979 477 1012 indicaverim.
523 977 598 1010 Hoc
618 981 730 1008 autem
749 975 898 1019 ambigo,
929 981 1044 1007 utrum
1067 975 1229 1007 sermonis
1249 975 1442 1018 elegantiam
1460 980 1492 1007 et
1509 975 1718 1018 gravitatem,

256 1046 299 1068 an
324 1046 402 1069 vero
421 1034 525 1077 magis
546 1043 660 1066 rerum
684 1031 814 1074 pondus
832 1032 868 1063 in
886 1032 956 1072 ejus
975 1030 1128 1073 operibus
1148 1030 1302 1062 demirer.
1351 1033 1462 1071 Quam
1480 1035 1666 1072 opportima
1688 1035 1721 1063 et

256 1090 366 1124 sobria
392 1096 505 1122 tamen
530 1094 579 1121 est
602 1090 671 1130 ejus
690 1087 733 1120 ad
757 1087 932 1129 scriptores
956 1092 1081 1121 veteres
1089 1110 1098 1127 ,
1131 1085 1173 1117 ad
1195 1095 1364 1117 marmora
1386 1090 1418 1117 et
1434 1082 1575 1128 lapides,
1598 1096 1722 1128 provo-

259 1148 357 1180 catio!
410 1149 523 1187 Quam
549 1145 643 1187 longe
667 1143 795 1177 diversa
820 1142 863 1175 ab
890 1152 1024 1182 eorum,
1055 1151 1137 1184 quos
1166 1153 1334 1173 vmmns
1363 1145 1472 1182 notat,
1502 1143 1725 1184 Interpretum

260 1204 404 1243 ratione,
435 1202 491 1244 qui
515 1201 699 1232 litterarum
723 1198 870 1231 studium
893 1208 962 1230 non
979 1198 1057 1238 juris
1078 1197 1186 1229 studio
1203 1198 1331 1229 socium
1351 1197 1561 1238 adhiberent,
1585 1197 1644 1230 sed
1661 1208 1724 1242 pro

257 1263 271 1292 J
278 1257 519 1302 urisprudcntia
544 1255 810 1288 Grammaticam
834 1254 1001 1287 docerent!
1058 1256 1272 1296 Quantopere
1297 1254 1367 1295 ejus
1394 1255 1518 1297 scripta
1543 1253 1724 1297 legentibus

258 1318 383 1360 placet,
406 1324 526 1357 parum
547 1312 721 1356 frequens,
744 1310 803 1343 sed
822 1321 900 1343 cum
922 1309 1065 1342 efficacia
1087 1319 1218 1352 semper
1236 1309 1403 1343 adhibitus
1421 1309 1463 1342 ab
1484 1320 1540 1351 eo,
1564 1309 1732 1341 Basilico:

260 1383 356 1413 rum,
380 1376 412 1404 et
437 1368 697 1411 Harmenopuli,
721 1372 754 1400 et
773 1369 995 1409 Interpretum
1012 1367 1219 1398 Graecorum
1241 1370 1336 1399 usus!
1386 1368 1438 1399 De
1462 1365 1726 1400 animadversio-2

258 1428 357 1462 nibus
373 1432 486 1460 autem
507 1435 691 1465 NooDTII,
716 1428 748 1456 et
766 1421 963 1466 praeclaris,
987 1426 1019 1454 et
1036 1421 1146 1462 novis,
1171 1432 1212 1454 ex
1229 1421 1393 1455 historicis
1410 1422 1470 1454 illis
1488 1421 1725 1466 disquisitioni*

261 1485 326 1518 bus
347 1489 464 1527 sponte
490 1481 615 1523 enatis,
638 1490 707 1513 non
725 1480 810 1513 dico.
856 1479 1050 1521 Principum
1067 1478 1227 1521 rescripta
1249 1478 1291 1511 ad
1311 1477 1389 1511 facti
1407 1478 1550 1521 speciem
1570 1483 1724 1511 revocata

260 1547 366 1575 taceo.
411 1542 465 1572 Ex
486 1538 593 1581 legum
610 1536 744 1580 quidem
760 1534 1028 1578 inscriptionibus
1050 1534 1101 1566 ille
1123 1544 1203 1577 prae
1222 1535 1337 1567 ceteris
1358 1545 1479 1577 parum
1501 1533 1612 1567 adhuc
1628 1534 1727 1567 intel-

262 1598 381 1630 lectam
403 1594 578 1638 fragmenti
595 1593 811 1634 sententiam,
834 1602 933 1635 saepe
949 1591 1036 1623 facili
1054 1592 1181 1633 negotio
1199 1589 1246 1624 ita
1264 1591 1436 1634 explicuit,
1460 1596 1496 1624 ut
1513 1590 1578 1623 hoc
1593 1595 1725 1623 tantum

262 1655 387 1687 mirum
410 1651 578 1693 videatur,
607 1660 677 1683 non
697 1649 799 1684 cuivis
821 1648 911 1683 idem
929 1649 998 1690 jam
1017 1647 1095 1679 olim
1114 1648 1149 1681 in
1168 1653 1316 1681 mentem
1333 1648 1471 1682 venisse.
1525 1645 1615 1687 Quid
1638 1645 1727 1689 quod

1635 1702 1726 1736 idem

304 1796 364 1826 (ι)
383 1795 421 1820 cf.
442 1802 573 1822 xoonr„
598 1794 664 1816 orat.
681 1792 710 1815 de
725 1800 785 1816 caus.
807 1800 861 1815 corr.
878 1794 969 1823 jurispr.
989 1800 1012 1822 p„
1033 1800 1064 1815 m.
1076 1792 1132 1818 506.
1157 1800 1173 1815 a
1189 1797 1213 1815 et
1228 1791 1251 1816 b.

303 1839 318 1868 (
328 1840 362 1866 ι)
384 1837 421 1863 ln.
440 1838 478 1863 Or.
491 1837 518 1859 [Ie
533 1839 578 1862 εἰν,
592 1836 659 1867 prud.
673 1844 696 1866 p·
707 1842 739 1856 m.
750 1836 793 1858 503
812 1844 828 1858 a
841 1840 863 1858 ει
874 1836 895 1858 b.
926 1834 987 1861 Add,
1000 1834 1074 1866 praef.
1091 1835 1152 1858 ,Iulio
1168 1835 1241 1859 Paulo
1250 1834 1381 1867 praemissa.
1399 1832 1612 1865 Jurisprudemiam
1628 1833 1720 1865 potiore

270 1882 305 1904 sui
326 1885 391 1911 parte
411 1880 544 1903 historicam
564 1888 614 1902 esse
635 1878 796 1916 disciplinam,
822 1887 835 1902 a
853 1879 952 1910 coguitis
971 1880 1028 1910 juris
1047 1880 1208 1910 progressibus
1227 1879 1331 1911 pendere
1349 1884 1436 1905 totam,
1458 1878 1557 1908 eleganti
1570 1878 1674 1901 oratione
1691 1877 1720 1900 de

268 1925 360 1954 Jurispr.
380 1923 470 1951 [uh-tor„
490 1931 502 1945 a
519 1929 591 1950 1712,
622 1923 749 1946 declaravit
769 1930 1035 1946 SGHULTINGIUS.
1064 1923 1111 1946 vid
1132 1924 1223 1953 Junzrpr.
1243 1924 1348 1948 antrjiest.
1372 1930 1394 1953 p.
1407 1922 1459 1952 908.
1475 1930 1526 1952 sqq.

303 1968 352 1997 (3)
366 1968 393 1989 C.
409 1973 436 1989 α.
458 1974 481 1989 L.
502 1973 519 1988 1)
531 1974 545 1988 1².
563 1975 582 1987 w
595 1974 636 1988 nr
649 1975 662 1988 u
674 1974 688 1988 13
707 1974 773 1997 oper.
789 1974 858 1997 supra
872 1965 936 1988 laud.
960 1975 984 1998 p.
998 1969 1049 1994 104.
1077 1967 1164 1990 Melius
1182 1967 1306 1998 veriusque
1332 1966 1361 1989 de
1388 1974 1522 1989 noun-1³11
1548 1964 1638 1988 meritis
1661 1964 1722 1987 exis-

271 2011 361 2039 timavit
378 2012 532 2039 clarissimus,
550 2020 626 2042 nuper
643 2012 691 2036 sato
710 2012 823 2040 functus,
839 2020 1008 2041 nannum),
1029 2012 1083 2036 iiber
1098 2011 1135 2034 dio
1155 2010 1224 2035 Vers-
1243 2011 1286 2034 das
1300 2011 1338 2034 Pr.
1355 2009 1431 2036 Edtcz,
1451 2009 1558 2038 heman„
1578 2010 1632 2033 Ciu.
1652 2009 1722 2038 Mag.

275 2062 311 2080 ιι.
331 2057 370 2083 14.
394 2063 418 2086 p.
433 2055 479 2086 307
497 2060 521 2078 et
541 2054 595 2079 3c8.
