1919 2511
309 179 345 217 64
602 181 801 212 PETRI
861 177 1210 209 ABRAHAMI
1265 177 1512 216 JELTES

313 270 399 298 nem,
430 265 518 292 altera
547 264 674 299 chirurgi
708 272 792 291 manu
824 262 909 291 simul
939 267 1024 297 caput
1050 262 1176 289 luxatum
1208 263 1378 298 attollente,
1408 269 1500 290 tamen
1529 268 1588 288 eam
1626 260 1820 295 operationem

314 322 518 350 nonnunquam
543 315 708 351 culpandam
734 322 796 341 esse
820 318 938 346 censet,
962 313 1017 346 qud
1035 318 1103 339 tunc
1128 311 1224 348 potius
1249 313 1389 349 repositio
1409 312 1582 348 impeditur,
1606 319 1687 346 quam
1704 312 1818 346 quidem

315 363 427 393 facilior
451 365 576 393 redditur
606 365 726 402 (ως).
769 362 943 391 Observavit
967 361 1039 389 enim
1067 362 1195 396 Auctor,
1224 371 1308 399 saepe
1339 362 1482 399 ligamenti
1508 362 1685 398 superiorem
1709 368 1818 398 partem

313 416 362 444 tali
385 416 414 445 in
432 425 498 445 casu
522 425 584 445 esse
607 417 754 451 strictam,
777 424 849 448 nec,
871 414 913 442 uti
931 413 1066 447 reliquam
1085 418 1190 447 partem
1204 432 1214 448 ,
1235 413 1412 442 dilaceratam
1433 413 1557 449 (220),
1580 421 1666 448 quare
1684 419 1752 441 tunc
1770 413 1819 441 ad-

314 473 433 501 monet,
458 474 489 495 ut
510 476 597 503 supra
621 466 743 495 vidimus
758 485 769 500 ,
794 464 904 493 humeri
928 463 1141 498 elevationem,
1163 470 1196 491 ut
1213 464 1311 493 stricta
1337 464 1479 500 ligamenti
1504 473 1570 500 pars
1597 456 1761 500 relaxetur,
1792 469 1820 492 et

314 518 465 555 mal-gmem
487 519 614 547 cavitatis
642 518 824 554 gleno'ideae,
850 517 898 545 cui
920 516 1051 551 insistit,
1072 522 1205 551 superare
1227 515 1322 550 possit
1349 515 1485 543 humerus
1506 515 1626 552 (221).

352 570 514 606 simplicem
543 570 678 606 proponit
699 569 804 597 Samr
825 569 859 597 ad
886 567 1094 596 restitutionem
1123 565 1232 594 humeri
1255 565 1342 594 luxati
1373 574 1505 595 manuum
1530 574 1633 600 usum,
1655 571 1683 594 et
1707 573 1821 594 omnem

312 629 392 657 spem
418 621 499 656 ponit
526 620 554 649 in
581 619 738 649 encheiresi
759 622 837 654 (222
847 619 875 655 ).
918 618 1014 655 Hujus
1038 617 1135 646 auxilli
1157 617 1314 652 manualis,
1337 617 1376 645 ait
1396 619 1509 646 Auctor
1530 617 1658 654 (223),
1680 606 1756 646 basis
1778 617 1823 646 ni-

313 672 383 699 titur
406 674 518 708 regulae
535 673 623 708 vulgo
646 678 777 707 acceptae
806 689 825 706 ‚,
837 669 1023 697 musculorum
1040 668 1264 701 relaxationem,
1281 674 1417 704 quantum
1430 667 1498 703 fieri
1513 666 1603 705 potest
1614 688 1624 703 ,
1644 677 1698 697 esse
1716 677 1824 697 curan.

310 722 414 750 dam.”
454 723 563 750 Deinde
591 721 705 749 adducit
726 721 826 748 Sauter
849 719 1046 748 auctoritatem
1070 719 1198 747 Richteri
1222 719 1342 748 dicentis
1366 719 1521 757 (224):''
1552 719 1738 749 directionem
1767 721 1822 748 hu·

311 771 380 799 meri
406 773 563 806 mutando,
586 771 611 799 si
634 771 760 799 nondum
783 770 855 798 bene
877 769 1010 797 succedat
1034 769 1184 805 operatio,
1206 769 1414 798 restitutionem
1438 770 1618 805 tentendam,
1639 778 1692 799 nee
1715 778 1822 807 augen-

310 821 371 848 dam
390 829 451 849 esse
475 821 647 850 extensionis
665 821 721 850 vim
735 840 743 854 ,
769 820 825 849 nisi
848 825 934 855 caput
954 818 982 847 in
1003 826 1056 846 suo
1078 819 1145 847 loco
1168 819 1261 848 alieno
1285 819 1391 848 mobile
1416 820 1595 856 reperiatur,
1615 820 1819 856 repositionem

311 872 383 900 enim
408 881 470 901 esse
492 873 624 908 facilem,
654 873 679 902 si
707 874 793 902 ruodo
822 872 952 901 extensio
977 871 1005 900 in
1031 871 1098 907 apta
1122 869 1171 898 frat
1193 870 1372 899 directione⁷'
1400 877 1429 898 et
1455 870 1578 906 denique
1619 889 1637 906 „
1666 876 1752 906 caput
1772 878 1823 898 os-

310 923 350 950 sis
373 923 483 952 humeri
511 927 671 952 antrorsum
691 923 750 952 sive
774 930 928 952 retrorsum
949 924 1078 950 luxatum
1105 929 1164 949 non
1184 929 1199 949 e
1225 921 1334 949 directo
1354 921 1388 948 ad
1412 919 1561 949 cavitatem
1582 921 1758 956 gleno'ideam
1777 928 1824 948 re-

312 974 473 1003 ducendum
503 984 584 1010 esse,
607 976 656 1004 sed
674 975 796 1011 primurn
820 975 854 1003 ad
875 974 1032 1007 inferiora,
1053 978 1085 1000 ut
1110 980 1160 1008 per
1180 971 1273 1006 viam,
1297 972 1353 1007 qua
1377 979 1521 1007 egressum
1542 977 1619 1004 erat,
1638 970 1781 1000 rediret.'’

351 1025 541 1054 Encheireses
556 1033 661 1061 autem,
682 1034 752 1061 quas
769 1026 862 1054 laudat
873 1025 972 1053 Sauter
987 1024 1016 1052 in
1031 1023 1177 1052 luxatione
1189 1032 1289 1052 versus
1300 1022 1452 1058 inferiora,
1469 1029 1535 1051 sunt
1548 1029 1700 1058 sequentes
1711 1023 1818 1061 (225):

310 1080 353 1114 a)
374 1077 468 1113 Aeger
491 1077 611 1106 insideat
631 1084 743 1106 erectus
765 1078 811 1105 vel
836 1084 935 1112 parum
963 1075 1103 1103 inclinans
1130 1074 1164 1102 ad
1191 1073 1352 1102 ministrum
1367 1094 1377 1108 ‚
1402 1073 1451 1109 qui
1471 1073 1794 1102 contra-extensionem
1808 1093 1820 1108 ,

309 1134 416 1163 corpus
451 1128 620 1164 retinendo,
653 1135 744 1156 curat.
784 1127 827 1162 b)
856 1127 1003 1155 Humerus
1036 1126 1153 1153 luxatus
1187 1124 1451 1160 perpendicularem
1485 1125 1586 1153 habeat
1620 1124 1818 1154 directionem.

309 1179 349 1213 c)
376 1178 410 1206 In
440 1178 491 1206 hac
519 1179 676 1207 directione
702 1179 854 1213 chirurgus
881 1177 939 1204 uua
965 1182 1050 1203 manu
1076 1175 1232 1210 prehendat
1261 1175 1371 1203 humeri
1400 1175 1542 1212 condyxos
1569 1181 1597 1204 et
1622 1175 1820 1204 extensionem

310 1228 441 1257 deorsum
468 1237 569 1265 curet3
612 1228 651 1264 cl)
685 1228 772 1256 altera
799 1235 906 1262 manu,
928 1226 1040 1254 axillam
1064 1226 1224 1260 subeunte,
1244 1233 1330 1262 caput
1351 1226 1426 1255 ossis
1449 1226 1560 1255 humeri
1586 1234 1746 1254 anti-orsum
1769 1235 1817 1255 ur-

311 1286 394 1315 geat3
436 1283 473 1317 ε)
501 1280 649 1313 minister,
671 1287 754 1308 manu
776 1277 885 1315 aegroti
910 1277 1072 1313 prehensa,
1094 1276 1289 1306 extensionem
1315 1283 1434 1313 augeat,
1466 1285 1523 1313 quo
1550 1285 1702 1314 augmento
1728 1276 1816 1305 rarius

310 1337 384 1365 opus
408 1338 470 1358 esse
495 1330 627 1366 perhibet
651 1330 776 1358 Auctor.

345 1380 483 1416 Motum,
507 1390 589 1419 quem
620 1388 756 1410 memorat
782 1381 923 1415 Desault,
945 1378 1113 1408 rotatorium
1140 1379 1235 1408 laudat
1258 1379 1377 1415 Sauter‚
1405 1378 1453 1408 ubi
1479 1379 1640 1408 membrana
1659 1379 1815 1416 capsularis

309 1440 392 1470 rupta
417 1433 517 1469 capitis
544 1432 654 1460 humeri
678 1431 766 1460 luxati
793 1431 903 1460 reditus
930 1429 1115 1458 obstaculum'
1135 1431 1208 1468 parit
1229 1432 1311 1469 (226
1323 1431 1348 1464 ).

343 1486 451 1515 Eadem
477 1485 537 1514 fere
564 1486 740 1515 observanda
767 1494 830 1514 esse
854 1485 883 1514 in
914 1485 1059 1514 laxatione
1084 1483 1224 1514 anteriora
1249 1491 1350 1512 versus
1376 1489 1403 1510 et
1429 1489 1583 1511 retrorsum
1617 1488 1714 1510 monet
1737 1481 1815 1510 Auc-

309 1543 356 1565 tor
377 1536 505 1574 (227)‚
528 1536 674 1564 humerum
701 1536 775 1564 enim
796 1536 825 1565 in
846 1536 938 1572 prima
962 1536 1058 1571 specie
1083 1536 1168 1565 modo
1189 1535 1279 1571 magis
1302 1535 1337 1563 ad
1361 1534 1500 1562 anteriora
1524 1533 1606 1570 dirigi
1633 1534 1759 1569 debere,
1787 1533 1817 1562 in

310 1588 367 1623 qua
392 1587 549 1615 directione
573 1585 654 1614 etiam
684 1587 812 1616 extensio
842 1588 1018 1616 instituenda
1047 1594 1110 1622 est,
1137 1588 1172 1616 ad
1199 1594 1282 1622 quam
1310 1585 1424 1621 saepius
1453 1586 1542 1622 major
1567 1585 1612 1613 vis
1638 1584 1817 1620 requiritur,

309 1646 337 1667 et
360 1638 388 1667 in
411 1639 467 1674 qua
490 1637 644 1666 luxationis
671 1637 767 1673 specie
794 1638 876 1666 etiam
902 1646 1021 1666 necesse
1043 1647 1105 1666 esse
1131 1646 1233 1674 putat,
1257 1638 1336 1673 quod
1360 1643 1446 1671 caput
1469 1636 1544 1664 ossis
1572 1636 1660 1664 luxati
1682 1636 1816 1663 deorsum

310 1696 338 1718 et
359 1697 518 1718 eittrorsum
545 1694 708 1725 prematur3
739 1688 768 1718 in
792 1689 880 1718 altera
905 1696 1022 1725 autem,
1047 1697 1204 1719 retrorsum
1227 1688 1358 1722 scilicet,
1382 1687 1503 1716 directio
1531 1693 1558 1714 et
1580 1685 1708 1715 extensio
1730 1686 1815 1714 debet

1773 1745 1820 1765 es·

346 1821 448 1856 (219)
473 1822 490 1847 Ι.
506 1829 530 1848 c.
556 1829 583 1854 p.
600 1823 650 1849 206
667 1829 722 1855 seq.
992 1821 1087 1856 (220)
1115 1823 1133 1849 1.
1151 1830 1176 1849 c.
1201 1830 1227 1855 p.
1246 1822 1295 1848 208
1323 1827 1348 1847 et
1372 1821 1424 1847 tab.
1439 1827 1464 1852 5.
1489 1819 1534 1852 fig.
1544 1828 1569 1847 2.

343 1867 441 1902 (221)
469 1870 486 1894 l.
505 1875 529 1894 c.
555 1876 580 1899 p-
598 1874 655 1899 215.
1118 1896 1120 1899 ,

343 1915 444 1948 (222)
471 1914 559 1938 Sauter
586 1914 631 1940 lib.
658 1913 700 1938 die
732 1913 856 1939 Einricht
881 1913 925 1938 des
949 1915 1083 1940 verrenkt.
1108 1914 1297 1946 aclrselgelenk.
1323 1914 1349 1939 in
1376 1911 1535 1938 Hufeland's.
1564 1909 1654 1944 Journ.
1685 1910 1710 1936 d.
1737 1917 1818 1943 praet.

314 1962 400 1988 Heilk.
422 1961 495 1987 18¹6·
522 1967 549 1992 7·
567 1966 599 1986 st.
629 1961 701 1985 conf.
729 1962 865 1994 Castelyns
892 1961 917 1985 in
934 1960 1094 1994 Jaarboekan
1115 1962 1161 1987 der
1184 1962 1298 1986 Genees-
1327 1959 1393 1985 Heel
1413 1966 1443 1984 en
1463 1956 1670 1989 Natuurkunde,
1689 1957 1755 1983 door
1773 1957 1816 1982 het

314 2006 510 2038 Geuootschap·
529 2007 577 2031 arti
601 2006 743 2032 salutiferae
764 2016 790 2039 4.
805 2007 831 2033 d.
859 2014 884 2032 2.
898 2011 932 2033 st.
959 2014 985 2038 p.
1003 2013 1051 2039 170
1071 2014 1125 2039 seq.
1151 2007 1234 2031 Amst.
1255 2006 1329 2036 1817.

345 2052 445 2088 (223)
471 2054 488 2078 l.
508 2060 533 2078 c.
823 2050 921 2086 (224)
949 2052 1071 2085 Chirurg.
1096 2053 1165 2078 Bibl.
1195 2050 1245 2077 Bd.
1259 2058 1300 2077 10.
1322 2058 1348 2083 p.
1363 2049 1424 2081 438.

346 2097 450 2134 (225)
478 2100 495 2126 l.
514 2106 539 2126 c.
570 2106 596 2131 p.
611 2099 644 2131 56
663 2105 718 2132 seq.
943 2097 1040 2132 (226)
1065 2100 1084 2126 l.
1103 2106 1127 2126 c.
1345 2094 1445 2130 (227)
1459 2096 1491 2126 ,1.
1509 2103 1534 2123 c.
1558 2103 1584 2128 p.
1598 2095 1627 2127 58
1647 2101 1705 2127 seq·
