1919 2511
683 169 1098 213 -ORATIQ
1612 186 1634 224 ³7

150 257 264 310 {potius
296 257 409 293 omnia
443 255 662 305 iugaieverunt
679 282 691 301 ‚
722 268 824 304 quam
848 259 979 296 virtutis
1010 259 1296 295 commendatione
1324 266 1357 297 et
1384 265 1473 300 cuttu
1502 267 1632 301 animos

153 313 331 356 emendare
348 313 557 352 studuerunt.
602 317 673 348 Nos
689 315 799 359 potius
815 316 958 350 Divinae
974 316 1175 350 Prudentiae
1198 317 1359 352 beneficia
1380 322 1582 356 celebremus
1600 330 1632 359 et

143 369 219 414 >hac
232 375 416 409 aetatenos
436 371 544 409 vivere
561 371 740 416 laetemur,
764 384 831 417 qua
856 373 1099 407 Doctrinarum
1119 374 1177 407 lux
1202 385 1320 410 omnes
1347 377 1515 415 collustrat
1533 385 1633 424 atque

151 427 281 471 Religio
298 432 329 460 et
350 428 493 465 Morales
511 427 737 472 Disciplinae,
763 429 887 463 liberae
911 429 954 462 ab
977 430 1113 474 argutiis
1136 436 1168 465 et
1194 432 1455 477 sophismatibus
1483 441 1633 471 veterum

148 484 444 529 philosophorum,
467 485 542 520 fixis
562 486 788 528 fundamentis
808 485 1007 527 innituntur.

197 542 232 582 Si
249 542 400 579 nonnulli
414 543 584 583 veritatem
603 550 741 589 negant,
758 543 928 589 ingenium
943 543 1075 578 acuitur
1087 546 1300 591 splendetque
1315 548 1387 592 ipsa
1404 550 1526 587 veritas
1543 550 1635 584 mul-

152 603 189 634 to
210 599 341 635 clariori
360 599 433 634 luce
459 605 490 632 et
515 600 661 638 veritatis
687 600 906 635 fundamenta
930 602 1026 644 quasi
1051 612 1069 634 e
1087 602 1231 636 tenebris
1255 611 1427 640 eruuntur.
1472 609 1538 650 Age
1564 609 1634 650 jam

152 654 346 697 videamus,
371 661 485 689 utrum
502 658 744 690 Doctrinarum
768 656 877 690 honos
898 659 1042 701 servari,
1068 665 1183 692 utrum
1201 660 1332 693 illarum
1354 661 1633 697 obtrectatoribus

149 711 263 755 lingua
282 713 363 756 eripi
385 714 509 757 possit?
554 716 640 746 Cum
658 712 748 746 enim
769 715 867 758 Regis
893 716 1188 750 Beneficentissimi
1212 717 1344 750 decreto
1370 723 1468 762 atque
1493 719 1634 754 Gravis-

143 767 316 804 -simorum
343 775 374 802 et
396 768 690 813 Amplissimorum
715 773 917 804 curatorum
939 773 1246 814 commendatione,
1276 773 1454 809 ordinaria
1475 777 1633 820 Discipli-

143 834 275 868 narum
305 822 624 860 Mathematicarum
645 829 678 857 et
696 824 918 868 Physiearum
941 829 1122 871 professio,
1152 829 1188 863 in
1207 831 1273 864 hac
1297 831 1497 874 Academia,
1520 833 1556 865 in
1579 844 1634 870 me

155 881 262 918 delata
284 879 347 924 sit,
374 892 450 915 eam
474 890 512 913 ut
530 881 720 915 solemniter
736 882 946 926 auspicarer,
970 886 1156 919 orationem
1171 886 1294 919 habere
1311 888 1395 921 mihi
1412 894 1461 922 est
1481 887 1634 928 animus3

157 938 201 973 de
222 941 323 980 Deo,
347 936 461 971 totius
483 936 616 970 Man-di
634 937 832 974 Condz'tore
853 945 891 972 et
905 940 1168 984 Moderatore,
1194 953 1241 976 ex
1265 942 1342 976 illis
1361 949 1522 977 naturae
1543 944 1637 988 legi-

152 997 236 1036 buS,
262 995 389 1040 quibas
410 993 585 1028 coelestia
603 1001 800 1038 regantur,
826 1006 938 1040 qaam
962 997 1519 1044 evzclentzssimecognoscendo.
1564 1003 1635 1035 Mi-

150 1064 230 1088 rum
247 1051 396 1086 fortassis
414 1051 513 1085 alicui
532 1057 680 1087 vestrum
699 1051 869 1094 videatur,
886 1053 927 1085 A.
941 1052 983 1085 A.
995 1078 1005 1095 ,
1021 1064 1077 1088 me
1095 1055 1139 1088 ad
1154 1056 1312 1090 orationis
1325 1063 1559 1101 argumentum
1575 1069 1637 1092 ac-

148 1110 269 1150 cedere
286 1135 296 1153 ,
328 1121 349 1143 a
369 1121 446 1144 meo
459 1134 471 1154 ‚
502 1115 539 1143 ut
560 1110 689 1144 videtur
705 1134 716 1152 ,
747 1109 936 1144 studiorum
964 1121 1083 1154 genere
1106 1113 1274 1152 alienum:
1308 1115 1429 1158 quippe
1456 1114 1546 1158 quod
1564 1117 1634 1157 jam

143 1153 250 1213 ‘multi
265 1163 349 1201 Viri
362 1167 561 1212 Theologiae
583 1167 752 1202 Naturalis
775 1166 893 1210 periti,
916 1167 1086 1211 diligenter
1107 1162 1364 1213 pertractarunt.
1411 1172 1539 1205 Verum
1558 1171 1637 1206 illud

153 1234 213 1260 vos
228 1225 373 1257 monitos
388 1224 461 1259 volo
471 1248 480 1266 ,
501 1235 555 1257 me
568 1222 665 1259 novis
687 1222 888 1268 quibusdam
903 1224 1109 1268 rationibus,
1124 1236 1143 1259 e
1160 1225 1346 1270 Disciplina
1364 1226 1504 1270 Physica
1522 1233 1554 1261 et
1567 1229 1635 1261 As-

152 1279 339 1323 tronomica
360 1281 490 1323 petitis,
516 1290 589 1313 rem
607 1286 676 1313 tam
694 1290 828 1324 gravem
851 1280 1093 1315 illustratus-um
1120 1293 1208 1317 esse:
1234 1289 1267 1317 et
1292 1285 1338 1317 ita
1358 1294 1457 1327 spero
1480 1283 1570 1326 fore,
1596 1290 1634 1319 ut

151 1335 246 1372 vobis
265 1337 403 1369 minime
425 1337 466 1369 sit
486 1335 613 1380 ingrata
632 1337 753 1369 oratio.
800 1338 858 1369 Me
878 1337 994 1379 igitur,
1011 1338 1053 1370 A.
1072 1339 1134 1381 A.,
1155 1349 1194 1372 ea
1215 1349 1301 1384 quae
1316 1338 1408 1374 vobis
1431 1344 1480 1372 est
1494 1338 1633 1379 benevo-

152 1394 253 1427 lentia
279 1398 311 1425 et
334 1392 535 1436 indulgentia
559 1392 716 1433 audiatiS,
745 1392 887 1436 quibus,
912 1392 954 1425 ob
983 1392 1138 1437 exiguam
1162 1400 1195 1429 et
1214 1395 1341 1429 nuttam
1363 1395 1433 1429 fere
1447 1396 1567 1430 Latine
1585 1396 1631 1430 di-

150 1449 250 1484 cendi
265 1449 534 1489 exercitationem
551 1448 636 1482 mihi
650 1454 820 1492 tantopere
835 1458 921 1492 opus
939 1454 999 1482 est.

195 1620 244 1651 Ut
256 1623 488 1663 argumentum
498 1642 508 1660 ,
525 1616 614 1662 quod
628 1619 697 1661 jam
709 1623 851 1652 tractare
865 1619 1086 1663 aggredimur,
1101 1620 1226 1664 Vobis,
1237 1622 1277 1655 A.
1291 1623 1332 1656 E.
1337 1647 1347 1665 ,
1366 1632 1468 1668 quam
1481 1625 1627 1660 luculen-

153 1675 281 1709 tissime
300 1685 525 1719 exponamus,
543 1675 706 1718 imprimis
726 1686 809 1719 opus
830 1682 899 1719 est,
922 1683 961 1710 ut
981 1679 1089 1721 primo
1107 1681 1294 1714 accuratius
1317 1682 1532 1724 definiamus,
1550 1684 1629 1728 quid

149 1742 196 1765 ex
213 1738 327 1765 nostra
347 1731 510 1765 sententia
524 1731 588 1764 sibi
607 1731 683 1766 velit
701 1731 882 1766 enuntiatio
899 1735 1043 1777 Legum
1066 1741 1244 1770 naturae:
1265 1743 1338 1771 tum
1357 1739 1460 1773 altero
1484 1741 1557 1774 loco
1575 1752 1628 1774 re-

154 1787 296 1832 quiritur
316 1794 354 1822 ut
367 1790 475 1832 ipsam
492 1787 643 1822 Methodi
663 1789 918 1833 philosophandi
941 1791 1185 1835 conditionem,
1208 1804 1275 1838 qua
1302 1793 1339 1828 in
1356 1795 1458 1829 rebus
1482 1797 1628 1841 Physicis

154 1849 315 1885 utuntur,
338 1845 444 1879 Vobis
461 1844 604 1880 breviter
619 1847 655 1879 in
667 1848 862 1881 memoriam
875 1858 1081 1883 revocemus·

200 1900 490 1945 Deprehendimus
512 1902 549 1937 in
569 1905 724 1939 universa
743 1910 865 1938 natura
891 1906 1083 1939 continuam
1108 1906 1423 1942 Phaenomenorum
1446 1910 1627 1944 successio·

153 1966 254 1999 -nem,
285 1957 330 1990 ad
356 1969 459 2002 quam
486 1960 515 1992 si
536 1960 737 1994 attendimus
745 1985 756 2003 ,
779 1961 895 1995 abesse
918 1973 987 1996 non
1010 1973 1206 2006 possumus,
1234 1967 1335 2009 quin,
1359 1976 1459 1999 sensu
1481 1966 1627 2010 quodam

159 2012 290 2048 interno
320 2017 428 2049 coacti
443 2041 454 2059 ,
484 2018 664 2062 unicuique
704 2017 938 2052 Phaenomeno
975 2019 1121 2063 aliquam
1151 2031 1289 2055 causam
1320 2021 1518 2055 tribuamus.
1569 2025 1625 2057 Sic

154 2069 291 2113 omnia,
308 2082 536 2118 quaecumque
548 2075 584 2108 in
598 2075 752 2110 universo
769 2074 990 2110 observantur
1001 2075 1256 2117 Phaenomena,
1274 2087 1453 2111 causarum
1471 2087 1626 2122 quarum-

152 2125 239 2161 ‹dam
255 2125 394 2162 effeetus
413 2138 505 2173 esse„
524 2140 592 2165 ⁴nos
607 2130 810 2175 experientia
829 2137 862 2167 et
874 2132 963 2166 ratio
986 2131 1124 2174 docent5
1147 2143 1268 2179 easque
1291 2144 1408 2169 causas
1430 2137 1515 2170 vires
1533 2144 1624 2178 esse,

1585 2203 1625 2227 m
