1919 2511
290 188 328 219 34
601 175 800 208 PETRI
847 172 1499 211 ABRAHAMIJELTES

291 283 311 300 „
331 263 375 291 ala
399 268 491 297 usque
510 260 545 288 ad
573 259 678 296 digitos
702 258 849 294 pervenit:
872 257 901 287 in
925 258 983 293 qua
1007 257 1117 285 summa
1137 257 1293 293 capitulum
1319 263 1362 285 est
1380 257 1534 286 rotundum
1548 276 1558 291 ,
1581 261 1609 284 et
1636 255 1740 285 leniter
1756 263 1804 286 cav-

293 334 311 350 „
332 322 420 348 vum,
449 318 480 340 ut
501 310 627 346 recipere
649 310 817 346 particulam
838 310 960 345 aliquam
983 317 1018 337 ex
1049 309 1140 345 capite
1169 309 1279 337 humeri
1304 309 1413 346 possit.
1456 309 1487 337 In
1512 309 1544 336 eit
1569 307 1634 336 bina
1661 307 1805 338 foramina⁴

292 384 312 402 ‚,
331 364 423 394 tribus
449 362 522 393 locis
545 369 635 398 sunt,
656 362 730 390 inter
757 370 788 390 se
809 361 904 398 spatio
928 360 1122 396 distantibus,
1151 360 1180 389 in
1203 369 1274 396 quae
1300 361 1361 389 lora
1383 359 1480 388 mollia
1502 359 1708 396 conjiciuntur.
1747 359 1804 389 Ea·

292 435 312 453 ‚‚
333 425 389 451 que
413 416 514 451 spatha
535 413 625 443 fascia
651 413 802 448 involuta,
837 412 991 447 quominus
1015 419 1093 441 tactu
1114 412 1225 448 laedat,
1252 413 1286 441 ad
1310 414 1381 441 alam
1408 420 1423 440 a
1448 411 1568 440 brachio
1588 410 1740 447 dirigitur,
1762 411 1804 439 sic

293 486 312 503 ‚‚
333 473 364 494 ut
383 472 468 502 caput
489 466 550 502 ejus
576 472 702 492 summae
725 464 783 492 alae
806 463 993 500 subjiciatur:
1016 463 1119 491 deinde
1143 463 1216 492 locis
1240 463 1300 492 suis
1328 463 1362 491 ad
1389 463 1535 491 brachium
1559 462 1719 499 deligatur,
1741 461 1807 491 bra·

293 536 312 555 ⁵⁷
332 517 428 546 chium
453 520 534 552 (13)
562 515 710 551 diligatum
736 523 824 550 super
843 516 933 543 scalae
958 515 1120 551 gallinariae
1136 515 1253 552 gradum
1281 515 1421 552 trajicitur
1442 515 1481 543 ita
1501 515 1576 549 aste,
1599 521 1631 542 ut
1647 513 1806 543 consistere

292 586 311 602 ‚‚
331 567 419 595 homo
443 566 506 602 ipse
531 575 590 594 non
618 565 732 601 possit,
755 565 900 601 simulque
919 565 948 594 in
967 567 1081 594 alteram
1100 573 1207 603 partem
1230 575 1337 603 corpus
1359 566 1538 601 demittitur,
1561 566 1590 594 in
1606 567 1720 594 aiteram
1741 566 1807 594 bra·

293 637 312 654 „
332 618 428 646 chium
456 617 634 653 intenditur,
657 625 750 652 eoque
779 616 830 652 fit,
852 622 885 645 ut
909 617 1002 653 capite
1027 618 1099 654 ligni
1124 625 1210 654 caput
1233 618 1342 647 humeri
1367 618 1523 654 impulsum
1550 617 1579 646 in
1602 626 1682 646 suam
1709 618 1806 646 sedem

294 690 312 705 „
332 670 419 698 modo
443 678 508 697 cum
528 678 622 705 sono,
644 669 730 697 modo
756 669 818 698 sine
843 669 916 701 hoc,
938 670 1162 706 compeliatur.”
1204 669 1235 699 Si
1261 670 1315 698 hoc
1341 670 1473 699 conferas
1499 669 1719 698 instrumentum
1739 677 1807 698 cum

292 721 480 757 Hippocratis
505 720 605 756 ambe,
627 721 764 756 illiusque
782 729 888 756 usum,
910 727 988 750 certe
1014 729 1074 750 non
1100 729 1228 757 maguam
1249 720 1377 750 invenies
1395 719 1599 754 differentiam,
1620 720 1804 749 solummodo

291 771 475 800 instrumenti
495 772 610 800 nomine
630 777 751 801 mutatO.

330 821 456 857 Reliqua
481 828 574 850 autem
601 822 678 851 addit
693 822 798 852 Celsus
813 843 823 858 ,
848 832 919 859 quae
937 828 1071 859 spectant
1092 824 1211 851 alterum
1228 822 1384 851 luxationis
1403 823 1537 858 modum,
1558 831 1662 858 nempe
1680 821 1709 851 in
1728 821 1808 858 prio-

294 882 351 902 rem
372 880 502 909 partem:
535 894 553 909 „
573 880 601 902 at
619 873 644 902 si
661 873 689 902 iu
706 873 829 910 priorem
848 881 957 911 partem
981 875 1117 902 humerus
1135 873 1258 909 excidit,
1280 874 1403 910 supinus
1423 874 1510 902 horno
1532 873 1720 902 collocandus
1744 879 1807 902 est:

295 945 315 960 ,‚
335 924 481 960 fasciaque
499 931 546 952 aut
562 925 672 953 habena
691 925 781 953 media
801 927 843 954 ala
860 925 1060 953 circumdanda
1079 931 1141 960 est,
1164 925 1316 961 capitaque
1340 927 1402 962 ejus
1423 933 1490 961 post
1507 932 1594 961 caput
1610 923 1736 953 hominis
1755 924 1810 953 mi-

295 994 313 1010 „
335 974 427 1003 nistro
443 975 595 1012 tralendag,
618 975 763 1004 brachium
783 975 884 1011 alteri,
906 976 1214 1012 praecipiendumque,
1237 982 1269 1004 ut
1286 976 1334 1005 ille
1352 977 1510 1012 habenam,
1531 976 1577 1004 hic
1594 975 1742 1005 brachium
1761 982 1811 1003 ex-

295 1045 314 1062 „
335 1027 448 1054 tendat:
472 1026 572 1055 deinde
596 1027 721 1055 medicus
739 1033 825 1062 caput
845 1026 957 1062 quidem
977 1027 1102 1056 hominis
1119 1027 1235 1056 sinistra
1251 1027 1336 1056 debet
1360 1029 1520 1064 repellere3
1542 1027 1641 1056 dextra
1665 1035 1734 1056 vero
1759 1034 1813 1056 cu-

295 1096 313 1112 „
335 1076 427 1106 bitum
444 1085 509 1106 cum
529 1077 648 1106 humero
670 1078 818 1114 attollerc3
842 1077 1015 1114 faciliusque
1034 1079 1064 1107 in
1085 1078 1139 1106 hoc
1160 1087 1250 1114 casu,
1274 1086 1363 1115 quam
1379 1079 1410 1108 in
1429 1077 1522 1115 priori
1543 1076 1736 1109 reveratum·

926 1161 958 1198 ὃ.
981 1168 1010 1198 3.
1053 1159 1197 1190 Galenus..

335 1242 448 1272 Laudat
473 1242 602 1271 Galenus
627 1242 719 1279 primo
742 1242 933 1279 Hippocratis
958 1242 1126 1272 restituendi
1152 1245 1270 1273 modurn
1302 1253 1358 1281 per
1375 1245 1480 1282 digitos
1500 1243 1613 1282 (14),
1642 1245 1671 1275 in
1696 1253 1759 1282 quo·
1780 1243 1813 1275 id

293 1292 379 1322 simul
403 1293 578 1322 efficiendum
607 1300 668 1329 est,
699 1295 778 1330 quod
800 1294 895 1331 primo
920 1301 1008 1330 caput
1033 1295 1145 1323 humeri
1169 1296 1258 1324 luxati
1283 1295 1447 1332 impellatur
1473 1295 1503 1325 in
1528 1296 1654 1332 priorem
1678 1302 1810 1333 partem,

293 1344 359 1373 dein
378 1344 408 1373 in
427 1342 624 1380 superiorem,
645 1351 793 1381 postremo
815 1345 843 1374 in
864 1346 1076 1382 posteriorem;
1097 1347 1237 1382 optimum
1259 1354 1353 1376 autem
1374 1354 1472 1376 censet
1490 1347 1639 1384 Galenus,
1661 1348 1740 1383 quod
1758 1348 1812 1377 hu-

292 1403 389 1423 merus
405 1395 433 1424 in
456 1395 650 1432 repositione,
670 1395 748 1425 dicta
769 1397 929 1425 directione
946 1397 1118 1433 observata,
1139 1398 1228 1427 lineas
1244 1405 1381 1434 sequatur
1398 1406 1490 1427 rectas
1508 1398 1611 1435 (15).
1653 1397 1701 1427 Ne
1715 1405 1811 1428 autem

293 1446 380 1475 homo
401 1447 459 1475 vim
484 1454 621 1482 sequatur
645 1447 679 1476 ad
706 1448 903 1483 reponendum
927 1448 1076 1477 humerum
1095 1449 1220 1485 illatam,
1242 1458 1360 1478 necesse
1378 1458 1441 1479 esse
1465 1456 1563 1478 monet
1581 1455 1703 1485 auctor,
1725 1449 1810 1478 etiam

293 1497 351 1525 hoc
386 1498 574 1533 Hippocratis
605 1498 746 1527 monitum
779 1498 869 1536 (16)
903 1500 1073 1536 admittens,
1106 1502 1184 1537 quod
1208 1501 1356 1537 medicus,
1385 1501 1478 1536 capite
1503 1500 1640 1537 objecto,
1668 1508 1811 1529 summum

293 1548 343 1576 lati
371 1550 551 1583 scapularum
581 1549 657 1578 ossis
684 1550 824 1585 repellat,
847 1558 875 1579 et
895 1550 1042 1580 humerum
1069 1553 1203 1589 adurgeat
1232 1552 1353 1588 genibus
1370 1551 1405 1579 ad
1423 1551 1511 1579 imum
1532 1551 1592 1587 ejus
1612 1551 1697 1581 datis.
1738 1553 1812 1581 Ver-

295 1597 334 1626 bo
358 1598 471 1634 dicam,
493 1608 552 1627 non
569 1600 663 1627 solum
690 1600 814 1628 dilucide
837 1600 959 1636 primum
989 1602 1177 1639 Hippocratis
1204 1602 1372 1632 restituendi
1395 1602 1511 1631 modum
1538 1601 1708 1637 exposuisse
1724 1601 1812 1632 Gale·

298 1656 365 1678 num
379 1670 388 1684 ,
412 1650 462 1678 sed
482 1650 564 1678 etiam
586 1650 735 1686 reliquos,
758 1659 832 1686 quos
855 1660 942 1687 supra
962 1654 1159 1682 recensuimus
1181 1654 1296 1684 modos.

304 1698 305 1701 ’
336 1700 411 1729 Cum
436 1710 504 1729 vero
532 1700 724 1737 Hippocrates
749 1701 859 1730 unicam
884 1704 1069 1732 solummodo
1100 1704 1266 1740 acceperit,
1294 1705 1340 1734 vel
1366 1704 1483 1740 potius,
1507 1710 1539 1731 ut
1564 1703 1624 1740 ipse
1655 1702 1715 1739 ait,
1741 1712 1813 1741 cog-

297 1751 413 1794 poverit
437 1753 597 1781 luxationis
615 1753 738 1788 speciem
751 1772 761 1787 ,
782 1754 888 1781 nullam
908 1755 983 1789 apud
998 1763 1063 1782 eum
1083 1754 1244 1783 invenimus
1266 1755 1347 1784 aliam
1371 1755 1444 1783 viam
1464 1755 1636 1789 indicatam,
1659 1762 1743 1790 quam
1765 1763 1811 1783 se-

299 1809 435 1837 queretur
454 1810 558 1840 caput,
581 1803 606 1832 si
631 1811 793 1833 antrorsum
819 1805 955 1840 laxetur,
978 1806 1090 1840 qualem
1114 1805 1288 1835 luxationem
1310 1807 1411 1836 revera
1438 1813 1469 1835 se
1497 1806 1667 1835 observasse
1688 1812 1811 1835 testatur

1753 1856 1813 1888 Ga·

334 1940 415 1975 (13)
434 1942 452 1968 l.
470 1949 495 1968 c.
515 1951 541 1975 p.
553 1944 611 1977 463.

335 1986 413 2021 (14)
435 1989 539 2015 Comm.
554 1997 577 2016 1.
594 1991 619 2014 111
638 1990 718 2023 Hipp.
735 1989 768 2015 de
785 1996 834 2016 art.
853 1998 881 2023 p.
897 1997 959 2023 219.
974 1989 1043 2017 Vido
1059 1991 1141 2017 Vidio
1160 1992 1317 2018 Florentino
1334 1993 1477 2026 interprete
1497 1993 1523 2019 in
1541 1993 1615 2020 Chir.
1635 1999 1649 2019 e
1664 1993 1768 2020 Graeco
1784 1993 1811 2018 111

307 2032 367 2060 Lat.
391 2036 532 2060 conversa.
561 2036 615 2062 Par.
629 2043 700 2068 1544.
719 2036 767 2062 fol.

336 2078 418 2113 (15)
438 2082 456 2106 1.
474 2088 499 2106 c.
517 2089 542 2112 p.
558 2090 615 2107 προ.
644 2088 716 2107 notat
734 2083 807 2108 etiarn
826 2083 871 2108 hic
887 2083 1001 2109 Galenus
1022 2092 1097 2117 saepe
1118 2092 1168 2109 non
1193 2085 1248 2116 sic,
1268 2085 1313 2111 sed
1335 2086 1403 2111 circa
1426 2086 1560 2112 cervicem
1583 2085 1627 2110 lati
1647 2086 1809 2118 scapularum

304 2126 369 2150 ossis
387 2127 547 2152 circumduci
569 2127 671 2152 humeri
690 2135 781 2160 caput,
805 2135 834 2154 ut
849 2130 1018 2162 testulutum,
1036 2138 1114 2164 quem
1130 2131 1234 2157 modum
1251 2133 1361 2164 appellat
1380 2133 1555 2165 Hippocrates
1573 2131 1742 2166 περιφοιλσιν.

337 2171 416 2205 (16)
436 2173 518 2205 Hipp.
537 2174 610 2200 Sect.
627 2174 653 2201 6.
672 2173 704 2200 de
722 2181 769 2201 art.
787 2183 813 2207 p.
825 2176 882 2208 383.
