1919 2511
341 167 378 197 14
738 163 787 195 M.
853 165 881 195 J.
951 161 1408 205 MACQUELYN

336 259 477 293 scopum
495 249 642 294 quaerit,
665 249 835 283 inventam
853 248 896 282 ad
911 249 1001 282 Artis
1018 248 1307 291 amplificationem
1326 248 1492 293 applicat,
1514 251 1546 281 et
1574 247 1609 281 in
1633 258 1806 293 aegrorum

333 306 494 347 salutem,
517 305 737 349 praecipuum
758 306 837 338 artis
860 305 983 347 finem,
1006 305 1177 338 convertit.

383 365 478 403 Quae
498 362 629 402 omnia,
653 361 734 394 dum
751 362 838 394 Artis
851 361 1002 394 Mcdicae
1019 363 1164 402 Doctor,
1188 361 1317 404 ingenio
1342 361 1453 394 critico
1470 361 1614 404 ponem,
1639 362 1808 396 Auditori-

338 418 401 451 bus
429 419 498 450 suis
525 428 567 450 ex
588 417 790 459 Disciplinue
820 427 900 449 suae
920 417 1085 458 Historia,
1109 417 1251 460 quotidie
1268 417 1397 450 tradere
1414 423 1525 458 curat,
1549 418 1647 452 veluti
1664 419 1808 460 inscius,

336 481 368 507 ct
391 475 455 507 talc
476 473 554 517 quid
579 474 688 516 primo
710 474 831 506 intuitu
850 484 918 506 non
937 472 1108 514 ambiam,
1131 474 1316 506 Historiam
1337 472 1510 508 universae
1531 475 1697 516 Naturae,
1722 484 1808 518 qua-

336 537 433 563 tenus
454 531 489 562 in
515 540 652 573 corpore
675 530 810 562 animali
833 530 974 573 propriis
994 528 1118 573 legibus
1146 527 1372 572 obtemperat,
1405 529 1466 563 sibi
1494 529 1658 563 detectam
1682 530 1806 572 cernit,

334 597 396 620 ncc
423 597 492 619 non
518 587 619 630 ipsius
646 587 765 630 ingenii
788 585 928 619 humani
956 587 1138 620 Historiam
1153 609 1162 627 ,
1188 596 1266 618 cum
1288 585 1424 620 diversis
1447 585 1619 627 Theoriis,
1650 591 1809 630 quotquot

333 654 394 687 per
425 644 613 676 seculorum
645 642 824 675 decursum
850 643 991 677 invicem
1014 643 1182 675 insecutae
1212 647 1308 683 sunt,
1341 641 1505 676 indivulso
1530 642 1659 677 vinculo
1686 653 1810 676 nexam

333 700 468 741 ediscit,
493 699 588 732 etsie
605 699 696 731 Artis
715 708 795 731 suae
817 699 1021 740 Historiam,
1045 699 1218 742 variasque
1241 700 1311 741 ejus
1334 697 1486 741 periodos
1507 698 1654 740 futurem,
1677 709 1720 732 ex
1744 698 1812 734 hu„

334 756 425 788 mani
450 755 570 798 ingenii
601 755 784 797 cognitione
809 756 990 798 praesagit,
1014 759 1046 786 et
1067 755 1157 788 velut
1182 760 1293 787 mente
1314 764 1374 786 sua
1399 754 1585 797 praevidet3
1608 755 1810 798 qualescun-

331 823 395 855 que
426 810 708 854 Philosophorum
729 811 940 843 Nutu—alium
964 812 1134 854 opiniones
1163 815 1197 843 et
1226 815 1405 852 systemata
1432 811 1518 851 justo
1539 811 1644 852 pretio
1667 812 1780 844 statuit
1797 835 1808 853 ,

331 879 410 902 vera
439 879 460 900 a
486 867 576 900 falsis
607 867 784 908 discernit,
809 871 841 899 et
867 867 901 900 in
921 867 1129 899 Institutione
1149 866 1300 907 Practiczi
1319 870 1351 897 et
1373 865 1514 908 clinica,
1538 867 1722 899 Historiam
1738 869 1811 901 Na-

329 925 492 966 tiu-alem,
512 934 596 967 quae
614 923 822 956 Medicorum
838 927 905 963 est,
929 923 964 955 in
982 922 1181 955 Auditorum
1204 921 1378 955 commoda
1392 921 1531 954 fideliter
1553 928 1711 965 enarrat,
1734 934 1810 957 om-

330 982 491 1024 niumque
519 979 794 1023 phaenomcncfin‚
825 985 858 1011 et
884 984 1145 1021 symptomatum
1172 977 1402 1011 morbidorum
1435 982 1612 1020 naturam,
1647 984 1680 1012 et
1709 980 1810 1023 origi-

331 1035 430 1079 nem,
454 1041 487 1069 et
509 1035 700 1080 dignitatem
724 1046 826 1079 quam
847 1035 1037 1078 simpliciter
1054 1035 1212 1078 explicat,
1236 1034 1429 1077 Nosologiae
1452 1033 1661 1067 Methodicae
1682 1036 1810 1078 regulas

332 1091 441 1135 ducit,
470 1095 673 1136 Prognoscos
702 1091 920 1124 fundamenta
933 1114 943 1132 ,
967 1096 999 1123 et
1022 1090 1173 1123 Methodi
1201 1089 1355 1123 medendi
1378 1100 1538 1132 scopum,
1571 1095 1605 1123 et
1629 1091 1810 1125 Indicatio·

334 1159 419 1183 num
442 1148 628 1183 doctrinam
641 1173 651 1190 ,
687 1158 765 1181 cum
788 1147 945 1180 electione
967 1146 1231 1180 medicaminum
1260 1156 1503 1189 congruorum,
1534 1147 1698 1191 totiusque
1722 1148 1812 1191 regi-⁴

332 1206 434 1239 minis
461 1204 623 1238 diaetetici
646 1204 851 1251 ordinatione
881 1201 1095 1236 Auditoribus
1117 1202 1238 1244 tradit,
1270 1207 1307 1234 ut
1335 1201 1371 1234 hi
1396 1212 1465 1235 non
1488 1212 1530 1235 ex
1554 1212 1612 1236 ore
1638 1204 1810 1247 Magistri,-

330 1260 554 1295 imbecillitate
579 1260 729 1292 humanit
752 1270 821 1292 non
844 1257 1027 1300 immunis,
1052 1257 1109 1292 scd
1133 1257 1177 1291 ab
1198 1258 1302 1302 ipsius
1331 1259 1479 1291 Naturae
1505 1269 1581 1301 ore,
1604 1269 1707 1304 quam
1724 1259 1809 1293 duce

329 1319 550 1361 Praeceptore
582 1315 725 1360 quotidie
752 1317 941 1359 loquentem
971 1314 1129 1355 audiunt,
1153 1313 1273 1347 dociles
1295 1313 1472 1357 pendeant.

333 1379 338 1382 '
376 1374 507 1407 Vellem
531 1371 639 1406 Vobis
652 1396 661 1413 ,
686 1370 946 1404 commilitiones
974 1369 1238 1413 Exoptatissimi!
1270 1375 1429 1413 quotquot
1456 1380 1497 1402 ex
1521 1369 1586 1403 hac
1611 1369 1809 1404 Auditorum

333 1430 456 1465 corona
472 1428 516 1462 ad
536 1428 627 1473 Artis
651 1426 833 1470 Apolliniae
853 1426 1033 1469 Templum
1058 1426 1210 1468 tenditis,
1240 1423 1408 1458 Historiae
1437 1426 1527 1457 Artis
1554 1425 1706 1458 Medjcae
1731 1437 1808 1460 cum

333 1483 598 1520 Institutionibus
628 1482 855 1516 Theoretico—
862 1483 1016 1525 practicis
1049 1481 1297 1524 conjungendae
1323 1481 1556 1513 necessitatem
1583 1482 1781 1524 persuadere
1798 1507 1808 1524 ‚

333 1552 473 1587 eumque
494 1539 599 1586 Vobis
624 1540 671 1572 ita
686 1539 874 1579 inculcare,
898 1542 937 1570 ut
959 1537 1096 1570 scholas
1120 1538 1312 1578 PraeticaS,
1335 1534 1499 1570 Historiczi
1526 1536 1733 1571 Institutione
1750 1548 1809 1572 or-

334 1597 452 1639 batas,
476 1594 623 1636 sterileS,
647 1599 678 1627 et
700 1595 815 1628 inanes
846 1603 1001 1635 mecum,
1025 1598 1057 1625 et
1082 1604 1161 1626 cum
1189 1592 1367 1633 omnibUS,
1391 1593 1448 1635 qm·
1473 1593 1521 1625 rei
1547 1592 1699 1626 Medicae
1724 1594 1809 1629 bene

334 1652 473 1696 'cupiunt-
486 1676 496 1694 ,
528 1651 704 1684 habeatis:
749 1650 823 1682 Hac
858 1649 947 1683 enim
991 1648 1150 1689 docendi,
1191 1646 1404 1691 discendique
1436 1648 1587 1689 ratione,
1625 1651 1807 1684 tentamina

334 1715 452 1741 eorum
468 1732 478 1749 ,
513 1708 570 1750 qui
597 1716 659 1739 nos
684 1710 789 1738 aetate
817 1709 1086 1746 antecesserunt,
1118 1704 1318 1747 detegimus,
1351 1703 1386 1735 in
1408 1702 1604 1735 morborum
1633 1705 1751 1737 natura
1776 1711 1808 1739 et

335 1765 457 1808 origine
471 1788 480 1805 ,
504 1767 536 1795 et
564 1761 795 1794 constitutione
815 1759 971 1793 morbosa
991 1759 1134 1803 qurilibet
1158 1759 1321 1799 eruend2i5
1344 1769 1406 1792 nec
1426 1758 1483 1791 hic
1509 1759 1676 1792 Historiae
1696 1761 1807 1795 Medi-

337 1832 397 1854 cae
420 1820 540 1852 utilitas
556 1816 736 1851 terminum
763 1814 849 1860 figit3
874 1826 951 1848 cum
969 1816 1115 1848 Histoi-is
1135 1818 1357 1858 systematum
1383 1815 1613 1858 coniungenda
1632 1821 1681 1848 est
1690 1817 1808 1851 Histo-

337 1878 391 1910 ria*
411 1874 606 1908 morborum
617 1873 831 1916 ‘popularium
849 1877 881 1904 et
899 1870 1129 1905 endemiorum
1141 1895 1150 1913 ‚
1174 1872 1231 1915 qui
1248 1872 1282 1904 in
1300 1871 1406 1914 patriai
1423 1871 1536 1903 nostra
1555 1877 1752 1914 regnarunt,
1775 1878 1807 1906 et

337 1932 414 1966 inde
430 1942 449 1963 a
472 1930 596 1963 renatis
615 1929 727 1961 litteris
754 1933 772 1960 ἐι
790 1931 927 1961 Foresto
940 1952 950 1968 ,
973 1925 1289 1969 Diemerbroecki0,
1318 1925 1525 1968 Dekkersio,
1558 1928 1683 1961 Levino
1704 1931 1808 1961 Lem-

337 1989 419 2028 nio,
444 1986 630 2029 Eugalcno,
654 1985 811 2028 Spigclio,
844 1983 995 2025 Stockio,
1026 1981 1183 2026 Bickero,
1206 1983 1387 2023 Bosschio,
1411 1983 1545 2026 aliisque
1568 1984 1809 2029 praeterlapso-

337 2045 416 2077 'rum
438 2042 625 2075 sceulonun
655 2039 796 2074 Medicis
822 2040 927 2084 Belgis
940 2063 950 2082 ,
983 2039 1025 2073 ob
1051 2045 1248 2075 vetustatem
1270 2050 1339 2073 non
1364 2039 1632 2082 contemnendis,
1655 2051 1717 2074 nec
1742 2041 1809 2073 im-

1731 2107 1806 2133 Ine?
