1919 2511
297 136 334 157 ao
577 125 864 165 JOANNIS
924 123 1235 156 HERMANI
1294 125 1516 156 KR010=N

300 208 440 246 privatum
464 208 560 237 vivere
587 209 720 237 maluisse
742 208 815 242 sibi,
838 209 932 239 Mus-is
954 216 1041 245 atque
1063 208 1182 245 amicis,
1204 216 1366 238 memoremv
1383 207 1552 246 proverbii=
1581 208 1670 248 πόῤῥω.
1691 211 1757 246 ΔΙας
1773 224 1807 243 τε

300 260 346 290 καὶ
367 262 513 298 negativae,
534 266 563 289 et
583 259 652 289 dicti
673 260 761 289 Ovid.
786 259 880 289 Trist.
900 260 970 290 Lib.
987 261 1040 289 111.
1062 261 1184 296 eleg.4f.
1207 268 1252 288 vs.
1268 269 1297 296 3.

595 311 667 340 Vive
686 311 740 339 tibi
757 318 953 350 quantumque
967 317 1047 348 potes
1060 312 1246 349 praelustria
1266 311 1329 340 vita

627 364 751 390 Saevum
769 362 934 399 praelustri
947 361 1065 395 fulmen
1084 361 1120 388 ab
1139 372 1208 391 arce
1227 363 1317 392 venit.

301 414 438 444 Ceterum
458 414 588 443 admirari
615 413 644 442 in
662 413 759 441 fabula
775 413 842 440 licet
864 412 957 440 virum
982 411 1149 440 Latinarum
1176 413 1321 442 literarum
1343 412 1440 441 studio
1461 413 1504 442 sic
1526 414 1686 450 imbutum,
1708 420 1740 443 ut
1757 414 1812 443 tibi

299 467 422 502 optimae
438 466 536 494 aetatis
560 465 672 501 poetam
692 465 789 493 audire
807 464 928 492 videaris
940 484 950 499 ‚
972 470 1027 492 tam
1048 471 1151 499 purum
1169 464 1254 492 habet
1272 464 1320 492 illa
1337 463 1515 499 antiquitatis
1541 467 1678 495 colorem.

337 516 434 545 Globo.
476 516 532 544 Pro
557 514 739 544 multitudine
761 522 819 543 vox
846 514 934 543 Livio
960 513 1103 550 imprimis
1124 514 1154 543 in
1179 514 1288 544 deliciis
1313 513 1384 544 Lib.
1405 518 1427 546 Ι.
1457 525 1520 552 cap.
1547 524 1593 545 12.
1633 537 1651 553 „
1671 516 1706 545 In
1727 527 1811 554 eum,

300 587 318 601 „
339 567 406 596 haec
419 568 592 605 gloriantem
618 576 684 595 cum.
705 566 785 604 globo
805 566 1046 603 ferocissimorum
1062 566 1201 602 juvenum
1231 567 1371 595 Romulus
1393 568 1526 604 impetum
1543 567 1651 602 fecit’'
1670 567 1740 599 Lib.
1756 568 1813 598 111·

297 627 347 654 cap
377 627 427 653 47.
460 639 477 654 „
492 618 589 655 globus
615 619 765 647 mulierum
793 618 1095 654 circumstantiumque
1111 616 1351 647 advocatorum.”
1375 617 1464 648 Conf.
1483 617 1555 647 Lib.
1571 618 1596 647 Ι.
1620 627 1685 656 cap.
1704 627 1722 656 5
1737 626 1765 648 et
1780 628 1811 656 9.

297 669 367 698 L1b.
386 670 426 700 11.
454 680 520 707 cap.
540 680 591 708 29.
614 670 684 699 Lib.
700 671 786 699 VIII.
811 680 875 707 cap.
896 680 944 708 32·

332 729 478 758 praecoces
499 722 667 751 vindemias.
717 721 857 751 Similiter
877 722 1003 751 Colum„
1024 721 1095 751 Lib.
1114 721 1168 751 111.
1194 730 1259 759 cap.
1278 729 1328 751 21.
1367 741 1385 758 „
1400 721 1519 750 amittat
1543 719 1715 751 vindemiam
1728 729 1814 761 prae-

299 773 428 801 cocttem''
449 780 477 802 et
494 773 578 810 Virg.
599 773 711 809 Georg.
735 772 804 801 Lib.
821 773 859 803 11.
881 782 925 804 vs.
944 780 1013 809 5-21.

584 824 627 852 Et
645 825 742 853 varios
761 824 843 862 pom’t
855 823 938 860 fetus
959 829 1117 853 autumnus
1130 843 1140 858 ‚
1163 829 1190 851 et
1210 823 1278 853 alte*-

586 875 674 903 Mt'tis
693 877 725 903 in
746 878 856 914 apricis
876 877 1012 914 coquitur
1031 876 1179 906 vindemia
1199 878 1290 907 saxis.

341 926 458 955 Galliae
478 926 504 954 T
502 933 611 963 agatae.
652 926 786 962 Antiquo
810 926 1007 956 Romanorum
1032 938 1111 958 more
1136 929 1178 957 sic
1200 930 1325 965 appellat
1339 927 1463 957 Galliam
1486 928 1664 965 Cisalpinam
1682 928 1744 958 sive
1761 930 1815 958 Ita-

298 977 363 1006 liam
387 977 574 1013 superiorem.
616 977 749 1006 Fortasse
767 984 860 1006 tamen
879 979 1004 1008 Faernus
1027 980 1079 1009 hac
1104 979 1199 1009 fabula
1224 989 1284 1009 non
1309 979 1478 1016 simpliciter
1501 986 1529 1008 et
1552 980 1582 1008 in
1605 988 1708 1016 genere
1729 979 1817 1009 vitam

299 1029 418 1057 aulicam
449 1036 548 1058 notare
570 1027 684 1064 voluit,
707 1030 758 1057 sed
785 1029 894 1058 Galliae
924 1029 1054 1065 Togatae
1075 1031 1221 1059 mentione
1242 1030 1361 1059 innuere
1386 1030 1602 1066 potentissimas
1626 1038 1660 1058 eo
1686 1036 1817 1065 tempore

300 1080 398 1109 Italiae
432 1079 590 1116 superioris
615 1079 747 1108 civitates
763 1081 920 1116 Venetam,
942 1080 1209 1113 Mediolanensem,
1230 1081 1444 1116 Florentium,
1465 1079 1552 1116 anas,
1575 1088 1692 1116 quarum
1711 1079 1818 1116 opibus

298 1139 362 1159 cum
387 1130 435 1158 alii
460 1130 565 1165 multi,
587 1136 647 1158 tum
678 1137 705 1158 et
731 1138 834 1166 poetae
860 1132 1078 1166 alliciebantur,
1100 1140 1175 1167 quos
1195 1139 1290 1160 tamen
1308 1140 1368 1161 non
1389 1140 1457 1160 raro-
1475 1131 1635 1160 intestinae·
1650 1138 1744 1159 rerum
1763 1138 1817 1166 pu-

304 1181 442 1210 blicarum
465 1180 623 1209 discordiae
646 1189 742 1210 secum
765 1181 794 1210 in
814 1181 924 1214 ruinam
945 1189 1105 1214 traxerunt.

334 1240 406 1264 Pars
423 1233 617 1263 revertissent.
658 1233 766 1269 Figura
780 1252 790 1267 ‚
813 1234 961 1266 sexcentis*
982 1235 1055 1265 locis
1076 1235 1105 1265 in
1126 1242 1254 1265 veterum
1275 1235 1391 1272 scriptis
1412 1235 1572 1272 probanda.

336 1284 441 1311 Beatas
464 1298 495 1304 -
518 1282 614 1321 dapes.
656 1285 713 1313 Pro
741 1284 845 1319 lautis,
867 1285 1013 1321 opulentis
1041 1286 1184 1322 dapibus,
1214 1296 1273 1324 quo
1290 1295 1378 1316 sensu
1403 1286 1501 1315 beatus
1527 1285 1625 1315 multis
1651 1285 1724 1315 locis
1743 1285 1818 1322 apud

307 1344 421 1366 veteres
442 1337 589 1373 occurrit,
611 1337 652 1366 sic
673 1347 703 1367 v.
721 1347 746 1368 e.
772 1338 915 1369 Martialis
936 1341 1039 1377 Epigr.
1065 1340 1136 1369 Lib.
1157 1340 1210 1369 IX.
1233 1338 1325 1375 epigr..
1343 1339 1393 1374 76.
1413 1345 1460 1368 VS.
1479 1337 1508 1367 6.

589 1388 668 1417 Idem
689 1389 788 1419 beatas
809 1389 909 1420 lautus
930 1394 1062 1420 exstruit
1082 1394 1210 1420 thermas

584 1439 630 1468 De
651 1449 796 1469 marmore
816 1443 910 1477 omni,
932 1442 1009 1480 quod
1026 1444 1159 1480 Carystos
1178 1442 1304 1471 invenit.

303 1491 325 1520 i.
348 1500 374 1519 e.
397 1491 520 1518 thermas
542 1491 724 1528 magnificas,
747 1500 924 1523 summosas.

338 1541 429 1569 Foedo
457 1543 535 1569 exitu
556 1541 736 1572 desideratis.
778 1543 888 1572 Nescio
914 1553 950 1573 an
972 1544 1010 1573 ob
1036 1546 1139 1573 oculos
1167 1543 1298 1573 habuerit
1324 1544 1420 1572 locum
1444 1541 1546 1577 Livii,
1579 1542 1629 1577 qui
1652 1541 1682 1571 in
1707 1541 1817 1578 praef„

299 1593 368 1622 licet
393 1593 448 1620 alio
476 1601 562 1622 sensu
593 1592 690 1627 „inde
707 1592 842 1630 foedum,
863 1594 979 1631 inquit,
1010 1599 1144 1636 inceptu,
1167 1597 1284 1634 foedum
1310 1598 1411 1631 exitu,
1441 1595 1517 1633 quod
1538 1595 1643 1624 vites.”
1682 1595 1820 1624 Ceterum

301 1646 416 1674 videtur
440 1646 532 1674 eadem
558 1645 668 1674 ratione
692 1646 800 1675 dictum
827 1655 908 1682 esse,
931 1649 1035 1683 quade
1061 1649 1175 1686 proelio
1199 1649 1276 1686 apud
1304 1648 1391 1677 Cae-S.
1416 1647 1453 1676 Β.
1481 1646 1520 1675 C.
1540 1645 1609 1675 Lib.
1623 1645 1650 1674 Ι.
1681 1653 1749 1681 cap.
1768 1651 1820 1682 51·

301 1696 406 1725 dicitur
436 1716 454 1730 ,‚
474 1695 629 1725 desiderati
645 1704 709 1725 sunt
726 1707 755 1726 eo
773 1697 818 1726 die
834 1699 985 1735 sagittarii
1010 1699 1160 1729 ducenti.''

341 1746 392 1776 Ad
409 1756 494 1784 quam
510 1745 622 1775 redacti
637 1749 815 1785 paucitatem
839 1758 913 1777 nunc
934 1759 1040 1779 sumus.
1081 1751 1202 1780 Curtius
1228 1750 1297 1779 Lib.
1318 1749 1374 1780 ΙΙΙ.
1402 1757 1469 1785 cap.
1490 1756 1517 1784 3.
1536 1748 1565 1776 in
1585 1747 1640 1776 fine
1670 1767 1688 1781 „
1703 1747 1816 1775 Darius

308 1820 326 1834 „
346 1804 445 1826 tantae
470 1797 663 1826 multitudinis
686 1807 759 1833 rex,
782 1799 851 1835 loci,
878 1801 914 1827 in·
936 1810 988 1838 quo
1012 1803 1175 1839 pugnavit,
1195 1803 1336 1839 angustiis
1356 1800 1488 1830 redactus
1505 1806 1544 1828 est
1569 1798 1610 1828 ad
1622 1805 1819 1837 paucitatem,

311 1871 329 1886 ,‚
348 1859 433 1887 quam
454 1852 484 1876 itt
505 1850 578 1877 hoste
597 1851 818 1879 contemserat.’'

344 1900 404 1929 Sub
424 1909 525 1929 corona
542 1900 672 1929 venditis.
714 1902 853 1931 solebant
871 1903 995 1933 Romani
1022 1904 1100 1933 bello
1122 1911 1242 1941 captos,
1271 1913 1335 1933 cnm
1359 1912 1410 1933 eos
1431 1910 1535 1932 venum
1558 1907 1750 1937 exponerent,
1771 1910 1821 1930 co-

308 1961 379 1980 rona
403 1952 534 1981 induere.
574 1952 640 1982 Vid.
668 1952 748 1981 Gen.
770 1953 814 1982 N.
836 1954 876 1983 A.
896 1954 969 1986 Lib.
990 1954 1060 1985 VII.
1080 1964 1150 1992 cap.
1169 1964 1199 1992 4.
1221 1962 1250 1984 et
1269 1955 1361 1985 Voss.
1386 1955 1421 1984 ad
1446 1954 1534 1983 Caes.
1560 1953 1593 1982 B.
1613 1952 1654 1982 G.
1675 1951 1749 1982 Lib.
1764 1951 1818 1983 111.

309 2011 374 2039 cap.
397 2003 445 2032 16.

1751 2155 1826 2186 FA-
