1919 2511
413 169 641 201 RESPONSIO
669 177 712 200 AD
740 166 1050 208 QUAESTIONEM
1078 166 1296 197 MEDICAM.
1576 176 1615 207 55

97 258 132 288 In
157 255 254 285 eodem
281 259 350 284 tunc
375 252 514 290 temporis
537 259 667 290 puncto,
690 260 748 287 quo
775 250 908 280 adductio
927 259 1039 279 sursum
1059 251 1093 279 ab
1115 251 1178 280 aliis
1200 249 1356 286 praescribi
1385 251 1478 286 solet,
1499 250 1610 285 chirur-

97 305 151 346 g'us
177 306 288 336 humeri
305 312 392 342 caput
412 304 547 334 interiora
563 311 591 333 et
609 303 746 333 inferiora
762 311 862 332 versus
885 303 1025 339 deprimat
1038 323 1048 338 ‚
1077 310 1104 332 et
1123 303 1257 339 reprimat
1278 302 1360 338 prius
1385 310 1401 330 a
1425 303 1555 338 scapulae
1574 303 1613 330 si-

94 362 147 390 n'u.
188 359 236 388 Ad
260 358 316 386 hoc
344 355 791 396 promovendumextensionem
816 363 915 391 parum
943 354 1086 383 dimittant
1114 353 1255 389 ministri,
1279 360 1310 382 ut
1327 354 1437 382 laxetur
1454 353 1614 389 subscapu-

94 410 179 440 laris:
203 417 270 437 mox
295 416 364 437 vero
389 415 539 450 repetant,
567 414 601 436 ut
628 407 702 436 liber
724 407 758 436 ab
785 408 836 436 ora
866 406 948 436 sinus
975 408 1134 443 humerus,
1166 407 1200 435 de
1224 415 1305 436 novo
1334 414 1434 443 parum
1462 405 1492 434 in
1516 405 1612 441 priora

94 461 221 494 ductus,
250 467 356 496 sponte
388 460 430 496 ita
451 460 480 489 in
508 459 601 488 sinum
625 460 777 488 naturalem
806 458 913 487 redeat.
961 459 1028 487 Hoc
1052 458 1155 487 iterum
1186 457 1289 486 melius
1317 457 1468 490 succedet,
1496 457 1610 492 quando

93 517 162 549 post
184 510 332 547 repetitam
358 510 433 540 illam
459 509 674 545 extensionem,
698 510 822 539 minIstri
842 517 934 539 totum
961 511 1106 540 brachium
1128 510 1272 539 dimittant
1298 510 1453 544 deorsum,
1474 514 1507 537 ut
1530 508 1613 539 cubi·

93 563 141 590 t'us
165 563 246 591 lateri
271 563 386 592 accedat
407 563 505 591 eodem
526 568 692 598 momento,
715 570 773 598 quo
795 561 947 599 chirurgus
972 569 1058 599 caput
1079 562 1193 591 humeri
1211 562 1362 599 superiora
1379 569 1481 590 versus
1504 560 1612 595 ducat,

94 623 122 646 et
141 617 172 646 in
190 618 341 646 articulum
363 617 544 654 propellat.'’

132 660 324 698 Commendat
347 668 412 697 dein
436 668 519 697 Bonn
542 667 669 706 (137),
690 667 715 697 si
741 667 828 698 validi
857 673 885 695 et
908 664 1049 695 contracti
1074 664 1199 694 musculi
1227 663 1402 693 robustioris
1431 662 1506 700 aegri
1530 662 1607 691 aliud

95 718 207 756 praeter
230 729 329 749 manus
354 720 489 749 auxilium
517 719 689 756 requirunt,
718 719 875 749 machinam
900 717 1160 754 Purmaunianam,
1188 716 1224 745 ab
1249 715 1449 753 expertissimo
1471 714 1607 750 chirurgo

95 768 220 800 Hussem
242 778 418 808 correctam,
439 771 560 808 ceteris,
583 778 615 800 ut
634 780 720 809 supra
740 771 849 800 dictum
869 776 932 805 est,
954 768 1124 798 observatis.

225 855 256 891 §-
276 863 323 885 η.
363 855 399 884 Β.
421 854 537 882 Hussem
558 853 697 891 (1782).
736 853 778 883 R.
801 852 896 882 Whtte
916 849 1017 888 (1736
1030 851 1059 888 ).
1101 850 1138 879 Ο.
1162 848 1199 886 J.
1219 849 1314 879 Evers
1334 849 1431 887 (1787
1441 849 1467 886 ).

130 935 354 966 Instrumentum
367 958 378 972 ,
400 938 479 973 quod
502 936 668 972 composuit
691 936 830 969 Hussem,
860 941 975 963 constat
993 933 1096 976 partim
1117 941 1150 961 ex
1172 932 1223 960 illo
1241 932 1395 961 Purrnanni
1416 932 1523 969 (138),
1544 940 1608 967 par-

90 985 142 1015 tim
169 996 203 1016 ex
229 997 285 1023 eo,
309 988 387 1023 quod
411 987 497 1017 nobis
523 987 643 1023 reliquit
666 987 780 1015 Auctor
796 987 826 1024 J.
849 985 889 1016 R.
912 987 995 1023 cujus
1016 984 1123 1013 mentio
1149 982 1181 1012 fit
1204 982 1234 1011 in
1259 982 1447 1011 Orationibus
1474 984 1605 1011 collectis

91 1045 106 1065 a
126 1037 172 1068 M.
194 1038 351 1075 Houttuyn
372 1040 490 1076 (¹39)-

128 1088 255 1126 Lignum
283 1090 370 1128 hujus
399 1089 581 1119 instrumenti
605 1088 814 1126 longitudinem
840 1088 927 1118 habet
949 1087 1035 1116 trium
1059 1085 1184 1122 pedum,
1221 1091 1249 1113 et
1272 1083 1450 1114 latitudinem
1479 1084 1607 1120 quinque

90 1140 231 1177 pollicum
256 1148 286 1170 et
305 1131 426 1170 dimidii.
467 1141 515 1170 Ad
545 1149 633 1170 unum
657 1147 814 1169 extremum
837 1140 917 1169 firma
939 1145 1010 1169 sunt
1035 1138 1190 1167 retinacula
1216 1136 1330 1172 lignea,
1364 1135 1393 1165 in
1419 1135 1525 1171 quibus
1548 1136 1606 1164 duo

89 1178 214 1227 cylindri
237 1192 275 1220 ita
299 1199 367 1221 sunt
387 1180 543 1228 dispositi,
574 1183 790 1227 utdenticuli,
822 1191 929 1227 quibus
948 1190 1033 1219 ambo
1055 1189 1200 1225 gaudent,
1229 1180 1262 1215 se
1283 1186 1405 1216 invicem
1428 1187 1606 1223 prehendere

88 1241 217 1277 possint.
257 1242 366 1280 Majori
387 1249 480 1272 autern
500 1243 631 1280 cylindro
655 1242 881 1272 firmum‘lorurn
897 1242 1011 1271 affixum
1036 1246 1102 1275 est,
1126 1245 1154 1267 et
1171 1237 1291 1267 minoris
1312 1237 1373 1266 axis
1391 1245 1538 1273 exuemo,
1559 1246 1609 1266 ex-

89 1297 133 1320 tra
159 1292 284 1329 ligneum
304 1294 495 1323 retinaculum
520 1294 664 1329 exstanti,
686 1294 866 1323 manubrium
890 1292 1046 1326 versatile,
1076 1299 1134 1327 quo
1162 1291 1279 1325 lorum,
1300 1289 1416 1317 hamulo
1445 1288 1539 1318 ferreo
1563 1288 1608 1319 in·

89 1349 253 1388 structum,
275 1345 427 1381 utriusque
451 1345 592 1383 cylindri,
617 1344 768 1374 denticulis
791 1354 823 1374 se
850 1344 975 1374 invicem
1005 1340 1276 1378 intercipientibus,
1305 1339 1451 1376 tenditur3
1475 1339 1520 1369 hIc
1545 1342 1607 1371 axis

87 1399 240 1430 versatur,
263 1402 310 1432 et,
331 1403 414 1426 tenso
430 1399 515 1433 loro,
537 1395 652 1425 retineri
667 1402 785 1432 potest,
808 1404 873 1424 cum
893 1403 1012 1432 quoque
1033 1395 1155 1423 alterum
1172 1390 1292 1420 minoris
1304 1390 1428 1428 cylindri
1448 1398 1604 1422 extremum

87 1439 242 1474 denticulis
267 1446 440 1476 instructum
462 1448 520 1483 sit⁷
550 1447 600 1483 qui
624 1446 744 1476 ferream
771 1446 888 1476 fibulam
914 1446 1078 1483 recipiunt,
1110 1444 1168 1480 qua
1191 1443 1344 1478 utriusque
1368 1443 1494 1479 cylindri
1515 1451 1608 1473 retro-

87 1491 185 1525 ffersio
208 1496 375 1534 impeditur.
415 1499 463 1527 Ad
488 1500 606 1528 alterum
625 1498 695 1536 ligni
716 1505 873 1528 extremum
899 1497 1099 1527 articulatione
1121 1494 1333 1532 ginglymo'idea
1354 1494 1487 1531 jungitur
1503 1495 1605 1525 lamina

87 1542 212 1583 cuprea,
234 1549 444 1584 quodammodo
468 1549 722 1587 quadrangularis,
752 1550 836 1587 cujus
865 1549 977 1578 interna
1001 1547 1191 1586 superficies,
1212 1554 1311 1581 parum
1339 1552 1491 1582 excavata,
1513 1553 1541 1584 et
1570 1548 1605 1576 ad

88 1594 320 1641 corporis-latus
346 1601 503 1641 vertenda,
525 1602 652 1631 molliori
671 1601 868 1638 integumento
890 1600 1010 1637 tegitur.
1061 1601 1094 1629 In
1115 1598 1231 1635 angulis
1257 1596 1346 1634 hujus
1371 1597 1490 1626 laminae
1517 1607 1605 1635 supe-

87 1644 215 1678 rioribus
237 1650 295 1679 duo
320 1653 381 1680 lora
401 1659 492 1688 sunt,
512 1662 599 1689 supra
621 1653 769 1681 humerum
795 1643 1011 1687 connectenda3
1034 1651 1069 1679 ad
1095 1649 1248 1679 inferiores
1274 1649 1394 1684 angulos
1419 1648 1534 1679 tertium
1560 1656 1605 1679 est

86 1692 201 1736 lbrum,
224 1700 304 1737 quod
325 1704 455 1733 laminam
479 1713 614 1741 cupream
644 1711 673 1733 et
700 1703 777 1740 aegri
809 1710 911 1740 pectus
936 1702 1131 1739 amplectitur.
1182 1699 1260 1728 Haec
1292 1698 1394 1728 lamina
1419 1702 1465 1729 vel
1488 1708 1602 1729 scutum

87 1754 376 1784 c‘ontra-extensioni
398 1755 529 1785 inservit.
568 1754 750 1784 Memoratur
770 1754 895 1791 denique
918 1756 1013 1783 lorum
1027 1774 1036 1789 ‚
1061 1752 1140 1789 quod
1160 1750 1280 1780 brachio
1304 1751 1404 1778 luxato
1424 1750 1602 1788 imponitur,

88 1794 115 1830 e't
137 1801 167 1831 in
186 1803 306 1841 tabula,
326 1805 356 1835 in
382 1807 440 1843 qua
465 1807 548 1836 etiarn
569 1815 657 1844 supra
680 1806 838 1845 descriptae
861 1812 958 1843 partes
979 1804 1199 1842 depinguntur,
1222 1801 1366 1831 invenitur
1387 1802 1503 1839 (140).

1524 1854 1605 1883 Whi-

124 1939 231 1976 (137)
254 1943 273 1970 l·
291 1951 315 1971 c·
339 1952 368 1977 p.
385 1951 427 1979 57.
716 1945 813 1980 (138)
839 1947 857 1974 l.
876 1954 901 1973 c.
925 1951 945 1973 t.
963 1951 988 1978 3«.
1011 1944 1063 1971 tab.
1081 1951 1107 1977 4.
1134 1950 1163 1977 p.
1179 1942 1241 1975 692.

125 1986 227 2021 (¹39)
254 1996 273 2016 t.
306 2009 316 2018 .
365 2010 373 2019 .

125 2031 142 2061 f
156 2034 227 2068 ¹40)
255 1998 452 2064 Vsrhagdfgss
471 2039 515 2065 het
532 2039 674 2066 Zeeuwsch
697 2039 892 2072 Genootschap,
917 2044 944 2070 9.
964 2037 1031 2063 deel.
1059 2035 1207 2068 Beschrijv.
1224 2041 1272 2061 van
1290 2041 1339 2061 een
1355 2033 1492 2061 verbeterd
1510 2034 1600 2059 Werk-

94 2078 148 2149 ¹:1¹3
172 2086 210 2108 ¹0!
235 2081 268 2109 de
287 2083 402 2113 herstell.
427 2093 474 2112 van
495 2093 542 2112 een
562 2086 708 2113 ontwricht.
729 2085 860 2112 Schouder
880 2084 945 2111 door
968 2085 1001 2111 B.
1021 2083 1133 2109 Hussem
1162 2082 1188 2115 ς.
1210 2089 1250 2116 ¹7.
1274 2089 1301 2114 p.
1319 2083 1361 2114 64.
1388 2088 1414 2107 et
1439 2082 1489 2107 tab.
1514 2088 1542 2113 p.
1559 2081 1600 2113 84.

94 2131 106 2149 a
123 2132 187 2158 Ject.
