1919 2511
337 160 372 190 28
586 155 809 187 CLAUDII
848 151 1076 183 HENR1CI
1116 133 1194 182 (sm
1237 153 1595 184 HERWERDEN

335 240 413 270 fecto
438 246 525 276 atque
542 238 772 269 luculentissime
795 235 1008 274 comprobant,
1029 233 1167 264 Carolum
1188 235 1328 273 Magnum
1352 236 1493 266 institutis
1514 238 1594 274 suis,
1615 239 1649 268 ad
1668 239 1846 272 excitandum

334 294 429 323 denuo
449 293 604 322 litterarum
629 299 775 328 amorem,
796 299 855 320 non
880 291 964 326 plane
985 287 1142 323 fefellisse,
1174 296 1257 322 quem
1283 288 1418 324 petebat,
1441 297 1561 324 scopum
1577 309 1587 325 ,
1610 291 1745 320 ecclesiae
1773 293 1849 322 chri·

336 345 443 374 stianae
462 345 684 373 emolumentum
702 349 789 378 atque
801 341 966 370 utilitatem.
1008 339 1084 368 Nam
1108 337 1258 366 efficaciam
1283 346 1380 366 eorum
1409 346 1467 367 non
1490 340 1563 367 ultra
1589 339 1659 368 noni
1679 341 1769 370 seculi
1790 349 1848 371 ter-

334 396 428 425 minos
443 404 621 433 progressam
643 403 727 429 esse,
750 393 826 421 haud
843 393 882 420 ita
902 391 1008 420 factum
1029 396 1072 418 est
1091 388 1271 418 conaminum
1292 389 1352 426 ejus
1375 389 1590 425 imbecillitate,
1612 399 1696 426 quarn
1711 393 1846 428 perversa

334 446 435 483 potius
460 446 550 474 seculi
571 446 688 480 indole,
711 450 971 477 successorumque
996 440 1100 477 spiri-tu
1129 439 1208 469 anili.
1250 440 1382 477 Quorum
1411 447 1600 478 utrorumque
1626 443 1669 471 uti
1692 444 1764 474 hanc
1787 453 1846 474 non

332 496 417 526 facile
442 505 598 533 superare,
620 496 658 524 ita
682 495 757 524 illam
785 499 960 523 commutare
988 490 1107 519 omnino
1131 499 1191 519 non
1217 497 1342 526 poterat.
1383 491 1522 521 Evaserat
1546 501 1581 522 eo
1609 495 1666 531 jam
1688 502 1778 524 aetate
1794 498 1846 526 sua

334 549 426 576 multo
442 546 575 583 superior
590 546 734 581 Carolus,
760 545 840 581 quod
859 544 967 573 litteras
985 551 1001 570 e
1018 540 1145 571 tenebris
1162 541 1192 570 in
1208 543 1299 571 lucem
1317 549 1511 579 protraxerat,
1532 552 1564 573 ac
1582 553 1705 574 amorem
1729 555 1823 576 earum
1837 568 1848 583 ,

331 602 388 638 jam
411 599 596 635 consopitum
611 619 621 635 ,
644 599 674 628 in
701 598 802 627 animis
824 598 919 626 denuo
950 594 1112 625 suscitarat.
1153 593 1202 624 Sic
1226 593 1272 622 via
1299 600 1394 629 aperta
1414 601 1494 630 erat,
1513 603 1544 624 ac
1563 601 1672 633 strata,
1696 597 1731 626 ad
1751 599 1850 634 purio-

335 659 393 679 rem
411 651 634 686 uberioremque
659 649 819 679 divinarum
838 656 933 677 rerum
952 646 1167 684 cogni-tionem,
1191 654 1262 682 quae
1280 645 1476 676 exercitationi
1496 647 1651 685 studioque
1668 649 1847 688 litterarum,

334 702 425 732 veluti
440 701 627 733 fundamento
638 721 650 738 ,
677 706 876 738 superstructa
892 705 949 729 est.

483 805 514 841 5.
537 811 567 834 2.
610 803 656 832 Da
672 803 813 831 institutis
837 810 870 830 ac
889 801 999 828 meritis
1018 798 1116 827 Caroli
1133 799 1262 837 Magni,
1279 800 1324 830 ad
1338 801 1540 831 emendandam
1556 804 1697 833 racionem

693 852 885 893 praedicandi
903 850 1060 881 hominibus
1080 851 1242 888 religionem
1264 850 1473 883 Christianam.

373 958 421 987 Ad
443 957 649 987 sublevandum
669 966 828 992 sacrarum,
849 964 944 985 coram
965 956 1099 992 populo,
1120 955 1294 986 concionum
1319 956 1510 987 habendarum
1524 977 1534 993 ,
1556 957 1700 994 officium,
1722 957 1846 987 Carolus

332 1008 461 1046 Magnus
496 1009 692 1039 sacerdotibus
727 1009 872 1045 ingentem
907 1016 992 1044 opem
1027 1007 1137 1036 attulit.
1187 1007 1276 1036 Dedit
1311 1008 1412 1037 serlem
1440 1008 1618 1045 lectionum,
1648 1018 1721 1045 quae
1746 1017 1850 1038 vocan-

331 1067 379 1088 tur
400 1061 486 1097 (1);
509 1069 580 1096 quae
598 1060 722 1088 fortasse
743 1059 800 1088 fuit
825 1059 875 1088 illa
897 1066 1038 1088 sacrarum
1057 1058 1242 1094 orationum,
1261 1068 1276 1087 e
1295 1059 1426 1096 patribus
1444 1059 1539 1095 facta,
1567 1060 1722 1095 collectio,
1745 1067 1850 1095 quam,

333 1111 448 1140 duobus
464 1111 683 1146 voluminibus,
704 1111 862 1140 Alcuinurn
888 1111 973 1148 jussu
995 1111 1057 1147 ejus
1077 1109 1259 1145 coniecisse,
1280 1110 1417 1146 antiquus
1443 1111 1530 1148 hujus
1556 1111 1631 1140 vitae
1652 1117 1753 1139 auctor
1780 1117 1850 1146 pro-

332 1162 404 1190 didit
425 1162 515 1199 (2);
541 1171 636 1198 quae,
660 1162 751 1198 qualis
775 1161 883 1196 fuerit,
902 1160 957 1190 viri
975 1161 1054 1189 docti
1077 1161 1245 1191 dubitarunt
1269 1162 1345 1199 (3).
1387 1162 1484 1200 Quum
1505 1161 1645 1191 lectiones
1667 1169 1756 1196 vero,
1778 1168 1852 1197 quae

331 1220 477 1242 nocturno
500 1214 592 1242 cultui
616 1213 832 1249 inserviebant,
852 1221 905 1243 nec
930 1219 1012 1248 aptae
1040 1212 1109 1241 satis
1133 1211 1258 1241 consilio
1279 1221 1333 1241 suo
1360 1221 1424 1242 esse
1446 1213 1638 1248 viderentur,
1659 1220 1712 1241 nee
1736 1220 1752 1240 a
1772 1211 1851 1241 vitiis

332 1265 501 1300 mendisque
518 1264 586 1293 satis
611 1264 775 1299 immunes,
803 1264 929 1293 Carolus
953 1263 1057 1293 Paullo
1074 1263 1208 1294 Diacono
1239 1265 1402 1301 mandavit,
1423 1272 1456 1294 ut
1477 1271 1607 1294 accurate
1638 1264 1778 1301 inspectis
1803 1271 1852 1300 pa-

330 1322 408 1344 trum
434 1322 600 1345 sanctorum
625 1315 781 1352 operibus,
803 1316 962 1344 nonnullos
981 1315 1126 1344 flosculos.
1143 1324 1158 1344 e
1179 1315 1393 1344 florentissimis
1415 1324 1515 1345 eorum
1542 1315 1631 1352 pratis
1650 1315 1802 1352 seligeret,
1818 1321 1850 1343 ac

334 1366 364 1396 in
381 1375 469 1396 unum
484 1367 575 1396 veluti
593 1373 700 1396 sertum
716 1374 866 1395 amoenum
884 1373 913 1395 et
937 1366 1008 1395 utile
1025 1373 1149 1404 aptaret.
1189 1367 1283 1405 Quam
1300 1367 1501 1397 collectionem
1520 1376 1559 1396 ex
1577 1365 1746 1401 Ambrosii,
1767 1365 1850 1394 Hila-

332 1417 368 1444 rii
385 1437 396 1452 ‚
423 1418 612 1455 Augustini,
643 1417 847 1455 chrysostomi
868 1438 879 1454 ,
907 1417 1015 1447 Leonis
1037 1439 1049 1454 ,
1076 1418 1214 1455 Gregorii
1239 1419 1363 1455 magni,
1403 1417 1550 1448 Severiani
1580 1415 1772 1446 concionibus
1793 1415 1853 1445 fac-

334 1473 389 1495 tam
408 1468 491 1504 (4)‚
514 1478 602 1505 quum
626 1469 690 1506 ipse
709 1476 817 1498 attente
840 1469 1068 1504 examinaverat,
1090 1468 1228 1498 ecclesiae
1252 1469 1398 1506 legendam
1419 1469 1517 1505 dedit,
1539 1468 1677 1497 munitam
1699 1467 1777 1505 regia
1800 1468 1853 1497 sua

333 1517 503 1546 auctoritate
519 1520 597 1555 (5).
639 1520 736 1558 Hujus
761 1520 876 1557 generis
905 1520 980 1549 liber
1000 1519 1077 1549 forte
1103 1518 1194 1549 fuerit
1222 1520 1457 1557 euangeliorum,
1485 1519 1535 1556 qui
1555 1525 1699 1555 vocatur,
1719 1527 1735 1547 a
1753 1517 1855 1548 Gode-

332 1570 428 1598 scalco
446 1569 642 1605 conscriptus.
686 1571 835 1608 Quilibet
852 1579 918 1599 cum
945 1579 1004 1600 non
1025 1570 1083 1600 nisi
1099 1579 1114 1599 e
1130 1570 1267 1601 versibus
1289 1571 1402 1608 aliquot
1424 1570 1495 1599 mihi
1516 1576 1605 1600 notus
1629 1570 1689 1606 sit,
1711 1577 1807 1606 quos,
1825 1568 1853 1596 ei

335 1619 510 1658 inscriptos,
528 1620 708 1657 Bouquetius
725 1622 861 1659 exhibet,
882 1622 993 1659 fateor,
1014 1627 1059 1652 me'
1078 1623 1218 1653 rati-onem
1233 1624 1294 1660 ejus
1314 1629 1402 1658 atque
1422 1621 1575 1651 consitium
1597 1621 1686 1656 plane*
1707 1619 1851 1655 ignorare.

335 1669 410 1699 Nam
432 1680 526 1707 neque
551 1680 652 1701 versus
679 1672 721 1702 illi
745 1673 898 1710 quicquam
926 1674 1078 1704 continent
1093 1695 1104 1711 ,
1133 1684 1168 1705 ex
1193 1684 1251 1712 quo
1273 1674 1443 1712 scrIptionis
1466 1673 1543 1704 illius
1569 1680 1673 1703 natura
1694 1681 1853 1710 cognosca-

334 1728 383 1750 tur
402 1721 480 1759 (6).
520 1722 654 1759 Denique
675 1724 800 1753 Carolus
815 1724 971 1754 conciones
989 1726 1123 1762 quasdam
1140 1726 1279 1764 Gregorii
1295 1725 1419 1763 Magni,
1442 1724 1623 1761 aliorumque
1641 1724 1852 1754 excellentioris

336 1772 443 1809 ingenii
458 1773 632 1809 doctorum,
646 1773 676 1803 in
693 1777 871 1805 vernaculam
896 1776 1021 1813 linguam
1044 1778 1191 1808 transferri
1210 1778 1340 1808 curavit:
1363 1786 1398 1807 eo
1420 1777 1564 1813 consilio,
1588 1782 1620 1805 ut
1638 1776 1721 1806 latini
1743 1781 1853 1804 sermo-

336 1823 381 1854 nis
398 1823 489 1862 ignari
510 1825 641 1855 homines
665 1832 694 1855 et
713 1827 831 1863 clerici,
850 1834 899 1856 aut
918 1829 968 1863 qui
993 1829 1053 1856 ruri
1075 1838 1157 1860 sacro
1180 1838 1298 1860 munere
1321 1828 1529 1862 fungerentur,
1549 1828 1706 1862 haberent,
1727 1825 1807 1862 quod
1821 1831 1851 1855 et

1808 1876 1853 1914 ip-

373 1968 389 2002 (
404 1976 413 1996 ι
426 1969 442 2003 )
460 1969 520 1997 Vid.
533 1971 625 2004 Epist.
634 1972 725 2001 ea-roli
739 1974 765 2001 in
779 1974 912 2004 humiliar„
923 1975 1005 2002 Paulli
1020 1975 1096 2004 Diae.
1111 1981 1151 2008 ap.
1167 1975 1258 2007 Bouq.
1272 1980 1299 2007 Ρ.
1310 1973 1373 2001 622·-

373 2015 439 2051 (2)
460 2018 530 2051 opp.
551 2024 569 2044 t.
583 2019 600 2045 1.
619 2026 644 2046 c.
660 2026 700 2046 12.
717 2027 744 2052 p.
762 2022 818 2048 181.
957 2020 1023 2056 (3)
1042 2022 1103 2049 Vid.
1121 2020 1260 2048 schr6ckh
1271 2039 1280 2052 ,
1299 2026 1319 2048 t.
1335 2019 1406 2047 XIX.
1422 2026 1449 2053 p.
1464 2026 1514 2054 419
1530 2026 1571 2052 sq.

371 2059 437 2096 (4)
455 2063 519 2090 Vid..
531 2064 684 2096 schrockh,
701 2067 758 2093 1.,1.
773 2073 799 2099 p.
811 2073 875 2100 420.
1009 2066 1075 2102 (⁵)
1093 2068 1180 2100 Epist.
1193 2068 1220 2093 in
1233 2067 1324 2093 homil.
1343 2072 1399 2093 etc.

371 2107 437 2143 (6)
455 2110 507 2143 Ap.
524 2111 630 2144 Bouq„
649 2119 750 2145 p.401.
