1919 2511
300 147 343 172 ιο
638 132 973 168 GERARDI
1024 125 1448 161 SANDIFORT

373 223 427 256 Sic
458 229 491 256 et
517 223 658 255 aiterum
688 219 813 253 effluxit
834 229 854 250 a
882 217 1011 250 condita
1036 214 1214 247 Academia
1237 214 1406 254 seculum,
1429 217 1462 246 et
1479 210 1658 244 Academia
1681 211 1769 252 Lug·

311 279 564 320 duno-Batava,
579 284 626 311 tot
644 283 775 320 tamque
794 274 929 308 diveisis
947 284 975 305 0
976 270 1188 304 ilamitatibus
1208 280 1253 313 pr
1250 279 1315 302 ore
1328 270 1438 301 seculo
1457 267 1596 307 afflicta,
1612 265 1772 309 gloriaba-

305 341 381 377 tur,
413 335 501 379 quod
529 334 570 367 ab
600 335 733 366 ineunte
763 332 825 363 hoc
851 330 961 362 seculo
975 353 984 369 ,
1019 337 1124 370 usque
1153 326 1195 358 ad
1225 327 1295 366 ejus
1330 325 1474 365 exitum,
1507 323 1604 356 nullis
1627 322 1769 365 abrupta

309 391 416 424 turbis
441 391 658 434 tranquillitas
679 394 712 421 et
735 397 851 420 secura
876 386 968 428 quies
999 381 1179 416 cu1t01ibus
1201 384 1379 414 Musarum
1398 378 1585 423 contigisset
1601 378 1690 421 (α),
1710 387 1773 411 nec

311 447 364 482 alii
384 449 559 491 cuiquam,
581 447 646 478 ulla
669 446 704 477 in
725 455 780 484 re,
804 443 917 475 cedere
938 439 1118 473 debuisset.

378 506 515 536 Festum
533 502 610 535 illud
639 501 785 533 seculare
811 500 949 531 alterum
964 522 973 538 ‚
998 507 1057 540 pro
1077 496 1124 528 rei
1151 493 1306 538 dignitate
1328 494 1519 538 gravissima
1537 493 1708 532 oratione,
1729 499 1772 522 ex

309 558 517 593 Medicorum
541 557 664 590 Ordine
686 556 894 589 Clarissimus
922 564 1198 586 HIERONYMUS
1228 562 1361 584 nAvm
1382 562 1583 590 canutus,
1613 557 1718 592 quum
1740 551 1773 579 et

312 616 366 648 hic
384 615 479 648 tertia
506 615 576 648 viee
601 613 801 646 Academiae
821 612 1051 654 magistratum
1071 608 1252 641 successori
1276 607 1420 640 traderet
1432 631 1445 648 ,
1466 605 1648 638 celebravit.

374 674 588 713 Quantopere
611 668 797 702 laetabatur
817 666 1026 701 venerandus
1058 667 1185 705 Senex,
1217 669 1249 695 et
1278 674 1356 696 cum
1376 674 1417 695 eo
1437 667 1503 694 tota
1519 671 1598 704 gens
1624 663 1775 699 Batava,

310 726 399 770 quod
432 724 660 769 antiquissima
691 724 892 764 Academia,
920 721 1127 766 splendIdum
1162 721 1327 761 majorum
1357 723 1635 757 monumentum,
1660 715 1769 749 divina

310 783 443 823 juvante
468 782 661 822 clementia,
684 780 726 813 ad
749 790 919 811 summum
938 776 1058 821 gloriae
1085 777 1216 809 culmen
1239 780 1454 818 pervenerat,
1478 780 1510 806 et
1530 771 1683 816 quamvis
1708 770 1773 804 for-

310 843 342 869 te
376 837 549 880 splendore
581 835 652 868 aliis
688 833 875 868 Academiis
907 835 1017 866 minus
1046 832 1201 875 fulgeret,
1231 829 1400 864 doctrinae
1424 836 1537 862 tamen
1559 828 1709 861 ubertate
1734 837 1775 859 ac

312 893 514 936 praestantia
533 891 618 924 bene
636 892 748 923 multis
772 890 843 922 aliis
861 891 1006 932 palmam
1033 889 1247 931 praeriperet.

371 947 461 980 Nihil
477 958 553 990 ergo
573 946 744 987 obstabat,
768 946 944 988 quominus
967 943 1102 987 quaevis
1125 953 1284 986 prospera
1307 944 1344 975 in
1365 942 1517 974 futurum
1543 945 1775 983 auguraretur.

368 1003 514 1036 Extollat
539 1002 720 1034 Germania
757 1011 835 1033 suos
865 1012 1141 1040 swmreuros,
1173 1010 1409 1038 1111101105,
1433 1008 1632 1036 nummos,
1657 1007 1777 1028 enm·-

306 1070 456 1100 mzuos,
479 1076 522 1083 —-
555 1056 677 1089 Russia
711 1068 944 1097 PALLADES,
967 1074 1012 1082 —
1047 1055 1164 1088 Suecia
1201 1066 1430 1094 nummos,
1462 1063 1708 1093 BENZELIOS,
1732 1069 1776 1077 —-

308 1115 420 1158 Anglia
448 1125 614 1148 eunucu
627 1125 711 1155 108,
742 1125 1018 1153 LETTSOM1OS,
1052 1123 1249 1153 SHAVIOS,
1274 1129 1313 1137 -
1348 1110 1521 1143 Lusitania
1554 1119 1718 1149 sausos,
1742 1112 1774 1141 et

313 1169 397 1202 bene
421 1170 540 1203 multos
571 1169 650 1201 alios
665 1193 677 1210 ,
704 1169 767 1211 ipsi
797 1167 1000 1201 celeberrimi
1019 1166 1054 1199 hi
1077 1168 1156 1208 viri,
1186 1177 1257 1199 sese
1286 1166 1384 1208 hujus
1403 1165 1602 1200 Academiae
1626 1165 1782 1197 alumnos

308 1225 430 1267 fuisse,
453 1224 516 1259 sibi
537 1224 629 1258 laudi
647 1230 678 1258 et
700 1225 821 1268 gloriae
851 1225 971 1257 ducere
992 1234 1062 1256 11011
1085 1222 1360 1266 dedignabantur,

372 1341 423 1371 An
447 1346 528 1372 vero
549 1337 593 1370 ab
616 1338 669 1370 illo
692 1342 839 1380 tempore
862 1345 971 1380 aequo*
993 1346 1098 1379 passu
1121 1336 1221 1370 crevit
1252 1335 1351 1377 hujus
1374 1334 1573 1367 Academiae
1594 1332 1683 1365 fama
1694 1336 1714 1368 ‘I
1731 1347 1780 1358 —·

308 1393 358 1426 Au
391 1402 477 1434 nos,
506 1395 577 1435 jure
601 1399 714 1426 nostro
728 1417 740 1434 ,
769 1392 862 1425 0111111
888 1403 1070 1434 possumus
1094 1391 1317 1425 Academiam
1340 1391 1681 1434 Lugduno-Batavam
1704 1391 1779 1422 aliis

307 1448 453 1490 palmam
471 1449 678 1491 praeripere,
702 1459 804 1491 eoque
829 1448 986 1491 gloriari?

373 1505 558 1536 Possumus
579 1509 668 1536 certe
690 1510 722 1536 et
747 1514 811 1537 nos
833 1504 924 1536 hisce
952 1502 1069 1536 diebus
1092 1503 1223 1547 gloriari
1237 1527 1250 1544 ,
1276 1489 1366 1535 hanc
1390 1507 1543 1535 nostram
1565 1501 1778 1534 Academiam

311 1567 427 1590 rursus
437 1557 724 1591 docentiumfama
737 1583 746 1600 ,
757 1559 939 1601 piaesidim
943 1569 998 1589 um
1016 1565 1179 1600 apparatu
1191 1583 1203 1600 ,
1218 1569 1279 1601 pro
1296 1564 1486 1600 temporum
1510 1561 1702 1589 nostrorum
1725 1567 1778 1589 ra-

312 1614 399 1645 tione
425 1612 580 1646 omnibus
610 1614 757 1646 numeris
782 1613 957 1654 absoluto,
978 1618 1010 1645 et
1039 1613 1240 1646 (hscentium
1262 1623 1426 1653 numero,
1449 1611 1614 1655 diligentia
1637 1623 1677 1644 ac
1705 1623 1779 1644 mou

316 1679 392 1702 rum
412 1668 573 1712 probitate
588 1693 600 1710 ,
620 1680 689 1702 non
716 1675 845 1702 tantum
868 1680 937 1701 non
963 1668 1117 1702 infimum
1146 1671 1233 1702 inter
1262 1674 1386 1702 ceteras
1410 1670 1565 1711 Europae
1584 1658 1785 1700 Academias-

314 1724 424 1757 locum
450 1735 614 1768 occupare
630 1749 645 1767 ,
672 1725 729 1758 sed
761 1730 794 1758 et
825 1735 903 1758 cum
919 1724 1086 1758 maximis
1119 1725 1161 1759 de
1186 1726 1373 1770 principatu
1404 1729 1571 1757 certamen
1603 1722 1687 1756 inire
1718 1732 1782 1756 noa

315 1779 447 1812 audere·

375 1835 445 1871 Sed.
463 1835 528 1869 hac
554 1837 589 1868 111
611 1846 648 1868 re
661 1836 789 1879 gloriari
810 1839 879 1869 Nos
894 1847 965 1870 non
983 1846 1186 1879 possumus,
1205 1838 1285 1880 quin
1316 1848 1448 1869 summ
1474 1848 1654 1869 Nummus
1674 1838 1781 1880 provi

316 1888 458 1923 alentiam
489 1891 738 1934 praedicemus,
762 1894 896 1936 ejusque
913 1893 951 1928 in
974 1892 1067 1926 hunc
1088 1894 1252 1955 populum
1273 1893 1391 1926 collata
1410 1891 1571 1925 beneficia
1594 1902 1671 1925 cum
1695 1894 1782 1936 grati

319 1946 421 2002 munti
443 1947 668 1985 testificatione
682 1957 917 1991 agnoscamus-J

1665 1994 1781 2033 Quae-

370 2100 429 2129 (a)
449 2110 470 2124 u.
487 2109 510 2124 n.
527 2108 543 2124 o
554 2108 664 2128 Αυηιῐ,
681 2101 761 2123 Oratio
779 2102 920 2133 panegyiicn
937 2102 1013 2125 habita
1031 2102 1070 2124 die
1087 2104 1099 2124 8
1118 2101 1185 2123 Fan.
1206 2107 1272 2130 17:⁹5.
1292 2109 1341 2132 pag.
1356 2104 1392 2130 36.
1409 2103 1466 2125 edit.
1483 2090 1506 2124 iii
1525 2108 1547 2132 4.
