1919 2511
136 846 430 904 Philosophormn
453 860 604 905 placitis,
628 868 857 905 quaecumque
881 859 956 893 inde
977 870 997 893 a
1017 861 1125 905 prima
1149 865 1311 897 vetustate
1334 860 1433 895 nobis*
1452 860 1609 894 innotue-

134 921 233 959 runt,
256 917 400 951 invicem
428 916 648 960 comparatis,
677 916 782 960 iisque
812 916 1008 959 praecipue,
1032 928 1118 961 quae
1147 924 1226 951 sunt
1248 918 1289 951 de
1312 919 1352 951 iis
1377 917 1498 959 rebus,
1523 927 1608 961 quae

132 973 279 1006 maxime
298 972 422 1006 cadunt
447 973 483 1006 in
505 972 685 1006 hominum
705 981 803 1005 curas
815 996 825 1014 ,
850 973 1092 1006 sententiarum
1110 974 1279 1007 dissensus
1303 985 1372 1008 non
1390 974 1511 1008 laetam
1528 983 1613 1016 pro-

132 1027 218 1061 fecto
242 1027 364 1073 ingenii
396 1029 538 1062 humani
569 1030 748 1073 imaginem
777 1029 933 1073 praebet3
964 1030 1053 1074 quod
1074 1041 1197 1074 vagans
1220 1031 1390 1075 ingenium
1416 1030 1522 1063 fixum
1546 1027 1610 1062 ali-

131 1083 222 1127 quod
246 1084 502 1127 adminiculum,
532 1095 599 1129 quo
625 1083 786 1118 innitatur
807 1083 983 1129 ipsamque
1010 1087 1182 1121 veritatem
1212 1088 1329 1121 melius
1361 1086 1607 1130 deprehendat,

132 1139 177 1173 ad
198 1139 263 1174 hoc
283 1150 389 1185 usque
409 1146 541 1186 tempus
558 1141 708 1175 nondum
724 1140 891 1176 invenisse
908 1140 1048 1176 videtur.
1094 1141 1162 1176 Hic
1181 1141 1458 1187 Dogmaticorum
1477 1143 1611 1185 jactan-

132 1198 216 1231 tIam
241 1197 471 1241 admiramur,
503 1199 559 1242 qui
582 1208 644 1232 suo
670 1207 763 1231 more
784 1197 938 1241 dogmata
957 1198 1120 1242 probant,
1153 1211 1239 1244 quae
1261 1200 1315 1233 alii
1336 1206 1477 1244 negant,
1501 1199 1609 1233 diver-

132 1255 178 1288 sis
200 1256 423 1300 argumentiS,
446 1256 633 1300 oppositam
655 1254 855 1290 sententiam
879 1254 1063 1299 probaturi.
1120 1257 1190 1290 Illic
1209 1258 1394 1301 Scepticus‚
1421 1256 1521 1289 talem
1544 1255 1610 1288 dis·

132 1321 269 1345 sensum
288 1312 417 1345 sociare
442 1313 576 1355 ignarus
609 1316 707 1356 atque
734 1317 885 1344 metuens
909 1323 951 1345 ne
976 1311 1120 1357 iniquius
1139 1313 1278 1356 judicet,
1302 1324 1323 1346 a
1345 1324 1411 1357 qua
1430 1317 1523 1356 parte
1547 1317 1612 1345 stet

133 1368 273 1411 veritas,
296 1368 337 1401 de
360 1367 517 1401 omnihus
543 1367 644 1401 rebus
671 1367 814 1408 dubitat,
839 1377 922 1411 quas
942 1371 1027 1403 ratio
1053 1369 1222 1410 humana,
1247 1369 1356 1403 dlvino
1380 1378 1520 1401 munere
1544 1367 1608 1400 110-

133 1428 241 1461 mines
270 1428 460 1471 ceteroquin
486 1427 591 1460 rudes
613 1426 746 1466 (locuit,
770 1426 865 1469 eique
890 1424 1105 1458 dubitationis
1130 1424 1255 1457 libidini
1278 1425 1360 1457 adeo
1382 1423 1546 1467 indulget,
1575 1429 1612 1457 ut

134 1495 176 1517 ne
209 1482 321 1517 credat
344 1483 479 1526 quidem
498 1492 551 1515 res
571 1487 726 1515 externas
755 1481 881 1515 adesse.
934 1481 1030 1514 Prior
1058 1481 1171 1513 furore
1195 1480 1359 1524 quodam,
1389 1490 1486 1513 sacro
1514 1480 1611 1513 dixe-

133 1539 218 1581 rim,
246 1539 436 1582 impulsus,
473 1541 642 1582 Dogmata
673 1537 835 1579 celebrat,
865 1548 950 1581 quae
983 1538 1194 1570 ratiocinium
1217 1537 1316 1569 nimis
1341 1536 1453 1570 audax
1480 1535 1605 1569 statuit.

132 1597 199 1629 Hic
222 1605 285 1628 nos
310 1595 443 1637 omnia,
466 1596 519 1628 ille
547 1595 629 1628 nihil
658 1605 721 1628 nos
747 1592 832 1627 seire
857 1592 1012 1625 affirmat.

176 1652 295 1685 Tristis
318 1662 387 1684 non
405 1656 538 1684 tantum
566 1662 683 1687 verum
711 1650 949 1685 infaustissima
975 1650 1060 1684 haec
1082 1661 1234 1684 enorum
1253 1650 1389 1684 historia
1414 1651 1526 1684 animo
1544 1650 1611 1684 110-’

137 1708 238 1743 minis
256 1709 426 1752 cogitantis
449 1709 597 1750 exsistit,
621 1709 677 1752 qui
690 1732 700 1750 ,
718 1708 938 1751 ingenio-tam
956 1706 1111 1740 imbecilli
1134 1712 1252 1749 natus,
1270 1717 1365 1751 spem
1382 1707 1509 1740 tamdiu
1531 1707 1614 1741 mit-

133 1771 201 1799 tere
226 1765 373 1808 cogitur,
403 1765 509 1799 donec
537 1766 649 1798 oculos
680 1774 773 1797 mors
799 1766 1010 1807 oppresserit.
1065 1765 1199 1797 Etenim
1235 1775 1312 1797 cum
1341 1763 1452 1798 variae
1482 1764 1549 1797 sint
1579 1770 1612 1796 et

134 1821 282 1855 diversae
306 1822 477 1865 opiniones
489 1846 505 1864 ‚A
522 1832 630 1866 neque
655 1820 819 1855 dissensio,
835 1821 909 1861 illa,
933 1832 994 1865 per
1011 1827 1059 1854 tot
1077 1822 1286 1855 saeculorum
1307 1822 1452 1864 spatium
1476 1822 1517 1853 sit
1536 1822 1613 1864 pla-

134 1883 227 1920 cata,
257 1879 402 1921 simplex,
425 1879 509 1912 ratio
540 1880 640 1912 aliam
665 1879 782 1911 exinde
806 1888 875 1910 non
897 1884 1006 1921 potest
1029 1878 1186 1911 reducere
1216 1878 1402 1921 argumenti
1427 1877 1611 1909 conclusio-

135 1944 212 1967 nem
221 1958 236 1976 „
255 1944 356 1977 quam
384 1940 442 1968 aut
462 1945 534 1967 esse
554 1936 726 1970 veritatem
750 1944 852 1979 penes
877 1934 938 1967 has
964 1941 1021 1968 aut
1052 1945 1154 1978 penes
1177 1936 1284 1968 nullas
1315 1935 1451 1968 omnino
1478 1934 1610 1978 lingan-

134 1991 219 2023 tium
246 1996 367 2034 parteS.
420 1993 527 2036 Atque
553 1993 658 2026 homo
677 1999 746 2026 tam
774 1995 920 2025 incertus
943 1998 1030 2024 errat
1059 1990 1095 2024 in
1124 1993 1306 2035 cognitione
1334 2001 1450 2024 earum
1476 1999 1608 2030 retum,

139 2057 224 2090 quae
253 2056 307 2078 res
331 2057 408 2079 cum
426 2059 466 2081 ea
491 2059 550 2093 spe
571 2060 675 2093 eaque
699 2050 763 2083 fide
781 2050 963 2083 arctissime
989 2051 1258 2092 conjunguntur,
1281 2047 1421 2092 quibus,
1444 2044 1610 2081 infortu-

138 2113 201 2135 nae
221 2102 378 2136 adversae
405 2115 556 2139 moerore
577 2112 609 2138 et
629 2107 737 2147 luctu,
771 2107 865 2139 dulce
894 2107 980 2139 inest
1005 2106 1172 2139 solanum.
1217 2106 1353 2139 Adeone
1380 2107 1475 2149 igitur
1503 2102 1610 2137 mise·

137 2158 243 2194 randa
262 2165 311 2192 est
330 2159 473 2194 hominis
496 2162 660 2196 conditio?
690 2160 854 2205 hominis,
879 2163 935 2206 qui
957 2173 992 2194 se
1018 2164 1191 2198 universae
1210 2167 1348 2196 naturae
1372 2163 1607 2195 ornamentum

945 2219 977 2251 A
998 2231 1017 2252 2
1556 2225 1613 2252 ⁰8⁶,
