1919 2511
687 178 1091 216 ORAT10.·
1601 207 1620 237 9

145 260 412 305 celeberrimus,
436 264 562 309 primus
579 265 734 310 explicuit
748 271 781 300 et
798 273 925 302 tantam
942 269 977 302 in
994 270 1206 315 Philosophia
1233 281 1345 306 rerum
1371 280 1618 314 conversionem

143 319 270 362 effecit,
302 326 338 353 ut
358 322 512 366 pleraque
536 316 685 357 veterum
704 323 923 367 Physicorum
948 327 1068 369 placita
1094 327 1176 361 falsa
1197 338 1270 361 esse
1294 330 1436 366 doceret.
1483 337 1546 368 Sed
1569 337 1619 371 vir

141 376 203 410 ille-
217 387 357 422 mag-nus
378 403 388 420 ,
418 379 538 411 diSerto
569 381 720 423 exemplo
741 379 873 424 primus
902 382 1060 417 indicavit
1092 393 1163 416 esse
1190 385 1323 427 quidem
1355 387 1617 435 Philosophiam,

141 432 250 475 quoad
263 442 407 476 scopum*
416 439 562 478 spectat,
587 446 712 469 rerum
734 437 959 471 Divinarum
979 445 1015 471 et
1038 442 1322 484 Humanarum,
1349 454 1619 491 causarumque

142 488 351 532 qicz'bus'lzcce
372 500 433 523 res
463 491 696 525 continentur
721 492 934 529 scientiam:
956 505 1073 530 verum
1098 497 1157 538 (ut
1179 498 1278 539 paulo
1302 499 1509 541 accuratius,
1539 504 1618 546 quid

138 546 182 577 sit
206 545 440 590 Philosophia,
473 548 647 582 definiatur
673 556 706 583 et
729 550 794 584 hac
823 551 1012 585 definitione
1036 554 1155 585 certior
1187 555 1240 587 via
1267 553 1451 599 indicetur,
1483 569 1549 601 qua
1573 561 1616 593 ad

138 600 369 645 Philosophiae
392 613 532 647 scopum
562 608 733 649 pervenire
758 607 853 652 licet)
884 608 995 642 docuit
1018 604 1188 652 praeterea
1202 633 1204 635 -
1220 610 1439 654 Philosophus
1466 615 1590 658 Anglus
1604 641 1614 658 ,

138 666 224 689 earn·
238 668 352 692 revera
381 670 451 692 esse
479 667 586 693 artem
608 663 675 696 sive
703 663 898 696 methodum
915 674 1001 708 qua,
1024 667 1112 700 velut
1136 667 1381 716 instrumento,
1396 668 1613 714 indagamus,

137 713 216 755 quid
241 718 357 748 ‘verum
386 705 458 750 sit?
489 717 567 760 quid
592 729 670 752 vero
692 720 838 755 falsum?
861 723 905 754 ita
935 728 973 756 ut
995 724 1108 756 utilem
1134 725 1252 757 exinde
1284 727 1436 758 notitiam
1467 729 1615 771 accipia-

135 779 232 812 mus,
255 781 333 805 vera
348 783 368 805 a
387 773 478 807 falsis
497 776 765 817 secernendiyet
789 779 858 819 sic,
883 779 972 822 quod
991 781 1207 823 praecipuum
1232 786 1299 822 est,
1323 781 1511 825 discamus,
1536 786 1613 827 qui-

134 837 216 859 nam
231 827 298 860 sint
320 829 458 872 limites,
483 831 540 874 qui
567 842 605 864 ea
633 833 935 878 comprehendant,
959 847 1044 880 quae
1070 839 1153 870 scire
1177 848 1355 881 possumus
1378 845 1410 872 et
1436 842 1612 876 excludant

133 885 191 924 oa,
214 894 298 927 quac
318 891 435 918 natura
450 912 459 928 ,
483 898 545 930 pro
565 889 656 921 tenui
669 888 865 933 intelligendi
886 892 1061 935 facultate,
1084 894 1181 927 nobis
1199 895 1375 938 subripuit.

176 943 305 974 Natura
320 943 469 974 materiei
483 945 876 989 cujuscunquecorporis
893 948 998 991 probe
1021 944 1147 993 cognita
1159 976 1168 992 ,
1192 956 1224 984 et
1243 951 1454 994 opinionibus
1470 952 1510 986 de
1531 964 1610 988 vera

131 997 201 1037 eius
224 996 333 1030 indole
354 999 434 1041 ipsis
456 998 742 1034 observationibus
763 1002 861 1045 plane
886 1005 1113 1048 confirmatis,
1137 1009 1245 1050 primo
1274 1009 1346 1042 loco
1379 1020 1513 1042 necesse
1540 1020 1612 1043 esse

130 1051 341 1096 judicabant,
365 1056 453 1098 quod
474 1055 554 1089 illud
581 1055 783 1101 principium
811 1062 1082 1096 constitueretur:
1107 1065 1308 1098 materiam
1336 1066 1614 1112 uniuscujusque

131 1110 297 1153 corporis
315 1111 473 1145 inertem
489 1116 597 1155 esse‚j
611 1120 722 1158 atque
738 1125 806 1148 saa
830 1123 968 1150 natura
985 1124 1062 1151 tam
1079 1121 1249 1163 perfecte
1278 1122 1546 1166 inanimatam,
1572 1130 1612 1158 ut

131 1167 199 1209 η’ἑς
217 1167 506 1212 ιιίἰίαεέο]Ῥονὶ5
525 1169 627 1214 quies
645 1172 703 1205 vel
714 1177 833 1204 motus
847 1197 857 1214 ,
882 1182 948 1206 nec
965 1174 1114 1208 interna
1130 1176 1342 1211 constitutio
1366 1188 1433 1212 nec
1455 1185 1611 1214 externa

118 1221 247 1263 facies
271 1229 314 1257 et:
325 1223 477 1268 figura,
509 1237 576 1260 saa
605 1228 750 1271 sponte,
781 1234 968 1263 mutetur:
994 1237 1027 1264 et
1057 1231 1122 1265 hoc
1145 1235 1364 1277 principium,
1397 1235 1608 1270 ulterioribus

127 1277 417 1314 observationibus.
441 1288 477 1315 et
501 1285 722 1327 experientia,
754 1285 798 1318 ab
823 1288 914 1319 omni
944 1294 1059 1331 parte,
1083 1292 1186 1333 magis
1209 1290 1379 1335 magisque
1405 1293 1605 1335 comproba-

124 1337 219 1376 tum,
242 1340 323 1380 quin
342 1341 449 1382 prima
473 1340 515 1373 sit
535 1348 674 1375 naturae
695 1344 748 1375 lex
769 1354 910 1388 eamque
931 1344 975 1377 ob
1003 1356 1140 1378 causam
1163 1348 1317 1390 princeps
1344 1348 1605 1392 Disciplinarum

123 1394 348 1437 Physicarum
359 1396 616 1430 fundamentum
633 1399 816 1440 habeatur,
839 1410 959 1438 nemo,
982 1399 1047 1432 hac
1062 1407 1190 1443 aetate,
1215 1402 1353 1437 dubitat.

127 1473 132 1478 .
165 1451 330 1484 Attamen
354 1450 530 1493 inertiam,
554 1465 619 1496 qua
646 1465 784 1497 corpora
812 1455 898 1487 inter
927 1454 1111 1488 inanimata
1135 1458 1355 1502 collocantur,
1377 1460 1477 1495 veluti
1495 1473 1606 1506 quan-

123 1505 203 1538 dam
228 1507 263 1540 in
288 1507 327 1540 iis
355 1509 490 1541 insitam
517 1511 584 1544 vim
607 1509 813 1544 resistentiae
834 1512 962 1555 Physici
993 1519 1081 1545 recte
1113 1513 1342 1556 considerant3
1374 1519 1494 1561 quippe
1519 1529 1603 1562 quae

125 1562 242 1596 inertia
259 1563 385 1598 viribus
403 1566 437 1598 in
456 1576 594 1608 corpora
622 1566 791 1609 agentibus
808 1578 847 1600 eo
864 1569 969 1611 magis
993 1570 1128 1611 (exacta
1153 1571 1276 1603 seilicet
1292 1574 1437 1614 ratione)
1460 1576 1601 1616 resistit,

122 1628 191 1663 ‘qu-o
219 1620 368 1664 pluribus
399 1620 571 1664 particulis
598 1633 736 1665 corpora
761 1622 828 1657 sint
859 1623 1053 1669 composita.
1100 1627 1174 1670 Agit
1192 1629 1289 1671 igitur
1311 1629 1395 1662 haec
1416 1630 1597 1663 resistentia

121 1679 354 1715 tantummodo
381 1685 413 1712 et
433 1679 580 1722 tamdiu,
612 1679 717 1714 donec
748 1683 894 1725 corporis
919 1688 1025 1715 status
1047 1693 1257 1727 quacumque
1281 1686 1386 1719 aliena
1409 1687 1441 1721 vi
1462 1688 1598 1720 omnino

120 1735 166 1774 sit,
188 1742 349 1770 mutatuS.

146 1795 196 1826 'Si
225 1804 344 1837 porro,
378 1796 444 1828 sive
476 1797 661 1839 pressiones
678 1821 688 1838 ,
720 1797 787 1831 sive
828 1806 1004 1841 corporum
1038 1804 1147 1831 motus
1180 1804 1300 1832 attente
1346 1800 1561 1835 observamus
1583 1822 1594 1840 ‚

119 1849 238 1882 exinde
255 1851 296 1883 ad
315 1851 404 1884 illam
421 1852 667 1885 conclusionem
690 1855 857 1897 cogimur,
881 1860 938 1887 aut
953 1865 1056 1887 unam
1078 1855 1145 1889 vim
1165 1857 1361 1899 singularem
1382 1863 1438 1889 aut
1455 1858 1600 1900 plurium

119 1908 384 1948 conjunctionem
402 1909 540 1950 adesse,
566 1919 630 1952 qua
646 1934 655 1951 ,
690 1911 758 1943 sive
781 1912 922 1943 mutatio
947 1911 1117 1954 corporis,
1148 1910 1216 1944 sive
1244 1913 1413 1945 translatio
1446 1913 1596 1946 efficitur.

118 1960 250 1996 Exinde
275 1965 428 1997 etlaliud
463 1964 684 2008 principium,
708 1965 783 1999 licet
809 1968 1010 2009 experientia
1041 1969 1200 2012 imperitis
1228 1980 1295 2002 non
1325 1971 1421 2013 plane
1450 1970 1600 2004 videatur

115 2019 379 2061 confirmatum,
412 2019 540 2053 ratione
567 2021 669 2062 duce,
698 2023 823 2066 percipi
853 2028 980 2065 potest5
1009 2023 1131 2057 scilicet
1162 2032 1313 2057 exactam
1343 2029 1512 2058 rationem-
1528 2035 1598 2058 esse

113 2074 205 2106 inter
230 2073 452 2108 intensitatem
477 2079 703 2121 cuiuscunque
728 2081 776 2112 vis
794 2103 804 2121 ,
834 2080 870 2111 in
893 2080 1124 2124 quodcumque
1156 2091 1275 2123 eorpus
1304 2081 1428 2124 agentis
1456 2077 1488 2113 et
1512 2083 1598 2113 inter

119 2131 294 2175 eflectum,
327 2134 361 2168 id
385 2140 435 2167 est
455 2159 465 2177 ,
502 2136 568 2170 sive
591 2139 796 2180 pressionem
810 2162 821 2180 ,
851 2137 920 2171 sive
949 2138 1167 2180 quantitatem
1192 2142 1303 2170 motus
1326 2138 1472 2180 corporis
1504 2137 1595 2170 moti.

891 2197 920 2227 B
1542 2193 1597 2227 Sic
