<?xml version="1.0" encoding="UTF-8"?>
<!DOCTYPE html PUBLIC "-//W3C//DTD XHTML 1.0 Transitional//EN"
    "http://www.w3.org/TR/xhtml1/DTD/xhtml1-transitional.dtd">
<html xmlns="http://www.w3.org/1999/xhtml" xml:lang="en" lang="en">
 <head>
  <title>
</title>
<meta http-equiv="Content-Type" content="text/html;charset=utf-8" />
  <meta name='ocr-system' content='tesseract 3.04.00' />
  <meta name='ocr-capabilities' content='ocr_page ocr_carea ocr_par ocr_line ocrx_word'/>
</head>
<body>
  <div class='ocr_page' id='page_1' title='image "annalesacademiae24rijk_0085.png"; bbox 0 0 1919 2511; ppageno 0'>
   <div class='ocr_carea' id='block_1_1' title="bbox 552 132 1582 173">
    <p class='ocr_par' dir='ltr' id='par_1_1' title="bbox 552 132 1582 173">
     <span class='ocr_line' id='line_1_1' title="bbox 552 132 1582 173; baseline 0.003 -10"><span class='ocrx_word' id='word_1_1' title='bbox 552 132 1128 165; x_wconf 57' lang='grc' dir='ltr'><em>ΛΝΝΘΤΑΤΙΘἲ</em></span> <span class='ocrx_word' id='word_1_2' title='bbox 1543 143 1582 173; x_wconf 65' lang='lat'><em>41</em></span> 
     </span>
    </p>
   </div>
   <div class='ocr_carea' id='block_1_2' title="bbox 618 401 1076 450">
    <p class='ocr_par' dir='ltr' id='par_1_2' title="bbox 618 401 1076 450">
     <span class='ocr_line' id='line_1_2' title="bbox 618 401 1076 450; baseline -0.002 -12"><span class='ocrx_word' id='word_1_3' title='bbox 618 403 685 438; x_wconf 77' lang='lat' dir='ltr'><em>Ad</em></span> <span class='ocrx_word' id='word_1_4' title='bbox 697 415 788 450; x_wconf 76' lang='lat' dir='ltr'><em>pag.</em></span> <span class='ocrx_word' id='word_1_5' title='bbox 800 406 843 438; x_wconf 81' lang='lat'><em>28</em></span> <span class='ocrx_word' id='word_1_6' title='bbox 853 428 863 440; x_wconf 87' lang='lat'><strong><em>.</em></strong></span> <span class='ocrx_word' id='word_1_7' title='bbox 888 404 974 438; x_wconf 71' lang='grc' dir='ltr'><em>ποτά</em></span> <span class='ocrx_word' id='word_1_8' title='bbox 989 401 1076 446; x_wconf 75' lang='lat' dir='ltr'><em>(w).</em></span> 
     </span>
    </p>
   </div>
   <div class='ocr_carea' id='block_1_3' title="bbox 105 482 1588 653">
    <p class='ocr_par' dir='ltr' id='par_1_3' title="bbox 105 482 1588 653">
     <span class='ocr_line' id='line_1_3' title="bbox 105 482 1581 553; baseline -0.001 -10"><span class='ocrx_word' id='word_1_9' title='bbox 105 482 309 553; x_wconf 74' lang='lat' dir='ltr'><em>Suincimus</em></span> <span class='ocrx_word' id='word_1_10' title='bbox 340 513 387 542; x_wconf 87' lang='lat' dir='ltr'><em>hic</em></span> <span class='ocrx_word' id='word_1_11' title='bbox 415 513 574 551; x_wconf 78' lang='lat' dir='ltr'>catalogum</span> <span class='ocrx_word' id='word_1_12' title='bbox 598 513 819 550; x_wconf 77' lang='lat' dir='ltr'><em>praecipuorum</em></span> <span class='ocrx_word' id='word_1_13' title='bbox 845 511 1039 549; x_wconf 73' lang='lat' dir='ltr'><em>scriptorum,</em></span> <span class='ocrx_word' id='word_1_14' title='bbox 1069 518 1141 547; x_wconf 86' lang='lat' dir='ltr'><em>quae</em></span> <span class='ocrx_word' id='word_1_15' title='bbox 1164 516 1225 538; x_wconf 81' lang='lat' dir='ltr'><em>tum</em></span> <span class='ocrx_word' id='word_1_16' title='bbox 1246 509 1363 546; x_wconf 81' lang='lat' dir='ltr'><em>addito,</em></span> <span class='ocrx_word' id='word_1_17' title='bbox 1386 516 1445 540; x_wconf 84' lang='lat' dir='ltr'><em>tum</em></span> <span class='ocrx_word' id='word_1_18' title='bbox 1473 521 1581 542; x_wconf 68' lang='lat' dir='ltr'><em>ormsso</em></span> 
     </span>
     <span class='ocr_line' id='line_1_4' title="bbox 105 562 1588 602; baseline -0.004 -5"><span class='ocrx_word' id='word_1_19' title='bbox 105 566 242 602; x_wconf 85' lang='lat' dir='ltr'><em>nomine,</em></span> <span class='ocrx_word' id='word_1_20' title='bbox 269 564 374 602; x_wconf 78' lang='lat' dir='ltr'><em>‚partim</em></span> <span class='ocrx_word' id='word_1_21' title='bbox 403 564 528 598; x_wconf 83' lang='lat' dir='ltr'><em>Latino,</em></span> <span class='ocrx_word' id='word_1_22' title='bbox 556 565 662 601; x_wconf 67' lang='lat' dir='ltr'><em>,partim</em></span> <span class='ocrx_word' id='word_1_23' title='bbox 692 564 809 602; x_wconf 85' lang='lat' dir='ltr'><em>Belgico</em></span> <span class='ocrx_word' id='word_1_24' title='bbox 832 572 964 593; x_wconf 80' lang='lat' dir='ltr'><strong>sermone</strong></span> <span class='ocrx_word' id='word_1_25' title='bbox 992 562 1080 592; x_wconf 85' lang='lat' dir='ltr'>edidit</span> <span class='ocrx_word' id='word_1_26' title='bbox 1105 569 1349 591; x_wconf 61' lang='lat' dir='ltr'><em>nemean-us.</em></span> <span class='ocrx_word' id='word_1_27' title='bbox 1403 563 1514 600; x_wconf 49' lang='lat' dir='ltr'><em>Scripta</em></span> <span class='ocrx_word' id='word_1_28' title='bbox 1535 565 1588 601; x_wconf 75' lang='lat' dir='ltr'><em>igi-</em></span> 
     </span>
     <span class='ocr_line' id='line_1_5' title="bbox 106 615 950 653; baseline -0.006 -5"><span class='ocrx_word' id='word_1_29' title='bbox 106 625 155 648; x_wconf 81' lang='lat' dir='ltr'><em>tur</em></span> <span class='ocrx_word' id='word_1_30' title='bbox 169 616 293 653; x_wconf 87' lang='lat' dir='ltr'><em>Latina,</em></span> <span class='ocrx_word' id='word_1_31' title='bbox 318 615 422 646; x_wconf 86' lang='lat' dir='ltr'><em>abillo</em></span> <span class='ocrx_word' id='word_1_32' title='bbox 447 615 477 645; x_wconf 88' lang='lat' dir='ltr'><em>in</em></span> <span class='ocrx_word' id='word_1_33' title='bbox 501 618 594 646; x_wconf 86' lang='lat' dir='ltr'><em>lucem</em></span> <span class='ocrx_word' id='word_1_34' title='bbox 615 615 741 652; x_wconf 84' lang='lat' dir='ltr'><em>emissa,</em></span> <span class='ocrx_word' id='word_1_35' title='bbox 767 615 836 644; x_wconf 75' lang='lat' dir='ltr'><em>haec</em></span> <span class='ocrx_word' id='word_1_36' title='bbox 861 621 950 644; x_wconf 83' lang='lat' dir='ltr'><em>sunt:</em></span> 
     </span>
    </p>
   </div>
   <div class='ocr_carea' id='block_1_4' title="bbox 161 693 1584 840">
    <p class='ocr_par' dir='ltr' id='par_1_4' title="bbox 161 693 1584 840">
     <span class='ocr_line' id='line_1_6' title="bbox 161 693 1584 737; baseline -0.004 -8"><span class='ocrx_word' id='word_1_37' title='bbox 161 702 189 729; x_wconf 90' lang='lat'><em>1.</em></span> <span class='ocrx_word' id='word_1_38' title='bbox 221 698 387 737; x_wconf 68' lang='lat' dir='ltr'><em>Disputatio</em></span> <span class='ocrx_word' id='word_1_39' title='bbox 410 699 444 728; x_wconf 82' lang='lat' dir='ltr'><em>de</em></span> <span class='ocrx_word' id='word_1_40' title='bbox 460 699 735 737; x_wconf 76' lang='lat' dir='ltr'><em>jurisconsultorum</em></span> <span class='ocrx_word' id='word_1_41' title='bbox 762 697 957 726; x_wconf 86' lang='lat' dir='ltr'><em>Romanorum</em></span> <span class='ocrx_word' id='word_1_42' title='bbox 977 695 1140 735; x_wconf 83' lang='lat' dir='ltr'><em>principio:</em></span> <span class='ocrx_word' id='word_1_43' title='bbox 1166 693 1242 732; x_wconf 78' lang='lat' dir='ltr'><em>quod</em></span> <span class='ocrx_word' id='word_1_44' title='bbox 1263 701 1365 724; x_wconf 82' lang='lat' dir='ltr'><em>contra</em></span> <span class='ocrx_word' id='word_1_45' title='bbox 1392 694 1471 725; x_wconf 74' lang='lat' dir='ltr'><em>bonos</em></span> <span class='ocrx_word' id='word_1_46' title='bbox 1497 705 1584 726; x_wconf 64' lang='lat' dir='ltr'><em>&#39;nores</em></span> 
     </span>
     <span class='ocr_line' id='line_1_7' title="bbox 213 746 1583 788; baseline -0.001 -10"><span class='ocrx_word' id='word_1_47' title='bbox 213 749 293 786; x_wconf 74' lang='lat' dir='ltr'><em>fiat,</em></span> <span class='ocrx_word' id='word_1_48' title='bbox 311 750 345 780; x_wconf 78' lang='lat' dir='ltr'><em>id</em></span> <span class='ocrx_word' id='word_1_49' title='bbox 350 751 421 788; x_wconf 84' lang='lat' dir='ltr'><em>jure</em></span> <span class='ocrx_word' id='word_1_50' title='bbox 437 756 535 779; x_wconf 82' lang='lat' dir='ltr'><em>ratum</em></span> <span class='ocrx_word' id='word_1_51' title='bbox 552 759 607 778; x_wconf 85' lang='lat' dir='ltr'><em>esse</em></span> <span class='ocrx_word' id='word_1_52' title='bbox 630 759 684 779; x_wconf 79' lang='lat' dir='ltr'><em>non</em></span> <span class='ocrx_word' id='word_1_53' title='bbox 700 756 848 788; x_wconf 84' lang='lat' dir='ltr'><em>oportere;</em></span> <span class='ocrx_word' id='word_1_54' title='bbox 876 746 1011 787; x_wconf 73' lang='lat' dir='ltr'><em>praeside</em></span> <span class='ocrx_word' id='word_1_55' title='bbox 1042 746 1113 775; x_wconf 68' lang='lat' dir='ltr'><em>Vtro</em></span> <span class='ocrx_word' id='word_1_56' title='bbox 1139 746 1183 775; x_wconf 81' lang='lat' dir='ltr'><em>Cl.</em></span> <span class='ocrx_word' id='word_1_57' title='bbox 1204 754 1243 775; x_wconf 78' lang='grc' dir='ltr'><em>Η.</em></span> <span class='ocrx_word' id='word_1_58' title='bbox 1264 754 1300 776; x_wconf 79' lang='lat' dir='ltr'><em>c.</em></span> <span class='ocrx_word' id='word_1_59' title='bbox 1326 754 1444 780; x_wconf 63' lang='lat' dir='ltr'><em>etms,</em></span> <span class='ocrx_word' id='word_1_60' title='bbox 1473 747 1583 785; x_wconf 78' lang='lat' dir='ltr'><em>publice</em></span> 
     </span>
     <span class='ocr_line' id='line_1_8' title="bbox 215 798 1050 840; baseline -0.007 -9"><span class='ocrx_word' id='word_1_61' title='bbox 215 802 330 840; x_wconf 77' lang='lat' dir='ltr'><em>defensa</em></span> <span class='ocrx_word' id='word_1_62' title='bbox 347 802 393 831; x_wconf 77' lang='lat' dir='ltr'><em>die</em></span> <span class='ocrx_word' id='word_1_63' title='bbox 423 812 457 832; x_wconf 90' lang='lat'><em>10</em></span> <span class='ocrx_word' id='word_1_64' title='bbox 472 801 600 831; x_wconf 79' lang='lat' dir='ltr'><em>Octobris</em></span> <span class='ocrx_word' id='word_1_65' title='bbox 622 802 699 830; x_wconf 81' lang='lat' dir='ltr'><em>anni</em></span> <span class='ocrx_word' id='word_1_66' title='bbox 720 802 810 837; x_wconf 91' lang='lat'>1796.</span> <span class='ocrx_word' id='word_1_67' title='bbox 841 800 942 829; x_wconf 83' lang='lat' dir='ltr'><em>Amst.</em></span> <span class='ocrx_word' id='word_1_68' title='bbox 965 798 1050 837; x_wconf 79' lang='lat'><strong>17-96.</strong></span> 
     </span>
    </p>
   </div>
   <div class='ocr_carea' id='block_1_5' title="bbox 155 882 1584 1029">
    <p class='ocr_par' dir='ltr' id='par_1_5' title="bbox 155 882 1584 1029">
     <span class='ocr_line' id='line_1_9' title="bbox 155 882 1584 927; baseline -0.005 -6"><span class='ocrx_word' id='word_1_69' title='bbox 155 890 195 921; x_wconf 87' lang='lat'><em>11.</em></span> <span class='ocrx_word' id='word_1_70' title='bbox 218 890 320 919; x_wconf 83' lang='lat' dir='ltr'><em>Oratio</em></span> <span class='ocrx_word' id='word_1_71' title='bbox 336 888 371 919; x_wconf 85' lang='lat' dir='ltr'><em>de</em></span> <span class='ocrx_word' id='word_1_72' title='bbox 385 889 462 927; x_wconf 85' lang='lat' dir='ltr'><em>Jure</em></span> <span class='ocrx_word' id='word_1_73' title='bbox 482 890 621 918; x_wconf 87' lang='lat' dir='ltr'><em>Naturae</em></span> <span class='ocrx_word' id='word_1_74' title='bbox 642 887 817 917; x_wconf 77' lang='lat' dir='ltr'><em>immutabili</em></span> <span class='ocrx_word' id='word_1_75' title='bbox 832 893 860 916; x_wconf 81' lang='lat' dir='ltr'><em>et</em></span> <span class='ocrx_word' id='word_1_76' title='bbox 876 893 1010 921; x_wconf 84' lang='lat' dir='ltr'><em>aeterno,·</em></span> <span class='ocrx_word' id='word_1_77' title='bbox 1035 883 1145 923; x_wconf 80' lang='lat' dir='ltr'><em>publice</em></span> <span class='ocrx_word' id='word_1_78' title='bbox 1160 882 1261 912; x_wconf 82' lang='lat' dir='ltr'><em>habita</em></span> <span class='ocrx_word' id='word_1_79' title='bbox 1281 882 1327 912; x_wconf 75' lang='lat' dir='ltr'><em>die</em></span> <span class='ocrx_word' id='word_1_80' title='bbox 1356 885 1390 913; x_wconf 83' lang='lat'><em>16</em></span> <span class='ocrx_word' id='word_1_81' title='bbox 1406 884 1494 922; x_wconf 71' lang='lat' dir='ltr'><em>szii</em></span> <span class='ocrx_word' id='word_1_82' title='bbox 1512 889 1584 914; x_wconf 65' lang='lat' dir='ltr'><em>ama*</em></span> 
     </span>
     <span class='ocr_line' id='line_1_10' title="bbox 221 933 1583 978; baseline -0.004 -8"><span class='ocrx_word' id='word_1_83' title='bbox 221 949 294 978; x_wconf 83' lang='lat'>1799</span> <span class='ocrx_word' id='word_1_84' title='bbox 305 961 315 976; x_wconf 90' lang='lat'><strong>,</strong></span> <span class='ocrx_word' id='word_1_85' title='bbox 339 949 424 977; x_wconf 84' lang='lat' dir='ltr'><em>quum</em></span> <span class='ocrx_word' id='word_1_86' title='bbox 439 939 619 968; x_wconf 83' lang='lat' dir='ltr'><em>ordinariam</em></span> <span class='ocrx_word' id='word_1_87' title='bbox 635 939 723 978; x_wconf 88' lang='lat' dir='ltr'><em>Juris</em></span> <span class='ocrx_word' id='word_1_88' title='bbox 741 938 838 968; x_wconf 71' lang='lat' dir='ltr'><em>Civilis</em></span> <span class='ocrx_word' id='word_1_89' title='bbox 855 945 882 967; x_wconf 88' lang='lat' dir='ltr'><em>et</em></span> <span class='ocrx_word' id='word_1_90' title='bbox 897 938 1036 966; x_wconf 75' lang='lat' dir='ltr'><em>Naturae</em></span> <span class='ocrx_word' id='word_1_91' title='bbox 1054 933 1254 974; x_wconf 73' lang='lat' dir='ltr'><em>professionem</em></span> <span class='ocrx_word' id='word_1_92' title='bbox 1279 934 1311 962; x_wconf 80' lang='lat' dir='ltr'><em>in</em></span> <span class='ocrx_word' id='word_1_93' title='bbox 1331 934 1489 964; x_wconf 74' lang='lat' dir='ltr'><em>Academia</em></span> <span class='ocrx_word' id='word_1_94' title='bbox 1504 937 1583 965; x_wconf 84' lang='lat' dir='ltr'><em>llar-</em></span> 
     </span>
     <span class='ocr_line' id='line_1_11' title="bbox 215 989 923 1029; baseline -0.001 -9"><span class='ocrx_word' id='word_1_95' title='bbox 215 990 382 1020; x_wconf 73' lang='lat' dir='ltr'><em>derovicena</em></span> <span class='ocrx_word' id='word_1_96' title='bbox 405 992 616 1029; x_wconf 74' lang='lat' dir='ltr'><em>auspicaretur.</em></span> <span class='ocrx_word' id='word_1_97' title='bbox 655 989 817 1020; x_wconf 80' lang='lat' dir='ltr'><em>Harderov.</em></span> <span class='ocrx_word' id='word_1_98' title='bbox 837 998 923 1028; x_wconf 85' lang='lat'>1799.</span> 
     </span>
    </p>
   </div>
   <div class='ocr_carea' id='block_1_6' title="bbox 136 1073 1578 1169">
    <p class='ocr_par' dir='ltr' id='par_1_6' title="bbox 136 1073 1578 1169">
     <span class='ocr_line' id='line_1_12' title="bbox 136 1073 1578 1119; baseline -0.003 -10"><span class='ocrx_word' id='word_1_99' title='bbox 136 1079 194 1110; x_wconf 62' lang='lat'>1111.</span> <span class='ocrx_word' id='word_1_100' title='bbox 215 1078 318 1109; x_wconf 77' lang='lat' dir='ltr'><em>Oratio</em></span> <span class='ocrx_word' id='word_1_101' title='bbox 340 1078 375 1108; x_wconf 88' lang='lat' dir='ltr'><em>de</em></span> <span class='ocrx_word' id='word_1_102' title='bbox 387 1078 546 1119; x_wconf 85' lang='lat' dir='ltr'><em>prudentia</em></span> <span class='ocrx_word' id='word_1_103' title='bbox 568 1078 648 1107; x_wconf 74' lang='lat' dir='ltr'><em>civili</em></span> <span class='ocrx_word' id='word_1_104' title='bbox 662 1079 693 1106; x_wconf 88' lang='lat' dir='ltr'><em>in</em></span> <span class='ocrx_word' id='word_1_105' title='bbox 710 1076 902 1117; x_wconf 70' lang='lat' dir='ltr'><em>promovenda</em></span> <span class='ocrx_word' id='word_1_106' title='bbox 919 1077 1095 1113; x_wconf 72' lang='lat' dir='ltr'><em>eruditione;</em></span> <span class='ocrx_word' id='word_1_107' title='bbox 1115 1075 1227 1115; x_wconf 73' lang='lat' dir='ltr'><em>publice</em></span> <span class='ocrx_word' id='word_1_108' title='bbox 1252 1074 1352 1104; x_wconf 84' lang='lat' dir='ltr'><em>habita</em></span> <span class='ocrx_word' id='word_1_109' title='bbox 1368 1073 1414 1103; x_wconf 76' lang='lat' dir='ltr'><em>dle</em></span> <span class='ocrx_word' id='word_1_110' title='bbox 1440 1084 1473 1105; x_wconf 78' lang='grc' dir='ltr'><em>ιο</em></span> <span class='ocrx_word' id='word_1_111' title='bbox 1490 1075 1578 1114; x_wconf 68' lang='lat' dir='ltr'><em>simii</em></span> 
     </span>
     <span class='ocr_line' id='line_1_13' title="bbox 216 1127 1395 1169; baseline -0.003 -10"><span class='ocrx_word' id='word_1_112' title='bbox 216 1132 289 1160; x_wconf 80' lang='lat' dir='ltr'><em>anni</em></span> <span class='ocrx_word' id='word_1_113' title='bbox 308 1132 378 1161; x_wconf 87' lang='lat'>1801</span> <span class='ocrx_word' id='word_1_114' title='bbox 391 1150 402 1167; x_wconf 90' lang='lat'><strong>,</strong></span> <span class='ocrx_word' id='word_1_115' title='bbox 423 1139 508 1169; x_wconf 81' lang='lat' dir='ltr'><em>quum</em></span> <span class='ocrx_word' id='word_1_116' title='bbox 524 1131 727 1168; x_wconf 80' lang='lat' dir='ltr'><em>magistratum</em></span> <span class='ocrx_word' id='word_1_117' title='bbox 745 1128 945 1159; x_wconf 74' lang='lat' dir='ltr'><em>Academicum</em></span> <span class='ocrx_word' id='word_1_118' title='bbox 958 1135 1087 1168; x_wconf 82' lang='lat' dir='ltr'><em>poneret,</em></span> <span class='ocrx_word' id='word_1_119' title='bbox 1129 1127 1292 1157; x_wconf 73' lang='lat' dir='ltr'><em>Harderov.</em></span> <span class='ocrx_word' id='word_1_120' title='bbox 1313 1128 1395 1156; x_wconf 75' lang='lat'>1801.</span> 
     </span>
    </p>
   </div>
   <div class='ocr_carea' id='block_1_7' title="bbox 137 1214 1581 1308">
    <p class='ocr_par' dir='ltr' id='par_1_7' title="bbox 137 1214 1581 1308">
     <span class='ocr_line' id='line_1_14' title="bbox 137 1214 1581 1256; baseline -0.004 -7"><span class='ocrx_word' id='word_1_121' title='bbox 137 1219 194 1249; x_wconf 81' lang='lat' dir='ltr'><em>N.</em></span> <span class='ocrx_word' id='word_1_122' title='bbox 218 1218 322 1249; x_wconf 84' lang='lat' dir='ltr'><em>Oratio</em></span> <span class='ocrx_word' id='word_1_123' title='bbox 338 1218 373 1247; x_wconf 85' lang='lat' dir='ltr'><em>de</em></span> <span class='ocrx_word' id='word_1_124' title='bbox 397 1219 552 1249; x_wconf 87' lang='lat' dir='ltr'><em>literarum</em></span> <span class='ocrx_word' id='word_1_125' title='bbox 573 1217 684 1254; x_wconf 86' lang='lat' dir='ltr'><em>studio,</em></span> <span class='ocrx_word' id='word_1_126' title='bbox 707 1218 882 1248; x_wconf 79' lang='lat' dir='ltr'><em>calamitosis</em></span> <span class='ocrx_word' id='word_1_127' title='bbox 901 1216 1085 1255; x_wconf 67' lang='lat' dir='ltr'><em>Reipublicae</em></span> <span class='ocrx_word' id='word_1_128' title='bbox 1112 1214 1283 1256; x_wconf 77' lang='lat' dir='ltr'><em>temporibus</em></span> <span class='ocrx_word' id='word_1_129' title='bbox 1301 1216 1404 1254; x_wconf 80' lang='lat' dir='ltr'><em>optimo</em></span> <span class='ocrx_word' id='word_1_130' title='bbox 1434 1215 1533 1244; x_wconf 75' lang='lat' dir='ltr'><em>solatio</em></span> <span class='ocrx_word' id='word_1_131' title='bbox 1553 1222 1581 1244; x_wconf 76' lang='lat' dir='ltr'><em>ec</em></span> 
     </span>
     <span class='ocr_line' id='line_1_15' title="bbox 208 1269 1143 1308; baseline 0 -10"><span class='ocrx_word' id='word_1_132' title='bbox 208 1269 360 1308; x_wconf 53' lang='lat' dir='ltr'><em>perfugioe</em></span> <span class='ocrx_word' id='word_1_133' title='bbox 386 1278 474 1306; x_wconf 89' lang='lat' dir='ltr'><em>quum</em></span> <span class='ocrx_word' id='word_1_134' title='bbox 494 1269 663 1300; x_wconf 86' lang='lat' dir='ltr'><em>Academiae</em></span> <span class='ocrx_word' id='word_1_135' title='bbox 682 1269 926 1300; x_wconf 82' lang='lat' dir='ltr'><em>Harderovicensi</em></span> <span class='ocrx_word' id='word_1_136' title='bbox 942 1270 1004 1299; x_wconf 87' lang='lat' dir='ltr'><em>vale</em></span> <span class='ocrx_word' id='word_1_137' title='bbox 1025 1269 1143 1298; x_wconf 80' lang='lat' dir='ltr'><em>diceret.</em></span> 
     </span>
    </p>
   </div>
   <div class='ocr_carea' id='block_1_8' title="bbox 149 1354 1592 1499">
    <p class='ocr_par' dir='ltr' id='par_1_8' title="bbox 149 1354 1592 1499">
     <span class='ocr_line' id='line_1_16' title="bbox 149 1354 1579 1398; baseline -0.005 -10"><span class='ocrx_word' id='word_1_138' title='bbox 149 1359 192 1390; x_wconf 85' lang='lat' dir='ltr'><em>V.</em></span> <span class='ocrx_word' id='word_1_139' title='bbox 214 1358 317 1388; x_wconf 82' lang='lat' dir='ltr'><em>Oratio</em></span> <span class='ocrx_word' id='word_1_140' title='bbox 332 1357 367 1388; x_wconf 80' lang='lat' dir='ltr'><em>de</em></span> <span class='ocrx_word' id='word_1_141' title='bbox 380 1359 546 1398; x_wconf 80' lang='lat' dir='ltr'><em>populorum</em></span> <span class='ocrx_word' id='word_1_142' title='bbox 561 1357 686 1397; x_wconf 75' lang='lat' dir='ltr'><em>legibus,</em></span> <span class='ocrx_word' id='word_1_143' title='bbox 710 1359 821 1397; x_wconf 74' lang='lat' dir='ltr'><em>optimis</em></span> <span class='ocrx_word' id='word_1_144' title='bbox 845 1359 1024 1387; x_wconf 83' lang='lat' dir='ltr'><em>increscentis</em></span> <span class='ocrx_word' id='word_1_145' title='bbox 1049 1355 1096 1386; x_wconf 71' lang='grc' dir='ltr'><em>νεῖ</em></span> <span class='ocrx_word' id='word_1_146' title='bbox 1114 1355 1294 1385; x_wconf 72' lang='lat' dir='ltr'><em>decrescentis</em></span> <span class='ocrx_word' id='word_1_147' title='bbox 1321 1354 1512 1383; x_wconf 65' lang='lat' dir='ltr'><em>immanitatis</em></span> <span class='ocrx_word' id='word_1_148' title='bbox 1532 1354 1579 1382; x_wconf 70' lang='lat' dir='ltr'><em>in-</em></span> 
     </span>
     <span class='ocr_line' id='line_1_17' title="bbox 211 1404 1592 1448; baseline -0.004 -9"><span class='ocrx_word' id='word_1_149' title='bbox 211 1409 314 1446; x_wconf 84' lang='lat' dir='ltr'><em>diciis,·</em></span> <span class='ocrx_word' id='word_1_150' title='bbox 330 1409 444 1448; x_wconf 78' lang='lat' dir='ltr'><em>publice</em></span> <span class='ocrx_word' id='word_1_151' title='bbox 457 1410 558 1439; x_wconf 75' lang='lat' dir='ltr'><em>habita</em></span> <span class='ocrx_word' id='word_1_152' title='bbox 576 1410 622 1439; x_wconf 83' lang='lat' dir='ltr'><em>die</em></span> <span class='ocrx_word' id='word_1_153' title='bbox 644 1419 660 1447; x_wconf 83' lang='lat'>3</span> <span class='ocrx_word' id='word_1_154' title='bbox 677 1408 845 1439; x_wconf 75' lang='lat' dir='ltr'><em>Novembris</em></span> <span class='ocrx_word' id='word_1_155' title='bbox 859 1410 930 1438; x_wconf 88' lang='lat' dir='ltr'><em>anni</em></span> <span class='ocrx_word' id='word_1_156' title='bbox 945 1410 1038 1443; x_wconf 91' lang='lat'>1806,</span> <span class='ocrx_word' id='word_1_157' title='bbox 1063 1416 1150 1444; x_wconf 84' lang='lat' dir='ltr'><em>quum</em></span> <span class='ocrx_word' id='word_1_158' title='bbox 1175 1406 1355 1436; x_wconf 85' lang='lat' dir='ltr'><em>ordinariam</em></span> <span class='ocrx_word' id='word_1_159' title='bbox 1370 1405 1457 1443; x_wconf 80' lang='lat' dir='ltr'><em>Juris</em></span> <span class='ocrx_word' id='word_1_160' title='bbox 1480 1404 1592 1434; x_wconf 74' lang='lat' dir='ltr'><em>Civilis·</em></span> 
     </span>
     <span class='ocr_line' id='line_1_18' title="bbox 207 1455 1489 1499; baseline -0.004 -11"><span class='ocrx_word' id='word_1_161' title='bbox 207 1461 404 1499; x_wconf 74' lang='lat' dir='ltr'><em>professionem</em></span> <span class='ocrx_word' id='word_1_162' title='bbox 424 1462 455 1488; x_wconf 83' lang='lat' dir='ltr'><em>in</em></span> <span class='ocrx_word' id='word_1_163' title='bbox 471 1462 581 1490; x_wconf 80' lang='lat' dir='ltr'><em>illustri</em></span> <span class='ocrx_word' id='word_1_164' title='bbox 601 1460 746 1489; x_wconf 84' lang='lat' dir='ltr'><em>Athenaeo</em></span> <span class='ocrx_word' id='word_1_165' title='bbox 764 1459 1016 1488; x_wconf 79' lang='lat' dir='ltr'><em>Amstelodamensi</em></span> <span class='ocrx_word' id='word_1_166' title='bbox 1031 1459 1243 1496; x_wconf 81' lang='lat' dir='ltr'><em>auspicaretur.</em></span> <span class='ocrx_word' id='word_1_167' title='bbox 1284 1457 1380 1492; x_wconf 57' lang='lat' dir='ltr'><em>Amsp.</em></span> <span class='ocrx_word' id='word_1_168' title='bbox 1402 1455 1489 1484; x_wconf 69' lang='lat'>1806.</span> 
     </span>
    </p>
   </div>
   <div class='ocr_carea' id='block_1_9' title="bbox 106 1543 1580 1739">
    <p class='ocr_par' dir='ltr' id='par_1_9' title="bbox 106 1543 1580 1739">
     <span class='ocr_line' id='line_1_19' title="bbox 106 1543 1575 1586; baseline -0.005 -10"><span class='ocrx_word' id='word_1_169' title='bbox 106 1579 110 1583; x_wconf 27' lang='grc' dir='ltr'><em>Α</em></span> <span class='ocrx_word' id='word_1_170' title='bbox 132 1546 190 1576; x_wconf 78' lang='lat' dir='ltr'><em>VJ..</em></span> <span class='ocrx_word' id='word_1_171' title='bbox 214 1546 318 1576; x_wconf 81' lang='lat' dir='ltr'><em>Oratio</em></span> <span class='ocrx_word' id='word_1_172' title='bbox 332 1547 367 1575; x_wconf 79' lang='lat' dir='ltr'><em>de</em></span> <span class='ocrx_word' id='word_1_173' title='bbox 385 1548 538 1578; x_wconf 84' lang='lat' dir='ltr'><em>moralium</em></span> <span class='ocrx_word' id='word_1_174' title='bbox 557 1548 779 1586; x_wconf 61' lang='lat' dir='ltr'><em>disctsplinarum</em></span> <span class='ocrx_word' id='word_1_175' title='bbox 799 1548 965 1586; x_wconf 79' lang='lat' dir='ltr'><em>dignitate,</em></span> <span class='ocrx_word' id='word_1_176' title='bbox 987 1545 1029 1575; x_wconf 89' lang='lat' dir='ltr'><em>ad</em></span> <span class='ocrx_word' id='word_1_177' title='bbox 1050 1551 1178 1574; x_wconf 84' lang='lat' dir='ltr'><em>caeteras</em></span> <span class='ocrx_word' id='word_1_178' title='bbox 1204 1543 1368 1582; x_wconf 80' lang='lat' dir='ltr'><em>disciplinas</em></span> <span class='ocrx_word' id='word_1_179' title='bbox 1390 1549 1575 1581; x_wconf 86' lang='lat' dir='ltr'><em>comparata;</em></span> 
     </span>
     <span class='ocr_line' id='line_1_20' title="bbox 210 1591 1580 1636; baseline -0.004 -10"><span class='ocrx_word' id='word_1_180' title='bbox 210 1596 311 1626; x_wconf 88' lang='lat' dir='ltr'><em>habita</em></span> <span class='ocrx_word' id='word_1_181' title='bbox 334 1596 382 1626; x_wconf 84' lang='lat' dir='ltr'><em>die</em></span> <span class='ocrx_word' id='word_1_182' title='bbox 402 1600 420 1627; x_wconf 93' lang='lat'><strong>6</strong></span> <span class='ocrx_word' id='word_1_183' title='bbox 433 1598 513 1635; x_wconf 85' lang='lat' dir='ltr'><em>Masi</em></span> <span class='ocrx_word' id='word_1_184' title='bbox 527 1601 599 1628; x_wconf 87' lang='lat' dir='ltr'><em>anni</em></span> <span class='ocrx_word' id='word_1_185' title='bbox 617 1601 690 1636; x_wconf 83' lang='lat'>1809</span> <span class='ocrx_word' id='word_1_186' title='bbox 702 1619 713 1634; x_wconf 85' lang='lat'>‚</span> <span class='ocrx_word' id='word_1_187' title='bbox 739 1608 801 1627; x_wconf 85' lang='lat' dir='ltr'><em>cum</em></span> <span class='ocrx_word' id='word_1_188' title='bbox 817 1601 848 1627; x_wconf 81' lang='lat' dir='ltr'><em>in</em></span> <span class='ocrx_word' id='word_1_189' title='bbox 873 1598 1068 1627; x_wconf 70' lang='lat' dir='ltr'><em>Universitate</em></span> <span class='ocrx_word' id='word_1_190' title='bbox 1085 1596 1179 1633; x_wconf 82' lang='lat' dir='ltr'><em>Regia</em></span> <span class='ocrx_word' id='word_1_191' title='bbox 1201 1593 1373 1623; x_wconf 85' lang='lat' dir='ltr'><em>Hollandiae</em></span> <span class='ocrx_word' id='word_1_192' title='bbox 1396 1592 1486 1629; x_wconf 80' lang='lat' dir='ltr'><em>Juris</em></span> <span class='ocrx_word' id='word_1_193' title='bbox 1510 1591 1580 1621; x_wconf 82' lang='lat' dir='ltr'><em>Na·</em></span> 
     </span>
     <span class='ocr_line' id='line_1_21' title="bbox 210 1644 1577 1686; baseline -0.002 -10"><span class='ocrx_word' id='word_1_194' title='bbox 210 1654 318 1684; x_wconf 81' lang='lat' dir='ltr'><em>turae,</em></span> <span class='ocrx_word' id='word_1_195' title='bbox 335 1647 471 1677; x_wconf 81' lang='lat' dir='ltr'><em>Gentium</em></span> <span class='ocrx_word' id='word_1_196' title='bbox 486 1656 513 1678; x_wconf 85' lang='lat' dir='ltr'><em>et</em></span> <span class='ocrx_word' id='word_1_197' title='bbox 528 1649 662 1686; x_wconf 79' lang='lat' dir='ltr'><em>Publici,</em></span> <span class='ocrx_word' id='word_1_198' title='bbox 682 1659 730 1678; x_wconf 85' lang='lat' dir='ltr'><em>nec</em></span> <span class='ocrx_word' id='word_1_199' title='bbox 748 1659 801 1678; x_wconf 84' lang='lat' dir='ltr'><em>non</em></span> <span class='ocrx_word' id='word_1_200' title='bbox 816 1650 964 1678; x_wconf 87' lang='lat' dir='ltr'><em>Historiae</em></span> <span class='ocrx_word' id='word_1_201' title='bbox 987 1648 1080 1677; x_wconf 75' lang='lat' dir='ltr'><em>civilis</em></span> <span class='ocrx_word' id='word_1_202' title='bbox 1106 1647 1241 1685; x_wconf 82' lang='lat' dir='ltr'><em>Europae</em></span> <span class='ocrx_word' id='word_1_203' title='bbox 1264 1644 1330 1673; x_wconf 83' lang='lat' dir='ltr'><em>inde</em></span> <span class='ocrx_word' id='word_1_204' title='bbox 1354 1654 1373 1673; x_wconf 90' lang='lat' dir='ltr'><em>a</em></span> <span class='ocrx_word' id='word_1_205' title='bbox 1390 1644 1577 1673; x_wconf 62' lang='lat' dir='ltr'><em>Mammium</em></span> 
     </span>
     <span class='ocr_line' id='line_1_22' title="bbox 211 1697 968 1739; baseline 0.004 -12"><span class='ocrx_word' id='word_1_206' title='bbox 211 1707 245 1727; x_wconf 82' lang='lat' dir='ltr'><em>no</em></span> <span class='ocrx_word' id='word_1_207' title='bbox 260 1697 279 1726; x_wconf 93' lang='lat' dir='ltr'><strong><em>I</em></strong></span> <span class='ocrx_word' id='word_1_208' title='bbox 294 1699 493 1738; x_wconf 78' lang='lat' dir='ltr'><em>professionem</em></span> <span class='ocrx_word' id='word_1_209' title='bbox 512 1702 727 1739; x_wconf 76' lang='lat' dir='ltr'><em>auspicaretur.</em></span> <span class='ocrx_word' id='word_1_210' title='bbox 768 1700 808 1731; x_wconf 87' lang='lat' dir='ltr'><em>L.</em></span> <span class='ocrx_word' id='word_1_211' title='bbox 823 1700 859 1731; x_wconf 89' lang='lat' dir='ltr'><em>B.</em></span> <span class='ocrx_word' id='word_1_212' title='bbox 881 1701 968 1736; x_wconf 87' lang='lat'><em>1809.</em></span> 
     </span>
    </p>
   </div>
   <div class='ocr_carea' id='block_1_10' title="bbox 114 1781 1574 1930">
    <p class='ocr_par' dir='ltr' id='par_1_10' title="bbox 114 1781 1574 1930">
     <span class='ocr_line' id='line_1_23' title="bbox 114 1781 1574 1827; baseline -0.002 -12"><span class='ocrx_word' id='word_1_213' title='bbox 114 1786 186 1817; x_wconf 86' lang='lat' dir='ltr'><em>vu.</em></span> <span class='ocrx_word' id='word_1_214' title='bbox 207 1785 360 1824; x_wconf 73' lang='lat' dir='ltr'><em>Praefatio</em></span> <span class='ocrx_word' id='word_1_215' title='bbox 379 1788 413 1817; x_wconf 82' lang='lat' dir='ltr'><em>de</em></span> <span class='ocrx_word' id='word_1_216' title='bbox 433 1788 615 1826; x_wconf 83' lang='lat' dir='ltr'><em>Hieronymo</em></span> <span class='ocrx_word' id='word_1_217' title='bbox 631 1788 775 1819; x_wconf 70' lang='lat' dir='ltr'><em>Bossch&#39;xo</em></span> <span class='ocrx_word' id='word_1_218' title='bbox 802 1790 924 1827; x_wconf 88' lang='lat' dir='ltr'><em>ejusque</em></span> <span class='ocrx_word' id='word_1_219' title='bbox 948 1786 1129 1817; x_wconf 70' lang='lat' dir='ltr'><em>Bibliotheca</em></span> <span class='ocrx_word' id='word_1_220' title='bbox 1142 1806 1152 1822; x_wconf 85' lang='lat'>‚</span> <span class='ocrx_word' id='word_1_221' title='bbox 1178 1785 1303 1823; x_wconf 45' lang='lat' dir='ltr'><em>*praefixa</em></span> <span class='ocrx_word' id='word_1_222' title='bbox 1329 1785 1464 1823; x_wconf 79' lang='lat' dir='ltr'><em>Catatogo</em></span> <span class='ocrx_word' id='word_1_223' title='bbox 1488 1781 1574 1813; x_wconf 79' lang='lat' dir='ltr'><em>libro·</em></span> 
     </span>
     <span class='ocr_line' id='line_1_24' title="bbox 210 1839 1572 1877; baseline -0.001 -11"><span class='ocrx_word' id='word_1_224' title='bbox 210 1847 275 1866; x_wconf 87' lang='lat' dir='ltr'><em>rum</em></span> <span class='ocrx_word' id='word_1_225' title='bbox 285 1858 296 1874; x_wconf 91' lang='lat'><strong>‚</strong></span> <span class='ocrx_word' id='word_1_226' title='bbox 328 1840 378 1877; x_wconf 84' lang='lat' dir='ltr'><em>qui</em></span> <span class='ocrx_word' id='word_1_227' title='bbox 408 1839 523 1869; x_wconf 83' lang='lat' dir='ltr'><em>studiis·</em></span> <span class='ocrx_word' id='word_1_228' title='bbox 538 1842 730 1871; x_wconf 70' lang='lat' dir='ltr'><em>inservierunt</em></span> <span class='ocrx_word' id='word_1_229' title='bbox 756 1839 825 1869; x_wconf 83' lang='lat' dir='ltr'><em>Viri</em></span> <span class='ocrx_word' id='word_1_230' title='bbox 848 1839 1031 1869; x_wconf 79' lang='lat' dir='ltr'><em>celeberrimi</em></span> <span class='ocrx_word' id='word_1_231' title='bbox 1066 1848 1087 1868; x_wconf 84' lang='lat' dir='ltr'>H</span> <span class='ocrx_word' id='word_1_232' title='bbox 1096 1847 1107 1867; x_wconf 94' lang='lat'>1</span> <span class='ocrx_word' id='word_1_233' title='bbox 1115 1847 1134 1867; x_wconf 81' lang='lat' dir='ltr'>E</span> <span class='ocrx_word' id='word_1_234' title='bbox 1145 1847 1163 1866; x_wconf 81' lang='lat' dir='ltr'>R</span> <span class='ocrx_word' id='word_1_235' title='bbox 1175 1847 1192 1867; x_wconf 91' lang='grc' dir='ltr'><strong>ο</strong></span> <span class='ocrx_word' id='word_1_236' title='bbox 1203 1846 1251 1867; x_wconf 79' lang='lat' dir='ltr'><em>NY</em></span> <span class='ocrx_word' id='word_1_237' title='bbox 1261 1846 1287 1867; x_wconf 82' lang='lat' dir='ltr'>M</span> <span class='ocrx_word' id='word_1_238' title='bbox 1297 1846 1308 1867; x_wconf 86' lang='lat'>1</span> <span class='ocrx_word' id='word_1_239' title='bbox 1342 1845 1362 1866; x_wconf 72' lang='grc' dir='ltr'>Β</span> <span class='ocrx_word' id='word_1_240' title='bbox 1372 1846 1390 1865; x_wconf 76' lang='lat' dir='ltr'>E</span> <span class='ocrx_word' id='word_1_241' title='bbox 1419 1845 1436 1865; x_wconf 78' lang='lat' dir='ltr'>B</span> <span class='ocrx_word' id='word_1_242' title='bbox 1446 1845 1463 1864; x_wconf 91' lang='lat'>0</span> <span class='ocrx_word' id='word_1_243' title='bbox 1471 1845 1487 1865; x_wconf 70' lang='lat' dir='ltr'><em>vs</em></span> <span class='ocrx_word' id='word_1_244' title='bbox 1497 1844 1515 1865; x_wconf 93' lang='lat' dir='ltr'>c</span> <span class='ocrx_word' id='word_1_245' title='bbox 1528 1845 1549 1865; x_wconf 74' lang='lat' dir='ltr'>fl</span> <span class='ocrx_word' id='word_1_246' title='bbox 1562 1856 1572 1871; x_wconf 65' lang='lat' dir='ltr'>a</span> 
     </span>
     <span class='ocr_line' id='line_1_25' title="bbox 208 1888 1148 1930; baseline 0.001 -12"><span class='ocrx_word' id='word_1_247' title='bbox 208 1888 380 1919; x_wconf 84' lang='lat' dir='ltr'><em>Academiae</em></span> <span class='ocrx_word' id='word_1_248' title='bbox 395 1890 595 1930; x_wconf 79' lang='lat' dir='ltr'><em>Lugdunensis</em></span> <span class='ocrx_word' id='word_1_249' title='bbox 613 1893 762 1923; x_wconf 77' lang='lat' dir='ltr'><em>Curatort‘s</em></span> <span class='ocrx_word' id='word_1_250' title='bbox 778 1898 832 1921; x_wconf 87' lang='lat' dir='ltr'><em>etc.</em></span> <span class='ocrx_word' id='word_1_251' title='bbox 851 1898 905 1921; x_wconf 84' lang='lat' dir='ltr'><em>ete.</em></span> <span class='ocrx_word' id='word_1_252' title='bbox 948 1891 1044 1921; x_wconf 81' lang='lat' dir='ltr'><em>Amst.</em></span> <span class='ocrx_word' id='word_1_253' title='bbox 1065 1890 1148 1920; x_wconf 77' lang='lat'>1812.</span> 
     </span>
    </p>
   </div>
   <div class='ocr_carea' id='block_1_11' title="bbox 96 1975 1573 2121">
    <p class='ocr_par' dir='ltr' id='par_1_11' title="bbox 96 1975 1573 2121">
     <span class='ocr_line' id='line_1_26' title="bbox 96 1975 1573 2018; baseline -0.001 -14"><span class='ocrx_word' id='word_1_254' title='bbox 96 1975 179 2007; x_wconf 84' lang='lat' dir='ltr'><strong>VIII.</strong></span> <span class='ocrx_word' id='word_1_255' title='bbox 211 1977 315 2007; x_wconf 79' lang='lat' dir='ltr'><em>Oratio</em></span> <span class='ocrx_word' id='word_1_256' title='bbox 328 1976 362 2007; x_wconf 84' lang='lat' dir='ltr'><em>de</em></span> <span class='ocrx_word' id='word_1_257' title='bbox 376 1981 481 2009; x_wconf 78' lang='lat' dir='ltr'><em>aetatis</em></span> <span class='ocrx_word' id='word_1_258' title='bbox 500 1987 613 2010; x_wconf 87' lang='lat' dir='ltr'><em>nostrae</em></span> <span class='ocrx_word' id='word_1_259' title='bbox 625 1980 704 2018; x_wconf 78' lang='lat' dir='ltr'><em>fatis</em></span> <span class='ocrx_word' id='word_1_260' title='bbox 715 2001 724 2016; x_wconf 87' lang='lat'><strong>‚</strong></span> <span class='ocrx_word' id='word_1_261' title='bbox 743 1979 863 2018; x_wconf 78' lang='lat' dir='ltr'><em>exemplo</em></span> <span class='ocrx_word' id='word_1_262' title='bbox 881 1978 1012 2017; x_wconf 83' lang='lat' dir='ltr'><em>gentibus</em></span> <span class='ocrx_word' id='word_1_263' title='bbox 1024 1999 1034 2014; x_wconf 90' lang='lat'><strong>,</strong></span> <span class='ocrx_word' id='word_1_264' title='bbox 1053 1986 1087 2006; x_wconf 89' lang='lat' dir='ltr'><em>ac</em></span> <span class='ocrx_word' id='word_1_265' title='bbox 1101 1976 1273 2017; x_wconf 87' lang='lat' dir='ltr'><em>praesertim</em></span> <span class='ocrx_word' id='word_1_266' title='bbox 1295 1975 1385 2015; x_wconf 81' lang='lat' dir='ltr'><em>Belgis</em></span> <span class='ocrx_word' id='word_1_267' title='bbox 1401 1996 1412 2012; x_wconf 90' lang='lat'><strong>,</strong></span> <span class='ocrx_word' id='word_1_268' title='bbox 1429 1983 1573 2013; x_wconf 80' lang='lat' dir='ltr'><em>nunquam</em></span> 
     </span>
     <span class='ocr_line' id='line_1_27' title="bbox 210 2027 1572 2067; baseline -0.001 -11"><span class='ocrx_word' id='word_1_269' title='bbox 210 2028 395 2067; x_wconf 79' lang='lat' dir='ltr'><em>negligendo;</em></span> <span class='ocrx_word' id='word_1_270' title='bbox 417 2030 518 2060; x_wconf 85' lang='lat' dir='ltr'><em>habita</em></span> <span class='ocrx_word' id='word_1_271' title='bbox 539 2031 584 2060; x_wconf 84' lang='lat' dir='ltr'><em>die</em></span> <span class='ocrx_word' id='word_1_272' title='bbox 610 2032 624 2061; x_wconf 91' lang='lat'>8</span> <span class='ocrx_word' id='word_1_273' title='bbox 648 2031 806 2061; x_wconf 83' lang='lat' dir='ltr'><em>Februarii</em></span> <span class='ocrx_word' id='word_1_274' title='bbox 825 2033 896 2061; x_wconf 87' lang='lat' dir='ltr'><em>anni</em></span> <span class='ocrx_word' id='word_1_275' title='bbox 913 2034 987 2061; x_wconf 90' lang='lat'>1816</span> <span class='ocrx_word' id='word_1_276' title='bbox 998 2051 1009 2067; x_wconf 89' lang='lat'>,</span> <span class='ocrx_word' id='word_1_277' title='bbox 1039 2038 1066 2059; x_wconf 88' lang='lat' dir='ltr'><em>et</em></span> <span class='ocrx_word' id='word_1_278' title='bbox 1087 2039 1151 2059; x_wconf 88' lang='lat' dir='ltr'><em>cum</em></span> <span class='ocrx_word' id='word_1_279' title='bbox 1173 2029 1202 2059; x_wconf 90' lang='lat' dir='ltr'><em>in</em></span> <span class='ocrx_word' id='word_1_280' title='bbox 1219 2029 1381 2058; x_wconf 86' lang='lat' dir='ltr'><em>Annalibus</em></span> <span class='ocrx_word' id='word_1_281' title='bbox 1401 2027 1572 2057; x_wconf 84' lang='lat' dir='ltr'><em>Academiae</em></span> 
     </span>
     <span class='ocr_line' id='line_1_28' title="bbox 209 2079 1573 2121; baseline 0 -15"><span class='ocrx_word' id='word_1_282' title='bbox 209 2079 511 2117; x_wconf 74' lang='lat' dir='ltr'><em>Lugduno-Batavae</em></span> <span class='ocrx_word' id='word_1_283' title='bbox 526 2083 562 2112; x_wconf 88' lang='lat' dir='ltr'><em>ab</em></span> <span class='ocrx_word' id='word_1_284' title='bbox 578 2083 633 2114; x_wconf 85' lang='lat' dir='ltr'><em>Ao.</em></span> <span class='ocrx_word' id='word_1_285' title='bbox 653 2084 871 2121; x_wconf 86' lang='lat'>1816—1817,</span> <span class='ocrx_word' id='word_1_286' title='bbox 893 2091 953 2113; x_wconf 88' lang='lat' dir='ltr'><em>tum</em></span> <span class='ocrx_word' id='word_1_287' title='bbox 973 2090 1102 2111; x_wconf 82' lang='lat' dir='ltr'><em>seorsum</em></span> <span class='ocrx_word' id='word_1_288' title='bbox 1121 2080 1208 2111; x_wconf 84' lang='lat' dir='ltr'><em>edita.</em></span> <span class='ocrx_word' id='word_1_289' title='bbox 1243 2080 1339 2118; x_wconf 82' lang='lat' dir='ltr'><em>Hujus</em></span> <span class='ocrx_word' id='word_1_290' title='bbox 1358 2079 1496 2109; x_wconf 71' lang='lat' dir='ltr'><em>orationis</em></span> <span class='ocrx_word' id='word_1_291' title='bbox 1512 2088 1573 2108; x_wconf 83' lang='lat' dir='ltr'><em>ver-</em></span> 
     </span>
    </p>
   </div>
   <div class='ocr_carea' id='block_1_12' title="bbox 210 2130 1576 2216">
    <p class='ocr_par' dir='ltr' id='par_1_12' title="bbox 210 2130 1576 2216">
     <span class='ocr_line' id='line_1_29' title="bbox 210 2130 1310 2172; baseline 0.002 -12"><span class='ocrx_word' id='word_1_292' title='bbox 210 2130 257 2160; x_wconf 75' lang='lat' dir='ltr'><em>sio</em></span> <span class='ocrx_word' id='word_1_293' title='bbox 276 2139 395 2168; x_wconf 84' lang='lat' dir='ltr'><em>quoque</em></span> <span class='ocrx_word' id='word_1_294' title='bbox 410 2132 526 2170; x_wconf 84' lang='lat' dir='ltr'><em>Belgica</em></span> <span class='ocrx_word' id='word_1_295' title='bbox 545 2134 655 2171; x_wconf 82' lang='lat' dir='ltr'><em>prodiit</em></span> <span class='ocrx_word' id='word_1_296' title='bbox 667 2154 678 2172; x_wconf 92' lang='lat'>,</span> <span class='ocrx_word' id='word_1_297' title='bbox 702 2143 718 2164; x_wconf 90' lang='lat' dir='ltr'>a</span> <span class='ocrx_word' id='word_1_298' title='bbox 734 2136 808 2167; x_wconf 87' lang='lat' dir='ltr'><em>Viro</em></span> <span class='ocrx_word' id='word_1_299' title='bbox 832 2137 883 2166; x_wconf 89' lang='lat' dir='ltr'><em>Cl.</em></span> <span class='ocrx_word' id='word_1_300' title='bbox 908 2144 989 2165; x_wconf 78' lang='lat' dir='ltr'><em>VAN</em></span> <span class='ocrx_word' id='word_1_301' title='bbox 1010 2142 1053 2164; x_wconf 73' lang='lat' dir='ltr'><em>As</em></span> <span class='ocrx_word' id='word_1_302' title='bbox 1065 2139 1140 2163; x_wconf 69' lang='lat' dir='ltr'>an</span> <span class='ocrx_word' id='word_1_303' title='bbox 1166 2131 1310 2163; x_wconf 78' lang='lat' dir='ltr'><em>confecta.</em></span> 
     </span>
     <span class='ocr_line' id='line_1_30' title="bbox 864 2181 1576 2216; baseline -0.006 0"><span class='ocrx_word' id='word_1_304' title='bbox 864 2188 887 2216; x_wconf 85' lang='lat' dir='ltr'>F</span> <span class='ocrx_word' id='word_1_305' title='bbox 1525 2181 1576 2212; x_wconf 79' lang='lat' dir='ltr'><em>IX.</em></span> 
     </span>
    </p>
   </div>
  </div>
 </body>
</html>
