1919 2511
295 647 470 712 Illustres
491 675 690 709 Academiae
709 678 906 718 Curatores,
929 675 1034 718 mihi,
1058 676 1113 719 qui
1130 675 1264 709 Senatui
1286 672 1489 707 Academico
1506 683 1595 707 anno
1612 674 1763 718 proxime

296 732 503 766 antecedenti
520 731 562 765 ab
581 733 672 765 Actis
689 733 734 765 fui
745 757 754 774 ‚
780 731 985 775 provinciam
1008 731 1233 773 mandarunt,
1257 729 1398 764 orationi
1415 742 1436 764 a
1454 729 1537 765 Viro
1555 730 1601 763 Cl.
1628 742 1660 763 e.
1679 741 1765 763 SAN-

295 800 456 821 nuronr
475 812 485 830 ,
515 789 711 831 Magistratu
740 787 939 821 Academico
969 787 1134 829 abeunte,
1178 787 1312 821 habitae
1344 798 1453 831 pauca
1479 787 1644 832 quaedam
1665 787 1765 830 subji-

298 844 426 886 ciendi,
448 843 588 887 quibus,
613 844 794 877 modestiae
817 853 936 885 causa,
958 842 1002 876 ab
1018 848 1148 876 oratore
1165 843 1293 877 silentio
1319 845 1573 887 praetermissa,
1598 844 1641 877 ad
1661 848 1766 887 poste-

298 912 415 935 rorum
435 901 588 935 notitiam
609 900 828 945 pervenirent.

362 958 490 991 Scilicet
519 957 702 990 lautissima
734 957 787 990 illa
811 956 957 1000 supellex
982 955 1199 997 Anatornica,
1223 966 1243 988 a
1271 955 1355 990 Viro
1385 956 1596 999 Clarissimo,
1620 967 1693 1000 pag.
1712 960 1769 989 25:

298 1016 383 1055 justo
407 1014 584 1057 praeconio
609 1018 748 1055 ornata,
771 1011 900 1045 utilitati
917 1012 1069 1056 publicae
1094 1021 1215 1056 parum
1233 1011 1284 1046 vel
1310 1010 1392 1045 nihil
1420 1012 1615 1054 inserviret,
1637 1013 1702 1045 nisi
1728 1022 1768 1045 ea

303 1069 346 1102 ad
368 1075 560 1103 accuratam
583 1068 775 1113 disciplinae
791 1079 946 1102 normam
961 1074 1037 1113 apte
1055 1080 1096 1102 ac
1115 1068 1277 1102 concinne
1303 1068 1462 1113 disposita
1491 1075 1589 1113 atque
1617 1069 1652 1101 in
1676 1073 1772 1102 cata-.

304 1126 414 1169 logum
431 1126 535 1159 relata
550 1131 647 1160 esset.
689 1127 766 1158 Hoc
789 1131 901 1159 autem
926 1135 1066 1169 magnae
1086 1124 1231 1169 profecto
1257 1123 1440 1159 industriae
1462 1131 1561 1169 atque
1585 1124 1678 1158 haud
1702 1126 1772 1160 vul-

303 1182 387 1225 garis
409 1181 579 1216 doctrinae
599 1191 683 1226 opus
699 1182 745 1215 ita
762 1192 782 1215 a
798 1182 846 1216 Cl.
867 1193 989 1215 SANDI
1002 1194 1021 1215 F
1033 1194 1129 1224 oiz'r,
1152 1180 1230 1215 huic
1245 1183 1366 1216 Museo
1378 1181 1568 1226 proposito,
1589 1181 1774 1226 perfectum

304 1244 373 1280 est,
404 1244 442 1272 ut
472 1248 588 1272 omnes
614 1237 826 1282 intelligentes
850 1240 886 1272 in
909 1236 1166 1272 admirationem
1194 1238 1313 1283 rapiat.
1366 1239 1469 1283 Igitur
1494 1237 1559 1275 hoc
1587 1248 1687 1282 opere
1712 1238 1775 1272 Vir

303 1293 554 1328 Eruditissimus
580 1295 675 1338 quasi
701 1294 874 1328 cumulum
899 1294 1018 1337 adjecit
1041 1294 1243 1339 insignibu8‚
1266 1294 1406 1339 quibus,
1429 1300 1567 1330 vacante
1596 1294 1774 1336 cathedra,

304 1351 486 1384 Botanicen
504 1350 669 1392 docendo,
692 1350 845 1394 hortique
863 1350 1015 1384 ditissimi
1041 1361 1123 1384 cura
1149 1352 1270 1384 eximie
1294 1351 1455 1395 gerenda,
1478 1353 1547 1394 jam
1568 1357 1667 1384 antea
1688 1352 1773 1384 Aca-

305 1405 450 1439 demiam
469 1413 664 1449 ornaverat,
685 1406 865 1441 beneficiis.
902 1409 965 1440 His
978 1417 1055 1442 vero
1072 1408 1375 1442 commemorandis
1394 1408 1513 1441 lubens
1528 1406 1682 1451 equidem
1697 1407 1777 1440 Am-

308 1462 531 1505 plissimorum
555 1463 715 1497 Virorum
738 1463 916 1497 obsecutus
937 1473 1014 1497 sum
1038 1465 1246 1507 auctoritati,
1270 1464 1391 1509 quibus
1415 1465 1514 1508 hujus
1531 1463 1731 1498 Academiae
1754 1474 1775 1497 a

307 1519 395 1562 Rege
422 1520 661 1563 Augustissimo
686 1530 766 1553 cura
787 1520 946 1554 mandata
968 1525 1037 1562 est,
1062 1530 1270 1565 quorumque
1284 1545 1295 1563 ,
1319 1526 1356 1554 ut
1384 1521 1420 1555 in
1445 1521 1517 1554 aliis
1540 1520 1641 1554 rebus
1670 1520 1776 1554 omni-

308 1573 391 1616 bus,
413 1575 456 1608 ad
482 1575 567 1608 illius
599 1575 699 1609 decus
728 1582 826 1621 atque
860 1577 1124 1610 emolumentum
1150 1577 1410 1620 pertinentibus,
1440 1578 1486 1611 ita
1511 1577 1548 1610 in
1575 1588 1615 1610 eo
1647 1586 1778 1621 quoque

309 1632 485 1675 praecipue
514 1631 658 1666 cernitur
681 1643 783 1676 cura,
813 1638 851 1668 ut
874 1633 997 1678 egregie
1026 1632 1068 1667 de
1091 1633 1145 1668 illa
1171 1634 1298 1668 meritis
1326 1633 1455 1668 debitae
1483 1632 1633 1667 ferantur
1653 1634 1777 1676 gratiae

312 1696 349 1720 ac
374 1687 497 1721 laudes.

1358 1767 1397 1789 M·
1436 1765 1721 1789 SIEGENBEEK.

1549 2188 1783 2212 ANNOTArto
