1919 2511
411 117 641 150 RESPONSIO
668 127 712 150 An
741 118 1051 158 QUAESTIONEM
1082 118 1364 153 LITERARIAM.
1605 122 1642 159 6?

135 201 184 233 rit.
223 201 312 240 Apud
327 200 485 231 Phaedrum
510 203 596 240 hujus
623 203 664 232 rei
677 203 755 233 nulla
774 201 847 231 ratio
864 202 1007 239 habetur,
1028 209 1130 240 estque
1147 203 1264 234 omnino
1282 205 1344 242 ejus
1359 202 1456 234 fabu1a
1475 205 1564 234 multo
1587 205 1649 233 exi-

136 255 192 284 lior
205 274 215 290 ,
234 262 316 289 quam
333 253 381 281 illa
400 253 512 283 Faemi.

174 304 324 334 obsonium
344 303 377 333 de
393 304 528 341 faucibus
554 306 660 334 amisit.
709 304 831 342 Saepius
860 303 978 334 verbum
1001 305 1135 333 amittere
1161 303 1200 334 ita
1225 304 1360 342 usurpari
1385 313 1400 333 a
1423 305 1569 334 veteribus
1594 315 1648 342 op-

134 357 202 385 time
233 355 366 392 probavit
391 356 570 386 Burmannus
593 358 628 386 ad
649 356 756 386 phaed.
780 356 850 386 Lib.
866 358 888 386 1.
909 355 969 386 fab.
990 363 1033 393 13.
1075 356 1174 385 Unum
1203 356 1354 385 Ciceronis
1377 357 1472 386 locum
1500 363 1643 393 apponere

134 406 256 436 sufficiat
278 406 349 435 Lib.
371 406 428 436 111.
458 409 542 438 Verr.
569 417 633 445 cap.
659 416 707 445 13.
752 428 770 445 ‚‚
788 409 857 438 Cum
878 416 938 436 rem
963 406 998 435 de
1020 407 1148 436 manibus
1166 407 1339 438 amisisset.’'

171 457 290 486 Inhians
312 457 359 486 illi
383 459 570 496 imaginario.
611 460 712 490 Senee.
736 460 827 497 Trag.
849 459 942 490 Herc.
963 460 1033 490 Fur.
1055 468 1101 490 vs.
1124 460 1191 491 166.

419 509 477 538 Hie
496 511 573 541 nullo
587 511 646 547 fine
663 511 761 541 beatus

415 559 563 600 Componis
582 569 663 600 opes,
682 564 768 600 gazis
786 561 914 591 inhians·

138 611 250 641 inhiare
268 609 383 649 aliquid
399 617 443 640 est
461 613 537 648 apud
557 612 640 648 Virg.
661 613 729 642 Lib.
751 615 792 643 11.
813 613 924 649 Georg.
946 620 993 642 vs.
1012 614 1082 650 463.

420 663 484 692 Nec
504 666 598 694 varios
617 666 733 695 inhiant
752 665 878 704 pulchra
897 663 1037 693 testudine
1050 670 1153 703 postes.

837 770 949 781 -—-

269 845 525 875 FABULA
582 844 1165 885 QUINQUAGESIMA
1222 844 1509 883 QUARTA.

657 941 834 962 AslNus
885 942 936 960 ET
986 940 1115 961 APER.

415 1016 639 1053 Magnanimum
661 1026 748 1054 quum
767 1018 858 1055 segnis
877 1024 980 1056 aprum
999 1015 1109 1045 rideret
1128 1016 1250 1053 asellus,

416 1065 470 1095 Ille
484 1073 615 1104 premens
633 1069 711 1096 iram
731 1074 759 1096 et
779 1067 879 1096 sedata
899 1074 992 1096 mente
1012 1066 1163 1108 renidens:

415 1116 528 1154 Perge,
549 1119 661 1155 inquit:
681 1127 747 1146 nam
767 1124 798 1146 te
814 1124 868 1146 tua
887 1124 982 1147 tutum
1004 1119 1124 1155 ignavia
1138 1125 1286 1156 praestat.

416 1166 480 1195 Nee
499 1173 532 1196 tu
550 1177 685 1205 umquam
705 1169 796 1196 tantis
812 1169 886 1206 potis
907 1177 934 1197 es
953 1177 997 1196 me
1016 1169 1150 1197 incessere
1165 1168 1303 1206 probris,

420 1217 490 1246 Tam
511 1219 563 1247 vili
582 1225 613 1247 ut
632 1218 734 1256 digner
749 1227 914 1255 generosum
934 1220 1072 1257 sanguine
1090 1218 1211 1248 dentem.

416 1268 499 1298 Nam
520 1271 647 1307 quamvis
667 1279 769 1299 noxam
790 1271 909 1299 meritus
927 1269 1085 1307 dignusque
1103 1270 1177 1298 malo
1197 1276 1247 1302 tu,

417 1320 529 1349 Nostra
549 1320 669 1359 indigna
689 1328 785 1350 tamen
805 1329 860 1349 sese
884 1321 938 1349 hue
956 1320 1104 1349 demittere
1120 1321 1224 1350 virtus.

420 1421 565 1451 Virtutem
585 1430 619 1450 ne
630 1421 711 1458 forte
730 1428 811 1450 tuam
830 1421 1015 1459 contemptior
1036 1421 1121 1450 hostis

418 1473 552 1510 i,.qc1inct
563 1493 574 1510 ,
596 1473 711 1502 ultrices
730 1472 879 1502 moderare
892 1474 1037 1511 potentior
1056 1473 1131 1501 iras.

171 1574 277 1604 Asinus
295 1580 324 1602 et
343 1573 436 1612 Aper.
477 1572 556 1603 Inter
570 1573 693 1603 Graecas
711 1573 823 1610 Aesopi
842 1571 953 1601 fabulas
974 1572 1090 1601 omnino
1109 1579 1170 1601 non
1190 1569 1330 1605 habetur,
1348 1575 1438 1599 exstat
1458 1575 1548 1598 autem
1568 1568 1642 1606 apud

130 1625 248 1657 Phaedr.
272 1624 343 1654 Lib.
363 1625 388 1654 Ι.
415 1625 475 1655 fab.
494 1633 545 1661 29.
573 1626 624 1654 sed
646 1626 705 1661 ita,
734 1632 766 1654 ut
786 1625 810 1653 si
831 1633 889 1652 eam
916 1623 993 1652 forte
1017 1623 1131 1652 noverit
1160 1620 1305 1658 Faernus,
1325 1621 1397 1650 nihil
1421 1621 1487 1652 inde
1509 1619 1565 1650 nisi
1586 1619 1648 1649 for-

132 1686 205 1707 mam
231 1676 420 1711 desumserit,
443 1675 519 1704 aliud
541 1684 658 1712 quoque
678 1676 722 1705 ini
748 1675 939 1712 epimythium
966 1675 1133 1704 adnectens-

171 1728 208 1757 Te
231 1734 296 1756 tua.
337 1726 482 1756 Solemnis
513 1734 556 1756 est
580 1729 694 1764 elegans
720 1727 775 1756 ista
796 1728 932 1764 junctura
958 1734 1064 1754 vocum
1085 1732 1138 1754 tua
1161 1731 1206 1761 te,
1236 1732 1298 1753 mea
1320 1732 1382 1760 me,
1408 1729 1436 1751 et
1461 1722 1575 1752 inverso
1599 1730 1645 1750 or-

133 1779 198 1809 dine
219 1785 247 1808 te
273 1784 348 1814 tua,
376 1786 419 1806 me
443 1787 527 1814 mea,
557 1778 671 1807 Tibull.
698 1777 767 1807 Lib.
783 1778 808 1807 I.
836 1779 910 1814 e1eg.
927 1777 954 1806 Ι.
978 1786 1024 1807 vs.
1043 1785 1069 1814 3.

419 1829 472 1858 Me
491 1838 553 1858 mea
571 1836 729 1868 paupertas
750 1831 827 1858 vitae
847 1828 986 1858 traducat
1003 1829 1108 1861 inerti,

461 1881 540 1909 Dum
561 1890 636 1908 meus
655 1879 767 1909 assiduo
785 1880 877 1909 luceat
895 1882 961 1917 igne
971 1879 1048 1916 foco·

134 1934 223 1964 Ovid.
245 1932 341 1970 Epist.
357 1932 397 1962 ΙΙ.
418 1931 491 1961 Her.
514 1940 560 1960 vs.
582 1940 608 1960 1.
829 1969 831 1971 ³

423 1982 564 2019 Hospita,
587 1981 784 2020 Demophoon,
807 1989 860 2012 tua
880 1990 930 2019 te,
952 1981 1116 2019 Rhodopeia
1137 1980 1262 2018 Phyllis,

462 2032 553 2062 Ultra
571 2034 739 2072 promissum
760 2039 867 2072 tempus
886 2033 980 2062 adesse
996 2041 1110 2071 queror.
1671 2073 1677 2075 s

879 2086 893 2113 I
914 2093 932 2113 ε
1619 2082 1650 2105 et
