1919 2511
334 172 355 203 4
686 170 733 202 H.
822 167 1450 201 G.TYDEMAN

339 260 442 305 patria
463 270 575 295 coram
587 284 597 302 ,
620 258 761 292 summis
782 260 833 294 vel
859 260 893 292 in
918 257 1114 302 Theologifi,
1139 259 1190 293 vel
1208 261 1244 294 in
1264 263 1341 292 Jure
1364 262 1516 292 Romano
1539 264 1636 302 atque
1655 259 1795 292 Hodier-

342 327 406 358 no,
437 315 473 349 in
496 315 676 357 Medicina,
708 317 937 350 Literarumve
963 314 1181 348 Humanitate
1202 316 1402 356 honoribus,
1432 314 1496 348 hoc
1519 316 1590 358 ipso
1615 324 1695 347 mox
1717 320 1798 347 actu

330 361 513 405 'solenniter
540 378 572 405 et
589 382 683 405 more
708 373 877 413 Majorum
900 370 1087 404 decorandi.
1131 370 1286 404 Fuissent
1308 370 1384 412 alii,
1405 369 1434 402 si
1458 379 1582 413 paucos
1604 374 1680 402 ante
1701 378 1792 401 men-

337 437 410 469 ses,
433 427 572 461 fuissent
591 429 710 461 iterum
734 427 788 461 alii
811 429 840 461 si
865 429 964 471 paulo
987 428 1126 461 fortasse
1145 428 1251 461 serius
1269 428 1352 459 haec
1370 436 1466 459 sacra
1485 431 1598 458 nostra
1622 424 1795 458 celebran-

315 509 320 524 ,
341 483 384 516 da
403 483 550 517 fuissent.
599 486 671 517 Imo
695 494 786 517 nunc
812 485 934 526 etiam,
955 490 987 517 et
1013 486 1047 519 in
1075 484 1192 518 iisdem
1218 483 1397 525 classibus,
1430 489 1462 516 et
1478 483 1513 514 in
1534 481 1647 525 quinta
1664 480 1795 515 studio·-

338 548 414 571 rum
431 539 554 580 classe,
579 540 764 582 complures
788 546 866 573 sunt
888 541 944 583 qui
967 540 1083 573 eodem
1103 539 1228 573 honore
1252 539 1339 583 digni
1367 544 1575 573 censeantur.

380 596 505 626 Laetus
522 595 619 637 igitur
641 595 762 628 laetitia
787 596 894 631 vestra
918 601 949 628 et
974 595 1073 638 hujus
1094 596 1294 629 Academiae
1315 614 1358 620 -
1379 597 1448 639 ipse
1470 594 1594 627 recenti
1618 598 1650 625 et
1673 592 1798 636 gravis-

338 651 423 683 simo
450 651 583 684 vulnere
612 649 745 685 saucius
768 672 811 677 —
833 658 866 686 at
891 651 1029 685 omnino
1051 651 1168 685 lubens
1193 652 1236 684 ad
1262 653 1316 684 illa
1342 662 1425 695 quae
1454 650 1489 683 in
1515 650 1579 682 hac
1602 647 1795 682 solennitate

336 705 418 737 mihi
442 706 625 749 peragenda
649 713 728 739 sunt
749 708 890 749 accedo,
922 708 1098 752 facilesque
1115 715 1241 743 vestras
1255 735 1264 751 ‚
1297 710 1347 744 vel
1368 713 1455 742 certe
1482 720 1550 742 non
1578 708 1797 750 refragrantes

336 772 434 795 aures
457 762 582 805 flagito,
606 765 808 798 Promotoris
823 764 892 799 sive
910 767 980 806 jure
1006 766 1074 800 sive
1101 765 1210 798 officio
1235 766 1351 808 paucis
1375 764 1479 798 Vobis
1507 764 1715 807 expositurus
1738 772 1796 794 ar-

335 822 552 860 gumentum,
574 817 616 850 ab
637 817 698 851 illis
729 819 862 862 quidem
888 819 1078 862 disciplinae
1098 826 1230 854 nostrae
1254 820 1405 863 partibus
1424 821 1584 863 petitum,
1607 829 1689 862 quas
1705 820 1793 861 ipse,

339 873 390 907 vel
416 877 532 916 sponte
561 875 737 917 animoque
764 885 859 916 meo,
895 876 946 909 vel
974 876 1131 918 quoniam
1165 875 1286 908 nemini
1307 881 1445 919 possunt
1476 875 1630 916 obtrudi,
1664 874 1795 916 suscepi

337 927 521 968 docendas;
554 934 587 961 at
614 930 795 971 ejusmodi,
823 935 860 962 ut
887 941 964 963 cum
992 932 1073 974 ipsis
1106 932 1305 965 Academiae
1334 930 1525 964 solennibus
1558 931 1792 972 conjunctum,

340 989 372 1016 et
394 990 563 1026 praeterea
587 985 736 1018 vIdeatur
761 992 1005 1029 opportunum,
1028 993 1060 1020 et
1083 986 1246 1030 pertineat
1275 987 1318 1019 ad
1346 997 1403 1020 vos
1425 996 1561 1027 omneS,
1584 987 1650 1028 ⁶qui
1672 984 1797 1028 gaude-

336 1039 378 1071 tis
404 1049 475 1072 esse
499 1040 626 1083 Belgae.
678 1042 866 1086 Nimirum,
900 1043 1087 1078 doctrinas
1112 1044 1290 1090 politicas
1317 1044 1356 1078 in
1380 1043 1599 1079 Academiis
1634 1041 1796 1077 maxime

337 1094 500 1138 Belgicis
528 1107 603 1131 esse
632 1096 827 1133 docendas,
1357 1103 1359 1105 ’

381 1209 531 1253 Plerique
554 1211 691 1244 fortasse
713 1218 860 1247 vestrum
881 1231 925 1238 —
955 1216 1139 1258 junioribus
1165 1216 1299 1260 quidem
1323 1216 1467 1259 exceptis
1490 1233 1533 1239 -—
1554 1214 1797 1256 interfuerunt,

339 1273 444 1307 quum
461 1272 535 1299 ante
557 1266 618 1299 hos
648 1267 822 1301 duodecim
843 1280 969 1313 annos,
993 1272 1117 1316 proprii
1140 1274 1376 1317 qualiscunque
1401 1272 1492 1316 regui
1520 1271 1708 1305 Hollandici
1730 1281 1796 1304 no-

338 1323 428 1355 mine
459 1328 490 1354 et
511 1323 652 1366 imagine
679 1324 858 1368 exstincta,
887 1327 1066 1372 nobisque,
1096 1335 1133 1361 ut
1156 1330 1293 1372 imperio
1323 1330 1469 1368 Gallico,
1499 1329 1647 1371 duroque
1667 1331 1797 1368 sceptro

337 1386 401 1410 suo
428 1378 524 1420 plane
538 1378 750 1412 subessemus
764 1404 774 1421 ‚
807 1392 827 1413 a
850 1383 1053 1424 Napoleonte
1085 1385 1231 1418 subactis
1247 1410 1257 1426 ,
1293 1390 1487 1418 conservata
1510 1384 1595 1416 haec
1619 1379 1797 1414 Academia

336 1433 667 1476 Lugduno-Batava,
692 1435 750 1467 sed
774 1435 816 1467 ab
843 1437 943 1469 altero
968 1438 1032 1471 hoo
1052 1441 1229 1472 Procruste
1251 1440 1297 1472 ad
1320 1440 1526 1473 Gallicarum
1551 1448 1691 1471 suarum
1708 1437 1798 1470 Aca-

337 1487 524 1520 demiarum
549 1490 686 1522 modum
710 1492 833 1533 partim
849 1498 1014 1534 protracta
1041 1495 1164 1537 partim
1186 1501 1332 1537 resecta,
1364 1496 1563 1539 magnifiee,
1589 1494 1713 1527 hercle!
1738 1492 1795 1525 sed

339 1543 424 1574 tristi
447 1544 500 1575 ill-‘32
521 1546 645 1578 servilis
666 1548 838 1588 apparatus
868 1550 1008 1591 pompa,
1045 1551 1308 1584 installaretur·
1330 1562 1349 1584 a
1371 1563 1597 1592 BRUGMANSIO,
1628 1551 1698 1584 viro
1719 1559 1796 1582 ma-

340 1607 425 1639 gno,
456 1598 590 1631 meliore
618 1599 748 1633 fortuna
779 1602 884 1644 digno.
908 1622 952 1627 —
981 1604 1199 1637 Memineritis
1227 1605 1328 1639 etiam
1353 1608 1516 1648 laetioriS,
1550 1612 1582 1638 et
1606 1605 1794 1648 expiatricis

336 1653 433 1687 veluti
453 1654 674 1695 solennitatiS,
697 1667 820 1698 quum,
848 1658 989 1691 triennio
1010 1666 1105 1702 post,
1130 1671 1269 1693 excusso
1293 1661 1351 1693 sed
1366 1667 1398 1693 ct
1419 1662 1514 1703 plane
1537 1661 1701 1703 perfracto
1722 1663 1795 1694 Na-

334 1708 495 1751 poleontis
520 1711 612 1751 jugo,
644 1712 813 1754 patriaque
835 1715 955 1745 nostra?
976 1714 1039 1747 sibi
1065 1716 1207 1758 reddita,
1243 1718 1323 1760 quin
1353 1718 1453 1749 altera
1479 1718 1531 1749 sui
1558 1723 1650 1760 parte
1675 1721 1790 1759 aucta,

333 1769 365 1796 ct
389 1764 431 1796 ad
456 1764 614 1808 scriptam
641 1772 672 1798 ct
694 1777 773 1800 sane
800 1768 969 1802 liberalem
991 1771 1119 1814 imperii
1148 1774 1251 1815 legem
1278 1774 1472 1814 constitute,
1503 1773 1681 1806 reformata
1707 1773 1791 1807 haec

329 1820 511 1853 'Academia
533 1821 595 1854 hoc
618 1823 691 1865 ipso
714 1822 750 1855 iu
775 1825 895 1867 templo
922 1827 1176 1869 inauguraretur
1200 1839 1222 1860 a
1248 1841 1400 1860 mimimo
1430 1829 1529 1869 (hem
1559 1829 1654 1861 nobis
1680 1841 1788 1874 nuper

331 1879 484 1919 erepto),
516 1878 651 1911 redacta
673 1880 806 1922 quidem
831 1881 874 1914 ad
895 1893 1018 1915 novam
1048 1884 1233 1916 studiorum
1258 1883 1421 1924 formam,
1454 1883 1496 1915 ab
1520 1883 1592 1927 ipso
1614 1897 1784 1928 KEMPERO,

330 1936 364 1964 et
383 1936 557 1966 D’ESCURYO
579 1940 690 1967 nostro
712 1953 756 1958 —
778 1947 876 1980 quem
901 1938 1035 1972 honoris
1062 1951 1164 1972 causa
1191 1941 1328 1973 nomino
1352 1945 1383 1972 et
1405 1941 1562 1983 compello
1584 1959 1627 1965 —
1652 1942 1784 1985 aliisque

329 1989 508 2030 praeclaris
539 1990 617 2023 viris
648 1992 850 2034 propositam
878 2000 910 2027 et
942 1995 985 2027 ab
1023 1996 1146 2038 optimo
1180 1999 1267 2039 Rege
1303 1995 1553 2038 comprobatam
1582 2000 1780 2041 jussamque.

328 2044 404 2075 Hac
425 2045 509 2076 nove
530 2045 615 2088 lege,
639 2049 808 2090 complura
833 2049 986 2092 quidem,
1010 2061 1094 2094 quae
1118 2063 1139 2084 a,
1164 2051 1267 2084 Gallis
1289 2057 1377 2083 recte
1406 2053 1543 2095 cogitata
1569 2052 1782 2096 videbantur,

329 2103 458 2131 servata
480 2100 581 2143 inque
603 2113 677 2137 rem
703 2112 854 2140 nostram
881 2117 996 2149 versa,
1020 2109 1162 2151 plurima
1183 2108 1341 2151 pristinae
1361 2106 1487 2140 formae
1508 2107 1655 2150 reddita,
1679 2109 1783 2142 multa

1726 2175 1785 2202 vee
