1919 2511
294 168 329 197 16
602 163 784 195 ANTONH
804 163 979 195 HENRICI
1000 172 1066 195 vAN
1087 173 1153 196 DER
1173 166 1288 197 BOON
1303 167 1453 199 *MESCH

290 256 320 277 et
353 246 569 285 phosphorico,
608 249 642 276 de
673 248 778 285 quibus
815 256 881 277 mox
914 250 995 285 plura
1019 248 1129 286 dicam,
1164 258 1236 285 quae
1268 250 1415 280 cumillis
1439 255 1506 279 sunt
1530 250 1690 281 commixta.
1738 252 1794 282 sed

291 301 379 337 liujus
407 298 486 327 humi
511 305 666 328 extractum
686 300 767 333 etiam
797 308 828 328 se
853 300 1002 337 distinguit
1025 300 1058 328 ab
1090 301 1166 328 humi
1194 302 1307 339 pinguis
1336 307 1485 337 extracto,
1509 303 1587 336 quod
1611 302 1682 331 illud
1703 312 1797 339 neque

291 352 363 380 adeo
385 350 468 379 facile
499 350 533 378 ab
561 352 636 385 aqua
662 351 841 387 suscipitur,
863 360 957 387 neque
983 352 1048 380 a'e’re
1073 351 1114 379 sic
1141 358 1266 380 mutatur
1291 358 1322 380 ut
1346 351 1479 388 deinceps
1504 352 1610 381 diutius
1636 354 1710 388 aqua
1737 362 1796 383 uon

293 402 370 432 solvi
395 402 502 438 possit.
543 402 627 431 Nihil
656 402 737 431 etiam
758 402 835 430 humi
852 402 946 431 acidae
969 403 997 431 in
1024 410 1055 430 se
1083 402 1204 438 suscipit
1234 403 1280 430 vel
1304 402 1423 438 spiritus
1451 402 1511 431 vini
1537 404 1581 431 vel
1617 404 1712 432 aether
1738 405 1799 433 sul-

296 454 423 484 suricus.
463 452 551 481 Nunc
584 460 678 482 autem
707 453 805 481 harum
833 454 954 489 partium
978 454 1057 482 humi
1081 453 1203 483 indolem
1223 454 1373 490 indagem,
1413 462 1484 490 quae
1508 462 1567 484 non
1592 454 1626 482 ab
1650 455 1724 490 aqua
1751 462 1799 483 su-

290 506 474 541 scipiuntur,
496 513 594 532 verum
614 504 749 533 alcalibus
767 506 932 534 solvuntur.

331 557 406 586 Cum
433 556 536 583 humus
563 557 610 584 vel
634 563 750 592 potassa
775 556 820 584 vel
846 556 923 590 soda}
936 564 1008 592 aqua
1033 560 1128 587 soluta
1145 558 1190 586 vel
1209 559 1286 587 calce
1301 564 1464 594 coquatur,
1487 558 1591 587 humor
1609 558 1734 587 nascitur
1751 559 1802 587 ssa-

293 609 324 638 vi
348 609 394 636 vel
420 605 495 635 fusci
514 607 639 643 color1s‚
667 616 720 644 pro
741 606 897 643 quantitate
918 609 1042 637 materiei
1064 617 1134 644 quae
1160 608 1207 650 iis,
1222 610 1316 637 soluta
1337 616 1391 638 est.
1441 609 1518 637 Haec
1540 609 1645 637 solutio
1667 618 1718 645 per
1737 611 1803 638 lon-

292 668 360 697 gum
390 665 502 694 tempus
530 658 637 695 integra
664 658 771 687 servari
798 665 916 694 potest,
944 666 1094 696 antequam
1122 661 1186 688 a'ere
1213 666 1340 688 mutetur
1367 666 1394 687 et
1417 658 1446 688 in
1471 660 1501 688 ea
1520 660 1677 689 nubeculae
1704 660 1804 689 obser-

293 718 409 740 ventur.
440 708 538 737 Acidis
556 715 649 738 tamen
667 709 750 737 facile
763 709 892 739 materies
910 718 943 737 ex
962 712 994 739 est
1013 711 1187 747 deponitur,
1208 710 1326 738 maxime
1342 710 1436 738 addito
1457 710 1538 738 acido
1558 710 1801 747 hydrochloric0‚

291 764 340 791 vel
367 760 508 790 sulsurico
537 759 656 796 dilutis,
682 767 768 796 atque
796 760 928 789 universe
952 767 1076 796 praestat
1103 761 1144 789 uti
1168 760 1255 788 acidis
1278 760 1483 796 mineralibus‚
1517 769 1599 796 quam
1623 763 1798 799 plantarum3

291 813 351 841 vidi
375 812 449 840 enim
477 820 507 841 v.
529 819 557 846 gi
582 810 689 839 acetico
713 811 853 848 ejusmodi
877 811 1050 840 solutionem
1075 819 1134 840 non
1154 811 1233 840 valde
1248 811 1369 841 turbari.
1408 811 1486 840 Cum
1513 819 1583 848 ergo
1606 811 1672 840 huic
1689 813 1802 841 humori

290 864 409 892 addatur
437 861 546 890 acidum
580 861 833 898 hydrochloricum
863 864 908 891 vel
938 861 1135 898 sulfuricum,
1162 871 1298 899 praeceps
1326 862 1409 891 datur
1435 862 1571 891 materies,
1591 861 1693 898 fusca,
1731 873 1802 899 quae

291 915 327 943 ab
363 914 483 942 humore
515 921 620 941 secreta
660 920 687 942 et
713 913 828 949 saepius
854 913 928 949 aqua
962 915 1050 941 lavata
1083 919 1110 941 et
1143 914 1209 943 dein
1234 913 1375 942 exsiccata
1411 913 1506 950 pulvis
1531 912 1630 941 fuscus
1658 920 1721 950 est,
1754 915 1803 950 qui

291 971 435 995 monstrat
457 964 648 1000 proprietates
677 973 744 1000 eas,
771 964 876 1000 quibus
895 971 1034 1000 apparet,
1064 965 1183 993 maxime
1204 973 1265 993 eum
1293 973 1355 993 esse
1380 964 1521 993 diversum
1546 964 1580 992 ab
1603 973 1637 993 eo
1656 971 1803 1001 extracto,

288 1019 326 1046 de
355 1026 413 1053 quo
438 1015 509 1045 vidi.
559 1016 664 1051 Neque
690 1016 763 1045 enim
791 1016 825 1044 ab
854 1016 956 1052 frigida
983 1024 1076 1051 neque
1102 1025 1117 1044 a
1146 1015 1237 1044 calida
1264 1016 1338 1050 aqua
1373 1014 1550 1051 suscipitur,
1584 1024 1677 1051 neque
1703 1025 1718 1045 a
1743 1017 1806 1053 spi-

297 1069 355 1097 1itu
383 1067 444 1096 vini
472 1066 654 1103 fortissim03
684 1075 800 1103 parvam
827 1067 901 1095 enim
934 1069 995 1104 ejus
1021 1070 1207 1105 quantitatem
1236 1069 1324 1098 solvit
1348 1068 1470 1105 spiritus
1496 1067 1555 1096 viui
1579 1068 1700 1099 dilutus.
1739 1069 1806 1098 Sol-

293 1122 370 1150 vitur
390 1127 483 1148 tamen
504 1127 559 1155 pro
579 1126 678 1155 magna
696 1126 775 1154 parte
794 1118 1003 1148 subcarbonate
1032 1121 1117 1149 sodae
1150 1127 1177 1149 et
1199 1127 1351 1156 potassae,
1374 1119 1443 1148 soda
1462 1125 1491 1147 et
1511 1126 1626 1154 potassa
1643 1119 1724 1155 ipsa,
1746 1129 1803 1149 am·

290 1172 405 1207 monia,
427 1171 503 1199 calce
528 1169 628 1198 etiam:
653 1170 727 1198 unde
755 1169 868 1205 egregie
890 1170 1023 1205 explicari
1040 1177 1167 1207 possunt
1184 1175 1321 1205 caussae,
1344 1173 1431 1206 quare
1450 1171 1561 1198 cineres
1581 1175 1608 1197 et
1631 1170 1728 1198 alcalia
1747 1170 1803 1199 soli

296 1223 474 1252 fertilitatem
500 1220 652 1256 aliquando
675 1226 814 1256 augeant:
838 1220 887 1248 sed
907 1220 958 1248 hac
982 1220 1016 1249 de
1036 1230 1067 1249 re
1096 1229 1162 1250 mox
1187 1221 1308 1250 ulterius
1328 1220 1503 1249 videbimus.
1544 1220 1678 1255 Denique
1700 1221 1727 1249 si
1749 1221 1804 1250 sic-

292 1279 394 1307 cetur,
424 1270 540 1301 corruit.
557 1277 585 1312 et
609 1271 693 1299 micat
719 1279 771 1300 nec
795 1270 945 1307 proprium
967 1279 1098 1307 saporem
1123 1273 1171 1300 vel
1198 1271 1444 1307 odorem-habet3
1471 1272 1534 1300 aere
1559 1271 1642 1300 etiam
1666 1281 1726 1301 non
1749 1272 1804 1301 hu-

290 1325 404 1354 mescit.
446 1323 503 1351 Sed
528 1322 601 1351 illud
624 1322 705 1350 etiam
731 1321 845 1350 minime
865 1321 1063 1358 negligendum
1088 1329 1153 1357 est,
1175 1331 1233 1351 non
1258 1330 1342 1350 omne
1363 1328 1517 1351 extractum
1542 1322 1576 1350 ab
1597 1322 1735 1350 alcalibus
1757 1331 1804 1351 so-

293 1378 385 1405 lutum
410 1374 496 1404 acidis
516 1374 645 1410 deponi,
678 1373 727 1401 sed
757 1373 931 1402 soluti-onem
960 1373 1083 1409 relinqui
1107 1372 1215 1401 coloris
1240 1372 1325 1407 ssavi,
1356 1372 1430 1400 haud
1454 1371 1608 1401 absimilem
1632 1371 1699 1399 vino
1724 1372 1800 1402 albo.

291 1428 334 1457 Ut
356 1433 448 1457 autem
472 1426 553 1455 etiam
580 1425 651 1454 illud
674 1431 855 1460 secer-natur,
883 1424 1005 1461 primum
1031 1424 1145 1453 humori
1165 1424 1282 1453 addatur
1303 1422 1466 1458 ammonia,
1491 1430 1562 1457 quae
1586 1421 1714 1459 jungitur
1735 1431 1800 1451 curn

290 1479 373 1508 acido
400 1476 623 1514 hydrochlorico
643 1475 749 1512 (cujus
777 1476 843 1511 plus
872 1475 995 1504 additum
1020 1481 1078 1503 erat
1107 1483 1190 1511 quam
1215 1474 1409 1510 requireretur
1427 1473 1460 1501 ad
1478 1473 1574 1502 sodam
1594 1474 1639 1501 vel
1658 1480 1800 1509 potassam

290 1529 504 1565 saturandam)
529 1534 556 1557 et
587 1527 723 1562 deinceps
753 1527 858 1555 humor
894 1527 923 1555 in
950 1534 1017 1554 vase
1044 1528 1226 1563 porcellaneo
1253 1526 1444 1561 decoquatur.
1494 1523 1606 1553 Relicta
1632 1524 1699 1553 haec
1723 1524 1804 1554 fusca

292 1580 422 1610 materies
447 1578 566 1607 maxima
588 1586 640 1613 pro
665 1583 742 1612 parte
760 1577 793 1604 ab
815 1585 886 1612 aqua
906 1577 1074 1613 suscipitur.

332 1630 441 1667 Spiritu
476 1629 535 1658 vini
559 1628 641 1658 etiam
675 1636 759 1663 quam
788 1626 947 1656 fortissimo
971 1627 1012 1655 uti
1039 1636 1216 1664 possumus;
1246 1627 1304 1663 ,qui
1333 1627 1357 1655 si
1379 1627 1496 1656 addatur
1521 1626 1634 1654 humori
1662 1631 1730 1663 post
1755 1627 1804 1655 ad-

292 1683 377 1711 ditam
400 1680 567 1710 ammoniam
590 1686 617 1708 et
639 1679 807 1708 decoctIOne
829 1679 963 1715 spissiori
982 1679 1058 1708 facto
1087 1679 1215 1714 tamdiu,
1246 1677 1380 1715 quamdiu
1399 1677 1550 1713 turbatur,
1577 1676 1686 1706 tandem
1713 1679 1803 1715 niaj0r

293 1733 420 1769 extracti¹
436 1740 501 1768 pars
526 1731 579 1759 sub
609 1730 701 1758 forma
734 1730 890 1760 floccorum
916 1730 1063 1764 fuscorum
1092 1730 1298 1766 praecipitatur
1322 1731 1413 1766 (1),
1455 1728 1533 1765 quod
1562 1735 1715 1756 extractum
1743 1727 1803 1757 fere

295 1795 393 1815 omnes
418 1790 556 1813 monstrat
583 1783 773 1819 proprietates
807 1791 889 1818 quam
922 1782 1016 1818 illud,
1045 1782 1124 1818 quod
1155 1781 1231 1810 acida
1242 1809 1247 1818 Δ,
1262 1781 1468 1817 deposuerunt.
1515 1778 1622 1807 Differt
1652 1785 1744 1808 tamen
1767 1779 1801 1807 ab

291 1847 350 1872 eo,
372 1837 450 1873 quod
477 1843 535 1863 non
560 1843 574 1862 a
603 1834 705 1869 spiritu
731 1833 789 1862 viui
813 1833 987 1869 suscipitur3
1010 1842 1068 1862 eam
1096 1841 1166 1861 vero
1195 1832 1292 1860 alcalia
1315 1839 1414 1859 rursus
1442 1829 1557 1866 penitus
1581 1830 1713 1858 solvunt.
1754 1829 1798 1857 De

295 1890 386 1924 nique
413 1888 468 1915 hoc
493 1892 648 1914 extractum
679 1885 757 1912 humi
780 1884 878 1912 iisdem
905 1891 1019 1913 constat
1044 1883 1193 1920 principiis
1213 1891 1244 1910 ac
1265 1882 1337 1910 illud
1364 1881 1399 1909 de
1429 1889 1487 1916 quo
1516 1879 1610 1916 primo
1638 1880 1704 1907 loco
1729 1879 1803 1907 dixi-

292 1947 380 1974 mus3
408 1937 540 1967 nimirum
565 1935 725 1972 carbonio,
752 1934 952 1972 hydrogenio‚
983 1934 1132 1972 oxygenio
1156 1940 1185 1962 et
1209 1939 1314 1970 azoto,
1336 1931 1386 1961 sed
1409 1931 1520 1960 diversa
1539 1929 1648 1959 ratione
1669 1928 1798 1966 junctis;

1725 1981 1803 2016 quod

330 2076 348 2110 (ζ
361 2075 399 2109 ι)
418 2075 480 2102 ng.
499 2075 620 2101 Cromme
639 2076 656 2102 1.
670 2077 686 2102 1.
710 2083 768 2108 pag.
785 2076 842 2108 363·
