1919 2511
345 146 381 174 32
620 138 826 171 CLAUDII
867 138 1080 170 HENRICI
1118 149 1199 170 VAN
1240 139 1574 172 HERWERDEN

513 253 545 290 §0
566 260 597 290 3.
635 253 682 284 Dc
701 253 799 284 Carolr¹
814 254 922 294 Magni
936 255 1079 286 institutis
1094 264 1128 284 ac
1144 256 1272 292 moritis,
1287 255 1363 294 quod
1376 255 1418 286 ad
1430 257 1538 286 cultum
1557 257 1686 295 ritusque

993 314 1085 335 sacros
1104 308 1222 336 attinet.

381 391 507 421 Carolus
528 401 615 428 quum
633 393 817 422 vehementer
834 400 972 429 cuperet,
994 399 1026 421 ut
1047 393 1162 429 omnia,
1183 403 1256 430 quae
1274 395 1309 424 ad
1329 395 1401 424 ritus
1427 402 1454 424 et
1473 398 1583 425 cultum
1604 404 1713 425 sacrum
1731 397 1856 433 pertine-

343 449 420 478 rent,
436 443 557 472 honeste
575 452 606 472 ac
623 444 725 473 decore
743 452 946 482 peragerentur
957 465 967 481 ,
984 444 1137 480 praecipue
1154 444 1224 474 huic
1238 446 1278 474 rei
1298 446 1436 476 inservire
1453 447 1571 483 putabat
1582 467 1593 484 ,
1610 447 1734 483 rituum,
1749 447 1778 476 in
1796 456 1858 476 orn-

342 493 430 522 nibus
452 494 578 522 universi
597 494 709 531 imperii
735 496 884 530 ecclesiis,
910 504 992 525 unam
1019 497 1202 533 eamdemque
1224 507 1351 527 normam
1374 506 1401 528 et
1426 502 1563 537 regulam.
1603 501 1704 535 Itaque
1725 498 1858 536 pontifici

342 542 496 580 Romano,
525 545 572 574 cui
595 546 697 575 domus
720 547 856 576 Carolina
888 547 992 584 regiam
1018 556 1097 576 suam
1124 549 1297 586 majestatem
1321 550 1454 586 deberet,
1485 552 1598 587 placere
1629 551 1764 586 studens,
1794 559 1858 587 gra-

342 593 468 630 tiamque
494 597 557 633 ejus
581 597 637 625 sibi
663 599 692 627 in
718 606 865 634 posterum
889 607 1008 635 quoque
1033 600 1208 636 conciliare,
1230 601 1264 629 ab
1291 602 1341 630 illo
1365 609 1496 631 cantores
1526 603 1667 639 expetiit,
1698 610 1856 637 omnesque

342 646 478 675 ecclesias
503 647 663 678 Romanum
681 651 812 685 cantandi
832 660 939 680 morem
953 673 962 684 ,
983 650 1191 689 Romanosque
1214 651 1287 681 ritus
1312 653 1394 689 sequi
1417 653 1511 690 co'e‘git
1529 653 1607 690 (1).
1649 653 1698 683 Ad
1717 654 1797 689 quod
1812 653 1856 683 in-

339 697 473 726 stitutum
489 700 625 728 tuendum
644 710 674 729 ac
690 702 891 732 vindicandum
908 703 1049 738 permulta
1068 702 1155 731 edidit
1173 703 1286 731 decreta
1302 703 1380 740 (2).

378 749 525 787 Quantum
541 752 648 781 Carolo
663 755 743 783 cordi
762 762 837 784 esset
857 755 964 782 rituum
992 754 1178 788 solemnitas,
1200 754 1332 783 monachi
1360 754 1416 784 San
1439 755 1585 784 Gallensis
1612 754 1735 784 narratio
1750 755 1853 790 docet,

338 800 373 828 de
389 802 459 829 cura
476 810 559 837 quam
578 804 685 833 rituum
703 813 814 841 gereret
831 805 860 834 in
879 805 996 834 aedibus
1014 805 1074 833 suis
1092 804 1217 833 basilicis
1238 804 1317 843 (3).
1357 804 1397 833 Iis
1417 805 1513 841 enim,
1532 815 1603 842 quae
1621 806 1738 842 legenda
1756 812 1855 840 erant,

339 853 462 881 lectores
480 860 535 882 tam
552 855 664 884 assidue
681 865 712 886 ac
731 857 862 886 studiose
881 856 1113 893 incumbebant,
1135 863 1186 891 ut,
1206 858 1253 885 vel
1281 864 1316 884 ex
1336 855 1485 893 inopinato
1508 857 1602 893 legere
1623 856 1720 894 jussi,
1741 855 1857 885 minIme

341 902 372 930 in
388 904 639 939 reprehensionem
658 907 846 938 incurrerent.
888 908 988 945 Digito
1009 907 1150 937 baculove
1167 913 1334 946 protenso,
1354 913 1403 936 aut
1427 907 1543 936 homine
1562 916 1577 936 e
1593 909 1680 937 latere
1701 907 1736 937 ad
1751 907 1857 944 procul

339 954 485 984 sedentem
505 956 646 993 dimisso,
669 958 793 988 Carolus
814 959 994 995 declarabat,
1017 967 1100 995 quem
1128 960 1222 996 legere
1246 960 1342 989 vellet.
1383 958 1521 987 GutturIs
1548 968 1622 988 sono
1649 966 1743 988 autem
1770 957 1856 987 finem

339 1005 473 1035 Lenonis
501 1006 661 1037 faciendum
682 1010 820 1046 notabat,
849 1011 884 1038 ad
901 1019 984 1046 quem
1010 1010 1050 1038 ita
1075 1011 1210 1046 suspensi
1234 1017 1313 1040 erant
1335 1019 1455 1045 omnes,
1477 1018 1527 1046 ut,
1549 1011 1610 1040 sive
1635 1012 1769 1041 absoluta
1792 1018 1859 1038 sen·

339 1057 450 1093 tentia,
473 1059 533 1087 sive
551 1060 642 1088 media
666 1061 695 1089 in
718 1061 904 1091 distinctione
931 1061 1127 1098 significaret,
1149 1061 1302 1090 confestim
1332 1062 1414 1090 finem
1437 1062 1630 1098 imponerent.
1670 1063 1769 1099 Quum
1785 1068 1856 1089 vero

337 1108 491 1143 aliquando
508 1109 684 1140 Graecorum
703 1114 863 1150 legatorum
884 1120 998 1142 cantum
1019 1112 1164 1146 audierat,
1193 1119 1248 1141 tam
1272 1113 1454 1142 vehementer
1477 1112 1680 1142 modulationis
1703 1113 1765 1149 ejus
1792 1111 1858 1139 dul-

340 1160 440 1188 cedme
466 1161 622 1192 delectatus
649 1162 740 1195 fuisse
765 1165 889 1200 dicitur,
920 1171 952 1192 ut
979 1163 1091 1194 clericis
1118 1162 1272 1203 quidquam
1295 1163 1377 1202 prius
1407 1169 1520 1202 gustare
1544 1169 1668 1199 vetaret,
1691 1171 1776 1200 quam
1799 1161 1856 1191 sibi

340 1210 463 1241 carmina
482 1220 512 1240 ea
529 1212 632 1241 Latine
651 1222 790 1244 conversa
815 1215 953 1245 offerrent
975 1215 1050 1252 (4).
1416 1241 1418 1244 s

376 1260 433 1290 Hic
459 1261 535 1291 forte
561 1263 751 1301 quibusdam,
779 1275 833 1296 nec
859 1265 1020 1301 immerito,
1049 1266 1106 1296 loci
1132 1274 1195 1296 esse
1219 1265 1368 1303 videatur,
1398 1272 1430 1295 ut
1451 1266 1550 1296 Caroli
1575 1266 1674 1296 merita
1696 1273 1856 1295 memoren-

338 1318 408 1347 tur,
436 1311 465 1341 in
496 1313 637 1343 abolendo
668 1317 749 1345 cultu
775 1317 941 1354 imaginum.
987 1316 1086 1354 Quum
1122 1326 1190 1347 vero
1219 1318 1371 1353 quaestio,
1398 1326 1434 1346 an
1459 1318 1616 1346 adorandae
1642 1324 1690 1346 aut
1721 1316 1855 1345 colendae

335 1362 474 1400 imagines
498 1364 577 1401 sint,
599 1367 717 1396 omnino
742 1369 776 1397 ad
800 1368 943 1397 materiam
974 1368 1124 1404 religionis
1149 1369 1293 1397 docendae
1316 1368 1479 1404 pertineat,
1502 1368 1575 1397 infra
1595 1366 1775 1397 commodior
1800 1365 1855 1394 erit

337 1415 397 1449 ejus
419 1415 460 1443 rei
483 1417 643 1446 tractandae
669 1419 796 1449 occasio.
838 1419 1035 1458 Quamobrem
1058 1420 1128 1449 illuc
1158 1428 1189 1448 ea
1216 1418 1311 1447 omnia
1333 1418 1448 1455 refero,
1470 1419 1504 1447 de
1530 1418 1635 1454 quibus
1657 1419 1713 1456 jam
1737 1416 1854 1453 quidem

338 1462 395 1490 dici
412 1467 523 1502 possit,
545 1469 595 1496 sed
615 1478 686 1505 quae
711 1471 945 1501 memorationem
969 1472 1061 1499 multo
1082 1470 1171 1507 magis
1191 1477 1293 1507 postea
1309 1477 1473 1506 merentur,
1492 1469 1599 1508 quippe
1624 1467 1780 1507 specimina
1795 1466 1853 1497 Ca-

338 1513 392 1544 roli
414 1515 448 1544 ad
465 1520 694 1550 superstitionem
714 1523 829 1562 majoris
848 1521 1007 1550 minorisve
1024 1521 1247 1558 propensionis.

324 1592 327 1596 .
375 1565 432 1594 Hic
460 1575 530 1596 vero
563 1569 668 1597 referre
692 1573 793 1601 attinet
820 1572 1000 1609 imperatoris
1027 1580 1146 1609 curam,
1172 1579 1204 1600 ut
1229 1572 1291 1601 dies
1318 1573 1380 1601 Deo
1405 1582 1486 1603 sacer
1517 1575 1615 1603 sancte
1640 1571 1747 1608 pieque
1766 1569 1853 1598 'cole-

337 1623 428 1646 retur.
478 1618 546 1656 Quo
570 1625 699 1657 tempore
724 1623 816 1652 vetuit
844 1632 927 1660 agere
952 1631 1086 1657 caussas,
1118 1629 1304 1652 mercaturam
1331 1623 1447 1657 facere,
1475 1632 1528 1651 nec
1553 1632 1613 1650 non
1641 1622 1734 1649 rurale
1760 1620 1852 1649 servi-

335 1668 418 1705 leque
442 1676 518 1706 opus
550 1670 628 1708 (5).
677 1673 772 1713 Cujus
794 1674 866 1712 legis
896 1673 1090 1704 observandae
1119 1681 1216 1702 curam
1242 1673 1397 1710 praecipue
1427 1673 1532 1702 summi
1561 1671 1669 1701 ordinis
1697 1671 1852 1700 antistibus

1775 1730 1855 1751 man·

369 1807 386 1841 (
398 1816 408 1835 1
422 1808 437 1842 )
458 1810 533 1836 Mon.
555 1811 663 1845 Sangall.
683 1821 707 1841 c.
719 1821 759 1841 11.
776 1824 805 1848 p.
820 1822 877 1846 109.
895 1818 1033 1849 ap.Bouq.
1050 1829 1085 1835 —
1098 1816 1155 1842 Vita
1167 1816 1253 1842 Caroli
1266 1817 1372 1849 Magni,
1390 1822 1495 1842 auctore
1515 1816 1591 1838 Mon.
1603 1810 1740 1843 ΕΠὲΟῙ-ἓά
1758 1812 1847 1845 a737·

334 1861 362 1886 p.
380 1856 434 1888 185.
455 1857 473 1882 l.
489 1857 505 1883 l.
544 1858 583 1885 10.
603 1860 735 1886 Diaconus
754 1862 778 1886 in
795 1862 848 1886 vita
868 1863 945 1893 Greg.
962 1862 1050 1894 Magni
1070 1864 1088 1888 l.
1106 1862 1142 1888 11.
1161 1869 1185 1888 c.
1197 1869 1223 1894 9.
1266 1861 1400 1888 Murator.
1419 1861 1509 1893 Antiq.
1526 1859 1585 1887 Ital.
1603 1859 1670 1886 med.
1688 1866 1746 1885 aev.
1769 1860 1847 1886 t.1V.

336 1899 398 1926 ‘¹¹⁵⁵-
411 1910 452 1935 57·
469 1912 496 1936 Γ·
514 1906 573 1937 584.
591 1906 657 1939 Cap.
675 1915 698 1934 a.
713 1909 772 1939 789.
792 1916 815 1934 n.
832 1915 858 1941 7.
876 1916 917 1941 ap.
939 1910 1030 1935 Baluz.
1049 1917 1066 1936 t.
1086 1910 1107 1936 Ι.
1125 1917 1152 1941 p.
1172 1915 1195 1934 1.
1214 1915 1238 1934 n.
1253 1916 1296 1934 20.

371 1946 411 1977 (2
424 1951 439 1981 )
458 1949 486 1974 In
502 1958 580 1978 conc.
591 1954 714 1985 Aquisgr.
732 1961 755 1980 a.
765 1955 824 1987 789.
842 1963 867 1982 n.
882 1962 908 1988 7.
926 1957 992 1989 Cap.
1006 1956 1062 1982 Bal.
1080 1963 1107 1988 p.
1121 1962 1180 1987 239.
1200 1954 1228 1979 In
1242 1962 1298 1986 cap.
1316 1954 1347 1980 ai.
1357 1955 1414 1987 805.
1431 1961 1456 1979 u.
1467 1959 1491 1984 3.
1512 1952 1608 1984 Eginh.
1622 1953 1675 1979 vita
1689 1953 1747 1980 car.
1767 1960 1791 1978 c.
1803 1960 1846 1985 24.

372 1993 387 2027 (
407 1993 439 2027 3)
458 1996 534 2023 ΜΟΠ-
554 1996 676 2029 Sangam„
695 2001 712 2026 l.
730 2001 748 2027 1.
767 2009 792 2027 c.
807 2009 822 2034 7
834 2017 844 2032 ‚
859 2003 884 2027 8.
993 2001 1056 2035 (4)
1074 2001 1150 2027 Mon.
1166 2001 1292 2032 Sangam,
1312 1999 1380 2026 1.11.
1399 2007 1424 2026 c.
1443 2006 1482 2026 11.
1501 2008 1528 2033 p.
1545 2007 1609 2032 124,
1630 2005 1687 2032 125.
1705 2008 1745 2032 ap.
1758 2000 1844 2032 Bouq.

371 2039 436 2074 (5)
463 2042 490 2067 ln
514 2049 573 2069 can.
591 2045 631 2070 16.
657 2052 733 2073 conc.
751 2047 872 2080 Aquisgr.
890 2055 914 2074 a.
929 2053 984 2079 813.
1010 2055 1050 2080 ap.
1070 2047 1174 2077 Mansi,
1192 2054 1212 2074 t.
1229 2047 1301 2074 xlv.
1326 2055 1353 2080 p.
1369 2047 1412 2074 61.
1432 2047 1515 2080 Opera
1533 2045 1667 2072 interdicta
1686 2047 1758 2072 latius
1780 2045 1845 2073 iudi.

333 2094 421 2113 cantur
439 2089 463 2114 in
481 2097 540 2117 can.
553 2097 595 2123 79.
615 2098 691 2118 conc.
711 2092 831 2125 Aquzsgr.
850 2100 874 2120 a.
890 2095 948 2127 789.
967 2101 1009 2127 ap.
1028 2095 1075 2120 Bal
1106 2103 1133 2127 p.
1155 2100 1214 2126 239.
