1919 2511
289 189 327 218 42
617 175 799 208 ANTONII
819 173 996 205 HENRICI
1017 180 1086 202 VAN
1106 180 1174 202 nen
1193 171 1306 203 BOON
1327 171 1478 202 MESCH?

289 262 463 291 celebritatis
485 259 554 291 viris
577 261 679 297 rejecta
697 265 783 295 sunt,
805 258 941 295 inprimis
962 265 978 286 a
1005 256 1184 294 Bergmanno
1206 256 1300 294 (1),
1329 246 1548 284 Has'senfratzio
1578 252 1667 291 (2),
1696 252 1805 284 Kirwa-

293 322 332 344 no
353 314 420 352 (3)
442 320 469 342 et
492 311 646 342 Saussurio
669 310 754 348 (4),
778 311 886 347 quippe
910 317 969 338 non
995 307 1033 336 ita
1059 308 1209 343 instituta,
1233 314 1264 336 ut
1292 307 1385 336 omnis
1414 313 1524 343 praeter
1553 313 1661 341 aquamv
1678 305 1812 334 materies

291 373 307 393 a
329 364 434 402 plantis
459 369 613 393 arceretur.
655 362 773 391 Illorum
799 368 893 390 tamen
916 361 1083 390 sententiam
1108 360 1212 390 iterum
1243 369 1296 397 pro
1327 367 1406 396 parte
1432 360 1578 394 amplexus
1599 363 1643 387 est
1659 357 1805 393 Crellius,

291 415 343 452 qui
366 416 483 444 affirmat
510 414 602 443 solius
628 421 716 449 aquae
741 421 798 448 ope
822 413 933 447 plantas
951 411 1077 448 proferri
1106 421 1195 448 posse
1217 420 1251 441 ex
1282 411 1441 440 seminibus
1465 409 1612 438 Helianthi
1639 408 1748 444 annui,
1777 410 1815 436 et‘

292 467 405 503 quidem
420 466 482 501 ita,
505 472 537 494 ut
567 465 609 493 sic
640 473 733 494 novae
757 464 871 499 plantae
892 469 992 490 rursus
1016 462 1171 498 praebeant
1197 461 1338 491 foecunda
1368 461 1475 490 semina
1495 459 1582 500 (5);
1610 469 1668 496 quo
1695 458 1807 497 experi-

291 523 389 547 mento
416 523 443 545 et
466 516 556 551 alios,
578 515 711 551 inprimis
742 522 811 543 vero
830 512 1078 542 Hassenfratzium
1101 513 1233 542 refellere
1259 518 1380 541 conatus
1407 519 1470 548 est,
1493 512 1543 548 qui
1570 517 1722 548 negaverat
1745 511 1808 539 sola

292 576 366 603 aqua
381 569 492 604 plantas
512 575 546 595 eo
565 575 650 603 posse
670 565 808 602 perduci,
830 571 862 593 ut
880 564 1022 594 foecunda
1038 565 1208 601 praeberent
1225 564 1343 593 semina.
1383 563 1487 593 Postea
1509 572 1578 593 vero
1604 561 1700 590 eadem
1724 569 1810 598 expe·

288 619 410 647 rimenta
439 617 576 654 repetivit
602 617 730 646 Crellius
757 623 784 645 et
803 615 917 652 quidem
942 615 991 644 tali
1027 615 1162 652 ratione.
1188 621 1222 644 ut
1252 614 1442 651 carboniam,
1475 614 1553 650 quod
1578 612 1620 643 sic
1647 612 1807 649 in·plantis

290 675 406 698 auctum
429 669 521 702 vidit,
546 677 605 697 non
622 676 656 696 ex
670 667 752 696 acido
775 666 930 696 carbonico
954 672 1049 695 natum
1071 675 1135 695 esse
1159 674 1245 703 posse
1266 665 1405 703 affirmetg,
1428 672 1509 702 putat
1528 665 1615 702 igitur
1637 673 1758 701 aquam,
1778 661 1809 692 id

294 726 339 749 est
351 739 361 753 ,
384 721 421 756 85
440 719 577 756 oxygenii
608 725 636 748 et
666 727 701 755 15
718 718 891 755 hydrogenii
910 724 1004 754 partes
1018 738 1028 753 ,
1049 726 1065 746 a
1083 719 1180 754 planta
1201 718 1365 753 absorptam
1384 717 1457 746 lucis
1475 723 1503 746 et
1518 718 1678 753 plantarum
1698 712 1810 745 viribus

292 771 460 800 carboniam
489 770 628 799 formasse
648 770 730 807 (6).
770 769 922 807 Ejusmodi
939 768 1092 804 opiniones
1112 769 1228 797 minime
1254 768 1460 797 confirmantur
1475 786 1486 804 ,
1507 773 1535 796 et
1561 766 1654 796 refelli
1678 764 1815 795 videntur

292 822 441 852 Saussurii
474 821 696 858 experimentis,
720 820 825 857 quibus
850 820 1006 857 probavit,
1027 820 1197 849 carbonium
1227 818 1257 848 in
1292 818 1328 847 iis
1359 818 1486 855 plantis,
1517 826 1589 854 quae
1612 816 1643 846 in
1665 815 1741 852 aqua
1773 814 1813 844 ita

295 880 451 909 crescunt,
478 880 511 902 ut
538 874 649 903 nullum
674 872 747 901 adsit
777 871 889 901 acidum
925 871 1139 907 carbofficum,
1171 870 1285 900 minime
1314 870 1423 906 augeri.
1470 868 1511 898 Et
1535 876 1632 898 revera
1664 866 1690 896 si
1721 872 1811 895 totam

299 926 400 955 Crellii
423 924 668 954 ratiocinationem
696 931 882 959 assequamur
908 930 936 952 et
959 923 1121 958 rationem,
1150 923 1207 958 qua
1237 921 1428 958 experimenta
1456 929 1521 949 esse
1546 919 1678 949 instituta
1693 923 1811 953 narrat,

296 985 356 1005 non
382 983 528 1012 possum,
559 976 630 1012 quin
651 975 870 1004 animadvertam
888 995 899 1010 ‚
928 975 1017 1002 multa
1044 974 1078 1003 ab
1112 982 1146 1002 eo
1172 980 1317 1008 tamquam
1344 973 1462 1008 probata
1490 980 1555 1000 esse
1588 976 1709 1006 sumta,
1742 977 1817 1006 quae

295 1027 376 1064 prius
394 1027 540 1064 probanda
557 1026 690 1062 fuerant,
711 1033 797 1061 atque
814 1034 872 1054 non
888 1033 977 1061 pauca
996 1025 1171 1060 desiderari,
1194 1033 1317 1060 quorum
1336 1023 1466 1060 cognitio
1491 1023 1525 1051 ad
1550 1023 1614 1060 ejus
1639 1019 1819 1057 experimen-

298 1086 327 1107 ta
353 1078 533 1116 dijudicanda
561 1077 693 1107 valuerit.
743 1076 849 1104 Verum
875 1075 957 1104 etiam
978 1076 1050 1104 illud
1072 1075 1187 1104 minime
1217 1075 1419 1112 negligendum
1441 1079 1505 1109 est,
1534 1073 1638 1109 quod,
1664 1071 1816 1101 statuendo

297 1138 399 1166 aquam
422 1130 513 1158 solam
536 1129 647 1164 plantas
663 1127 794 1163 nutrire,
816 1127 902 1155 simul
917 1133 1116 1155 assumserunt
1140 1135 1199 1155 eam
1219 1135 1281 1154 esse
1296 1125 1370 1154 lucis
1390 1125 1470 1160 vim,
1494 1130 1527 1152 ut
1543 1124 1577 1152 ea
1598 1131 1632 1152 ex
1655 1130 1728 1159 aqua
1747 1122 1818 1151 fiant

300 1187 329 1210 et
351 1180 518 1209 carboniam
532 1185 560 1207 et
577 1185 696 1207 azotum
717 1185 746 1207 et
764 1179 858 1213 sales,
879 1178 1012 1213 aliaque,
1035 1186 1106 1213 quae
1128 1177 1234 1214 plantis
1261 1177 1356 1205 inesse
1373 1174 1492 1204 scimus.
1531 1173 1716 1210 Sedplantae
1737 1173 1820 1209 ipsae.

299 1230 444 1266 aquaticae
468 1230 518 1258 has
537 1228 686 1258 debilitant
705 1229 858 1265 opiniones
872 1251 880 1261 ‚
903 1237 973 1264 quas
986 1249 998 1264 ,
1017 1228 1084 1257 licet
1100 1229 1209 1265 magnis
1226 1228 1284 1257 sint
1308 1227 1464 1257 instructae
1481 1225 1584 1261 foliis,
1605 1224 1735 1261 adeoque
1754 1224 1815 1253 val-

301 1283 335 1310 de
353 1288 435 1318 aptae
456 1281 607 1310 credantur
624 1281 658 1309 ad
673 1280 836 1309 imbibenda
853 1285 881 1308 et
899 1279 1080 1308 absorbenda
1104 1288 1153 1315 ea,
1175 1288 1247 1316 quae
1268 1280 1298 1309 in
1320 1280 1384 1308 aere
1402 1283 1489 1310 sunt,
1510 1283 1605 1306 tamen
1623 1281 1738 1304 constat
1755 1272 1818 1303 suis

301 1333 444 1362 radicibus
467 1338 564 1369 petere
589 1338 711 1367 terram,
734 1331 864 1368 quamvis
886 1331 920 1360 ea
941 1339 1000 1360 uon
1029 1330 1179 1367 indigent,
1201 1337 1233 1359 ut
1259 1319 1454 1359 sustineantur
1474 1328 1555 1365 (7).
1595 1325 1700 1354 Multis
1719 1331 1816 1355 tamen

301 1384 395 1413 modis
414 1393 486 1419 aqua
505 1383 583 1412 favet
603 1383 731 1421 plantis;
753 1383 804 1412 sed
823 1382 876 1411 hac
900 1382 934 1411 de
962 1390 994 1411 re
1023 1390 1092 1411 mox
1109 1384 1192 1419 plura
1210 1381 1358 1418 dicemus,
1379 1387 1456 1410 nunc
1478 1385 1572 1408 autem
1600 1377 1636 1407 de
1654 1376 1736 1406 acido
1754 1383 1814 1405 car·

305 1434 412 1464 bonico
433 1435 592 1464 videamus.

1743 1477 1825 1507 Con-

302 1568 305 1573 '
338 1566 405 1600 (1)
423 1567 485 1594 Vici.
502 1569 644 1600 Bergman,
663 1568 796 1601 Opuscula
814 1569 922 1603 physica
946 1573 974 1593 et
992 1567 1112 1600 chymica
1135 1568 1191 1594 vol.
1208 1566 1242 1593 V·
1265 1575 1293 1600 p-
1310 1566 1442 1598 88—94·
1466 1562 1529 1590 edit.
1549 1560 1723 1588 Hebeustreit.
1757 1560 1818 1594 LfP·

308 1615 357 1639 53ae
377 1615 450 1648 1738.

344 1658 409 1693 (2)
430 1660 489 1686 Vid.
509 1660 691 1692 HassenfratZ,
710 1668 754 1686 sur
773 1662 797 1686 la
816 1661 940 1687 nutrition
960 1659 1006 1685 des
1025 1660 1180 1693 vegetaux.
1214 1660 1344 1686 Memoire
1359 1659 1381 1684 Ι.
1400 1658 1426 1683 in
1442 1653 1733 1688 Annale1deAChimie,
1753 1659 1817 1679 tom.

307 1707 384 1732 XIII.
401 1715 428 1737 p.
447 1708 490 1739 178
512 1713 537 1731 et
556 1714 629 1739 seqq.

342 1750 407 1785 (3)
427 1752 492 1779 Vid.
509 1752 610 1777 Kirwan
623 1770 631 1782 ‚
651 1751 789 1778 Memoires
814 1760 858 1779 sur
875 1754 911 1779 les
935 1754 1043 1785 Engrais
1068 1763 1097 1788 p.
1112 1762 1159 1787 3¹2
1178 1761 1204 1780 et
1223 1760 1297 1786 seqq.
1323 1759 1430 1779 recussa
1453 1757 1515 1786 post
1538 1749 1625 1777 Traite
1639 1748 1685 1775 des
1708 1747 1818 1780 Engrais

308 1806 353 1832 par
377 1799 515 1829 Maurice,
535 1799 735 1826 Geneve1806.

343 1844 405 1878 (4)
425 1845 483 1870 Vid.
503 1845 624 1870 Saussure
645 1846 662 1871 Ι.
681 1847 698 1871 l.
721 1853 747 1878 p.
763 1853 811 1879 240
829 1852 853 1871 et
871 1853 946 1878 seqq.

341 1890 408 1926 (5)
429 1891 493 1918 Vid.
512 1892 667 1917 Chemische
683 1892 786 1918 Annali,
809 1899 861 1917 von
885 1893 957 1918 Creli
977 1892 1008 1919 B.
1025 1893 1061 1918 11.
1089 1900 1116 1925 p.
1131 1897 1188 1921 110.

342 1938 405 1972 (6)
424 1937 486 1964 Vid.
502 1937 604 1971 Journal
625 1937 666 1962 fur
683 1938 794 1963 Chemie
812 1946 865 1964 von
886 1940 986 1964 Gehleu
1007 1940 1038 1966 B.
1054 1939 1100 1966 lx.
1124 1947 1151 1971 p.
1171 1939 1228 1972 156.
1263 1938 1364 1964 Multos
1387 1944 1444 1964 esse
1465 1941 1560 1963 errores
1585 1936 1610 1961 in
1630 1935 1680 1960 hac
1697 1934 1813 1966 disputa·

309 1987 378 2011 tione
401 1985 490 2011 Crellii
515 1985 571 2017 ipse
594 1984 673 2010 docet
691 1985 812 2017 Gehlen,
829 1986 848 2012 1.
866 1986 887 2011 1.
906 1993 933 2018 p.
954 1986 1012 2012 166.
1047 1986 1093 2013 Cf.
1111 1985 1214 2020 Journal
1235 1985 1277 2011 fur
1301 1985 1411 2011 Chemie
1432 1983 1485 2009 und
1507 1982 1602 2016 physik
1623 1988 1676 2008 von
1694 1980 1813 2007 Schwei-

310 2039 355 2064 ger
376 2032 408 2057 B.
427 2031 462 2056 ll.
480 2039 506 2063 p.
525 2031 572 2062 265
598 2037 623 2056 et
646 2032 706 2059 281.

343 2076 410 2112 (7)
428 2077 490 2104 vid.
508 2077 590 2102 Korte
613 2079 632 2104 Ι.
649 2079 667 2104 1.
686 2087 713 2111 p.
732 2086 819 2111 104-
831 2079 888 2104 103.
924 2078 1033 2111 Egregie
1046 2079 1137 2109 etlam,
1154 2084 1185 2105 ut
1204 2080 1287 2111 solet,
1305 2078 1369 2104 hanc
1387 2077 1488 2103 refellit
1510 2075 1656 2110 opinIonem
1670 2072 1808 2107 ischrade-

310 2131 354 2150 rus
377 2125 401 2149 in
425 2124 522 2150 Archiv
539 2131 590 2150 von
611 2124 781 2150 Hermbstadt
801 2125 834 2151 B.
848 2124 908 2151 VH.
926 2132 954 2157 p.
967 2131 1016 2156 312
1035 2130 1062 2150 et
1082 2131 1156 2156 seqq.
