1919 2511
642 144 1058 178 CARMEN.

223 232 298 266 Hac
317 232 386 264 sola
408 231 601 264 innumeras
622 231 786 274 pensabat
807 231 880 265 luce
902 231 1054 265 tenebras
1069 257 1082 274 ,

311 302 513 333 Percurrens
535 299 620 335 vitae
641 298 746 334 tristia
769 300 875 333 multa
897 310 988 333 suae.

220 371 273 401 Ex
293 369 396 401 oculis
418 370 584 412 lacrymae
607 369 752 402 cecidere
773 368 990 402 tumentibus.
1034 371 1077 402 Et
1100 379 1139 402 se

306 437 374 470 Vix
394 439 500 480 potuit
521 438 636 481 grandi
657 448 753 470 mens
775 448 894 482 capere
918 439 983 471 alta
1007 439 1093 471 sinu.

220 505 311 539 Vidit
332 506 368 538 in
390 505 454 539 hoc
475 518 543 540 uno
565 507 686 539 multos
708 506 809 540 simul
829 508 876 540 ire
899 507 1085 550 triumphos
1098 531 1110 548 7

304 576 349 607 Et
370 574 510 607 Leidam
531 574 658 618 patriae
681 586 759 608 cum
779 581 872 619 patre
894 577 1001 618 junxit
1023 585 1130 608 amor.

222 641 369 675 Transiit
391 642 434 675 ad
455 644 582 686 generis
602 654 694 676 seros
717 655 812 677 amor
834 646 894 677 iste
915 650 1062 687 nepotes.

302 712 372 744 Nec
394 712 459 745 dici
480 712 656 746 haeredem
678 718 728 754 te,
752 713 932 755 Gulielme,
956 713 1069 756 pudet.

214 779 300 812 Heio
320 779 378 813 ubi
401 781 548 814 Manritii
570 781 683 815 doctas
706 782 849 814 formata
871 792 934 824 per
955 788 1043 814 artes

301 851 400 882 Mens
423 850 560 883 dubiam
581 851 665 883 rexit
686 860 746 893 per
766 850 851 883 freta
873 861 973 884 saeva
995 856 1100 882 ratem
1114 874 1126 890 ‚

220 917 274 948 Tu
296 928 425 960 quoque
447 918 598 951 discebas
619 918 772 952 viridanti
793 920 829 951 in
850 919 929 951 flore
952 920 1125 960 juventae,

306 987 383 1027 Quo
405 985 532 1029 patriae
553 996 668 1030 posses
690 985 780 1019 utilis
800 996 871 1020 esse
893 991 981 1019 tuae.

217 1052 346 1096 Aspera
367 1053 435 1087 fata
457 1054 515 1087 diu
537 1060 569 1087 et
590 1065 748 1098 grassans
767 1056 838 1088 sine
859 1055 927 1098 lege
950 1055 1102 1098 tyrannis

305 1121 426 1156 Invidit
446 1123 574 1166 patriae
596 1130 628 1157 te
648 1125 857 1168 patriamque
878 1123 946 1157 tibi.

218 1190 375 1225 Divulsos
398 1192 519 1225 iterum
541 1194 649 1235 junxit
669 1195 763 1225 Deus
786 1192 868 1237 ipse.
913 1192 1077 1236 Reditque

303 1261 466 1295 Nassavia
488 1272 639 1295 crescens
661 1267 776 1295 nostra
798 1262 903 1294 salute
925 1261 1026 1294 salus.

218 1327 248 1358 O
271 1328 316 1361 ita
339 1333 395 1370 tu,
417 1340 478 1372 per
500 1342 600 1375 quern
622 1330 719 1364 nobis
742 1331 817 1364 licet
838 1340 910 1363 esse
933 1330 1056 1370 beatis⁷

303 1399 484 1432 Communi
503 1398 613 1443 vigeas
635 1399 725 1434 dives
747 1409 861 1432 amore
883 1402 1005 1431 senex!

215 1462 337 1496 Libera
360 1465 579 1499 Arausiacam
600 1473 659 1500 tua
679 1478 739 1510 per
759 1467 894 1509 vestigia
916 1467 1054 1508 stirpem

299 1532 429 1577 Belgica
451 1536 661 1578 praeclarum
683 1546 819 1579 carpere
840 1539 964 1577 spectet
987 1535 1059 1566 iter.

215 1602 305 1633 Tum
327 1611 475 1645 quoque,
497 1609 571 1636 tum
592 1604 670 1636 felix
690 1604 782 1637 hunc
803 1602 907 1636 Leida
929 1591 1036 1635 redire
1059 1600 1179 1635 videbit

299 1669 457 1713 Auspicio
479 1681 611 1715 semper
632 1673 820 1706 candidiore
843 1671 946 1704 diem*

212 1739 303 1770 Tum
324 1738 421 1772 multi
441 1739 507 1773 hoc
527 1741 675 1785 linquent
696 1753 766 1776 non
787 1742 875 1773 sicco
897 1741 1022 1774 lumine
1047 1740 1216 1784 templum.

303 1808 443 1850 Unaque
465 1818 530 1844 vox
550 1817 662 1854 gratae
684 1811 883 1855 posteritatis
905 1811 976 1842 erit.

217 1885 235 1906 »
249 1875 333 1907 Esse
354 1874 525 1911 hominem
545 1881 630 1913 tanti
651 1886 721 1923 est,
743 1879 847 1920 tanti,
870 1878 911 1911 de
933 1879 1034 1921 stirpe
1055 1880 1195 1912 Batava.

303 1954 321 1975 n
336 1943 479 1978 Aeterna
501 1946 594 1982 haud
615 1960 683 1982 uno
705 1948 841 1982 nomine
863 1947 962 1980 turba
984 1956 1113 1980 sumus⁸

215 2022 236 2042 n·
249 2011 335 2042 Ossa
357 2010 502 2048 habeant
523 2021 649 2050 veteres
671 2015 794 2060 Delphi
816 2017 944 2060 regalia.
990 2016 1070 2048 Nati
1088 2028 1090 2031 ·

300 2089 319 2111 n
334 2079 485 2114 Moribus
505 2081 560 2116 hic
581 2083 729 2118 referunt
750 2090 782 2118 et
803 2083 924 2128 pietate
947 2085 1103 2127 patres-''-

813 2172 866 2226 effi

1542 158 1579 179 11
