1919 2511
300 219 342 250 66
613 217 809 248 PETRI
859 217 1210 248 ABRAHAMI
1253 218 1500 257 JELTES

343 301 438 331 Variis
460 307 607 330 auctorum
633 301 789 338 reponendi
810 300 951 329 methodis
975 300 1124 329 recensitis
1145 301 1269 340 (240),
1290 302 1385 332 laudat
1401 301 1523 340 Caspari
1545 310 1624 338 eam,
1648 311 1729 339 quam
1756 311 1813 334 tra-

300 352 347 382 *dit
370 353 488 389 Cooper
508 352 536 381 in
556 351 701 381 luxatione
724 353 757 381 ad
783 352 929 382 inferiora.
967 351 1027 389 Jam
1049 360 1117 380 vero
1140 361 1220 381 suam
1242 353 1380 390 proponit
1401 354 1565 383 methodum
1589 352 1721 390 (241),
1738 364 1811 392 quae

299 404 363 433 ihuc
388 404 480 432 redit:
502 403 673 439 chirurgus,
697 395 734 431 ab
757 402 976 432 amanuensibus
1001 403 1110 440 aegroti
1139 412 1261 440 corpore
1288 404 1326 434 ita
1348 412 1480 441 retento,
1503 411 1535 433 ut
1559 405 1638 434 nulla
1662 405 1728 434 inde
1751 414 1814 434 mo—

305 455 388 484 lestia
410 455 519 483 humeri
544 453 681 483 musculis
707 454 834 489 oriatur,
865 455 1012 483 humerum
1034 455 1069 482 ad
1094 454 1220 484 cubitum
1243 456 1412 492 prehendit,
1442 455 1581 492 illumque
1607 456 1642 485 ad
1666 456 1814 485 musculos

301 506 494 539 relaxandos,
525 505 573 541 qui
602 505 751 534 humerum
776 513 852 534 retro
877 511 1012 541 vertunt,
1040 505 1157 534 retrahit
1181 512 1208 534 et
1232 514 1318 543 caput
1345 508 1432 544 hujus
1455 507 1532 535 ossis
1554 507 1590 536 ad
1613 506 1741 536 tendines
1770 515 1810 536 m.

305 556 498 592 supraspinati
524 563 551 584 et
574 556 710 585 deltoidei
730 564 832 593 urget,
853 564 886 585 ut
912 557 963 592 hi,
986 565 1084 593 parum
1109 563 1269 586 anti-orsum
1296 558 1447 594 propulsi,
1468 557 1538 587 illuc
1563 557 1644 586 etiam
1664 558 1812 586 humerum

307 607 430 636 trahant.
467 607 530 644 Jam
549 615 635 640 vem,
657 608 695 635 ait
713 609 826 636 Auctor
850 605 953 645 (242)
968 628 980 644 ,
1000 608 1135 636 humerus
1153 615 1315 637 antrorsum
1332 609 1469 645 ducatur,
1495 610 1552 645 qua
1568 607 1724 637 directione
1744 616 1819 644 quo-

306 658 456 686 dammodo
481 657 513 686 fit
543 658 695 693 extensio,
725 665 753 687 et
779 656 866 695 cap'ut
892 658 967 687 ossis
992 658 1103 687 humeri
1133 659 1168 687 ad
1193 659 1339 688 cavitatem
1366 660 1487 689 accedit.
1528 659 1637 688 Interea
1660 659 1816 690 curandum

307 717 370 737 esse
391 715 487 738 monet
501 709 634 744 Auctor,
657 711 735 744 qnod
754 709 896 744 musculi,
919 709 968 744 qui
984 715 1062 738 retro
1081 709 1198 738 trahunt
1214 709 1362 739 humerum
1376 731 1386 746 ,
1409 711 1438 740 in
1457 717 1536 739 statu
1551 709 1734 739 relaxationis
1754 717 1818 746 per·

307 767 456 796 maneant,
479 769 531 790 nec
552 761 625 789 tensi
646 760 817 796 repositioni
837 769 867 788 se
889 766 1053 795 opponant.

344 810 375 839 Si
399 813 593 840 musculorum
617 811 707 840 robur
738 812 873 849 majorem
901 810 996 846 exigat
1021 810 1098 846 vim,
1120 811 1270 848 chirurgus
1289 812 1363 841 inter
1388 813 1586 842 retrahendum
1606 812 1756 840 humerum
1778 813 1819 841 la·

306 860 359 889 teri
377 862 451 890 ossis
476 862 616 899 opposito
639 864 754 892 alteram
777 862 861 891 debet
887 869 1030 898 apponere
1050 869 1183 897 manum,
1206 864 1262 898 quil
1290 863 1424 899 superior
1444 863 1556 891 humeri
1582 870 1647 898 pars
1668 861 1756 898 magis
1771 870 1821 891 an-

305 917 433 942 trorsum
460 916 648 951 propellatur.
692 915 800 952 Rejicit
824 915 936 943 Auctor
957 914 1069 950 (243)
1088 912 1118 942 in
1141 914 1287 942 luxatione
1315 913 1456 942 anteriora
1490 921 1591 942 versus
1615 921 1726 942 omnem
1750 912 1822 949 liga-

305 965 393 994 menn
416 967 462 994 vel
488 966 614 994 mantilis
640 974 722 994 usum
746 966 781 994 ad
805 964 1128 993 contra-extensionem
1158 966 1326 1001 parandam,
1349 974 1404 1001 ne,
1428 965 1476 993 tali
1500 965 1664 1001 applicato,
1685 972 1772 1001 caput
1788 965 1818 993 in

305 1017 364 1045 situ
379 1016 471 1045 alieno
490 1017 615 1053 figatur,
630 1017 723 1053 iisque
737 1016 813 1046 addit
831 1016 972 1053 Caspari,
987 1015 1183 1045 extensionem
1199 1016 1230 1045 in
1247 1016 1404 1045 directione
1415 1036 1426 1053 ,
1449 1015 1613 1052 cuicunque
1627 1015 1735 1052 speciei
1750 1023 1819 1045 con-

307 1067 454 1104 venienti,
475 1067 678 1098 instituendam
699 1077 774 1097 esse.

303 1149 332 1187 ἓ.
355 1150 398 1179 18.
438 1149 608 1179 Richcrand
626 1151 751 1188 (1821).
778 1150 919 1179 RAHan
940 1148 1061 1186 (1822).
1086 1148 1125 1180 A.
1144 1149 1246 1187 Coopcr
1264 1148 1388 1184 (1823).
1414 1147 1447 1179 T.
1463 1147 1501 1187 J.
1522 1147 1577 1176 Ter
1598 1147 1674 1186 Borg
1694 1147 1818 1186 (1824).

342 1231 523 1268 Methodus‚
544 1241 628 1268 quam
655 1232 795 1268 proponit
817 1230 987 1259 Richcrand
1012 1232 1041 1261 in
1063 1230 1174 1260 humeri
1195 1230 1361 1265 luxatione,
1390 1236 1513 1264 sequens
1538 1235 1582 1258 est
1604 1229 1726 1266 (244)=
1750 1238 1822 1260 con·

302 1283 562 1312 tra-extensionem
589 1289 713 1319 praestat
736 1282 853 1311 linteum
870 1302 880 1317 ‚
902 1282 980 1317 qnod
1001 1282 1075 1310 latus
1095 1280 1148 1309 sub
1172 1280 1258 1310 axilla
1278 1280 1419 1310 laboranti
1439 1280 1477 1309 ita
1496 1280 1621 1316 retinet,
1643 1287 1671 1309 et
1693 1281 1818 1318 premit,

303 1341 336 1364 ut
356 1335 432 1363 nulla
457 1334 523 1363 inde
540 1334 652 1363 oriatur
680 1342 719 1362 m.
746 1333 884 1369 pectorali
913 1333 1033 1370 majori,
1054 1331 1161 1361 dorsali
1184 1339 1213 1360 et
1239 1331 1321 1360 tereti
1351 1332 1452 1368 majori
1476 1332 1595 1360 molesta
1621 1331 1753 1368 pressio,
1772 1331 1822 1359 cui

302 1387 391 1417 linteo
413 1388 532 1416 alterum
552 1386 688 1420 additur,
710 1394 725 1413 a
754 1393 865 1413 summo
891 1384 1008 1412 humero
1030 1383 1150 1418 oblique
1176 1382 1351 1411 descendens
1377 1386 1454 1420 (245
1465 1380 1493 1415 ).
1531 1382 1592 1418 Jam
1614 1390 1683 1411 vero
1703 1382 1736 1410 ad
1753 1381 1822 1410 arti·

304 1439 400 1467 culum
426 1436 518 1466 cubiti
539 1444 569 1465 et
593 1436 674 1473 carpi
696 1445 747 1472 per
772 1435 888 1464 mantile
909 1434 1096 1464 sufficientem
1118 1433 1311 1462 extensionem
1335 1439 1436 1461 curant
1462 1431 1604 1468 ministri,
1635 1432 1740 1468 quibus
1760 1439 1822 1461 om·

304 1491 392 1521 nibus
414 1490 467 1519 rite
494 1489 634 1527 peractis,
656 1489 809 1525 chirurgus
834 1488 982 1516 humerum
1006 1488 1134 1515 luxatum
1157 1485 1187 1514 in
1207 1484 1356 1513 cavitatem
1377 1483 1486 1512 reducit
1506 1483 1586 1520 (245
1596 1483 1625 1520 ).

341 1542 499 1578 Praecipue
524 1541 560 1570 ab
584 1541 646 1569 aliis
680 1549 715 1570 eo
740 1539 834 1569 differt
860 1538 1017 1576 reponendi
1040 1537 1211 1571 methodus,
1243 1544 1327 1570 quam
1352 1534 1437 1563 tradit
1462 1534 1572 1569 Allan,
1605 1533 1684 1569 quod
1711 1533 1822 1571 aegroti

305 1594 441 1623 humerus
457 1599 513 1621 tam
530 1593 586 1621 alte
601 1591 706 1620 elevari
730 1591 835 1627 debet,
857 1598 889 1620 ut
902 1600 967 1619 eum
985 1598 1107 1626 corpore
1123 1590 1257 1626 angulum
1275 1587 1361 1616 faciat
1378 1586 1517 1615 obtusum
1529 1605 1540 1621 ,
1563 1592 1591 1614 et
1608 1593 1676 1622 ergo
1694 1584 1818 1614 musculi

302 1647 444 1675 levatores
467 1643 577 1673 humeri
601 1644 763 1672 relaxentur
784 1642 911 1678 (247),
934 1641 1058 1671 acromio
1081 1640 1166 1669 simul
1188 1640 1339 1675 depresso.
1387 1637 1469 1666 TaliS
1493 1644 1586 1665 autem
1614 1644 1648 1664 ex
1671 1636 1734 1673 eJus
1756 1644 1821 1664 sen-

302 1696 394 1727 tentiz'i
417 1695 537 1725 concedi
555 1694 639 1724 debet
661 1693 782 1722 directio
806 1694 860 1721 sub
879 1694 1046 1724 cittensione
1068 1693 1198 1727 humeri,
1220 1693 1305 1721 simul
1321 1689 1616 1719 contra-extensione
1636 1689 1675 1718 ita
1699 1689 1819 1723 curata,

296 1755 336 1777 >nt
357 1749 434 1777 nulla
457 1747 552 1784 possit
573 1745 711 1775 musculis
738 1745 832 1773 afferri
856 1746 1009 1781 molestia,
1038 1754 1103 1775 cum
1127 1743 1241 1773 mantile
1267 1741 1448 1771 solummodo
1478 1748 1558 1769 suam
1582 1739 1764 1778 pressionem
1788 1738 1819 1768 in

304 1800 438 1837 axillam,
460 1801 542 1830 laneo
566 1799 726 1828 convoluto
754 1797 911 1833 repletam,
935 1803 1058 1826 exserat.

1769 1841 1823 1872 Se·

343 1932 444 1970 (240)
470 1933 503 1959 K.
522 1931 627 1965 Caspari
647 1931 723 1958 Aant.
739 1943 774 1951 —
792 1930 914 1964 Chirurg.
935 1931 1054 1958 Darstell.
1072 1929 1102 1960 d.
1111 1927 1250 1970 Verrenk.
1274 1935 1300 1961 p.
1320 1934 1481 1959 loo—105.

341 1978 442 2016 (24¹)
470 1981 488 2006 l.
506 1986 531 2005 c.
557 1985 583 2010 p·
605 1978 660 2004 106.
867 1976 962 2012 (242)
986 1979 1004 2005 l.
1023 1985 1049 2004 c.
1073 1985 1100 2010 p.
1116 1984 1175 2010 107.
1378 1973 1479 2009 (243)
1509 1975 1528 2001 l.
1546 1981 1571 2001 c.
1594 1981 1621 2006 p.
1638 1979 1698 2006 114.

339 2024 439 2062 (244)
465 2022 613 2052 Richerand
637 2024 819 2058 Nosographie
838 2032 864 2052 et
887 2025 1042 2058 Therapeut.
1066 2024 1138 2052 Chir.
1165 2030 1185 2049 t.
1203 2030 1230 2049 2.
1257 2022 1282 2056 §.
1301 2028 1343 2055 34.
1368 2029 1395 2054 p.
1412 2027 1461 2054 305
1479 2027 1537 2054 seq.
1561 2020 1632 2046 Paris
1652 2019 1727 2046 1821.

342 2072 440 2109 (245)
467 2073 487 2100 1-
507 2079 532 2097 0·
556 2071 612 2097 1³1³·

341 2118 439 2154 (246)
463 2117 547 2144 Conf.
576 2116 703 2144 M-emoir.
722 2116 758 2142 de
783 2118 809 2143 la
834 2117 938 2144 Societe
964 2118 1037 2145 Med.
1059 2122 1085 2145 t.
1110 2124 1135 2150 5.
1169 2124 1196 2150 p.
1219 2122 1277 2149 459.
1301 2121 1359 2149 410.

340 2163 437 2199 (247)
462 2164 501 2190 R,
517 2163 590 2190 Allan
615 2163 686 2195 Syst.
709 2162 744 2188 of
767 2163 866 2190 Pathol.
891 2163 940 2189 and
969 2165 1079 2197 Operat.
1097 2165 1170 2197 Surg.
1197 2165 1251 2190 vol.
1269 2171 1294 2190 2.
1325 2162 1399 2189 conf.
1416 2161 1538 2192 Chii-urg.
1565 2156 1716 2194 Kupfertaf.
1746 2156 1813 2183 oda·

306 2213 442 2240 Ausesles.
464 2211 569 2239 Samml.
591 2208 619 2237 d.
640 2210 772 2243 nothigste
795 2210 899 2238 Abbild.
920 2219 963 2244 19.
986 2211 1062 2239 Heft.
1076 2212 1126 2239 tas.
1142 2219 1186 2245 91·
1211 2210 1232 2237 f.
1250 2217 1277 2236 2.
1301 2209 1395 2235 wem.
1414 2209 1489 2240 1823.
1506 2214 1563 2240 41⁰·
