1919 2511
377 185 1197 262 REsPoNsro'

80 530 727 586 QUAESTIONEM
794 529 1505 574 ASTRONOMICAM.

84 843 107 864 1.
141 803 194 863 Si
211 839 319 868 corpus
341 839 356 859 e
373 831 440 859 luna
457 829 627 867 projictatur
644 828 672 857 in
692 828 844 863 tellurem,
866 835 952 864 atque
969 829 999 858 in
1024 828 1119 864 spatio
1145 829 1302 866 procedat,
1324 830 1415 867 ipsius
1437 839 1531 861 motus
1544 853 1555 868 ,

7 898 16 902 -
48 887 79 916 vi
98 886 216 922 quadam
234 883 354 912 motrice
380 882 518 916 effeetus,
540 880 626 909 variis
652 880 763 909 viribus
783 880 934 915 agentibus
959 886 1084 908 mutatur
1100 886 1128 908 et
1149 880 1362 911 determinatur.
1404 882 1495 911 Simul
1518 893 1561 914 at-

45 946 102 973 que
119 936 193 965 enim
212 944 228 964 e
243 933 396 971 superficie
413 935 496 962 lunae
513 931 675 968 profectum
697 938 740 960 est
758 940 886 967 corpus,
909 938 936 960 et
954 931 983 960 in
1007 931 1163 960 directione
1186 932 1230 960 vis
1250 933 1430 970 projicientis
1451 943 1555 970 proce-

43 988 110 1016 dere
123 992 265 1020 conatur,
285 984 346 1020 ipsa
364 986 453 1019 luna,
481 992 594 1019 semper
617 983 759 1019 gravitans
785 982 815 1010 in
835 991 979 1018 corpora,
1000 982 1057 1010 hoc
1077 991 1183 1018 corpus
1208 984 1368 1020 projectum
1395 993 1496 1014 rursus
1523 987 1557 1014 ad

21 1032 23 1034 ¹
42 1046 73 1067 se
88 1036 196 1071 trahit,
220 1035 302 1071 eique
317 1034 346 1063 in
362 1041 442 1062 motu
459 1034 543 1062 alium
559 1034 605 1061 dat
620 1041 733 1061 cursum
744 1056 753 1066 ‚
775 1042 809 1062 ex
828 1042 887 1068 quo
905 1041 998 1062 autem
1013 1033 1105 1069 ipsius
1122 1034 1233 1063 telluris
1255 1035 1283 1063 vi
1299 1036 1446 1065 attractiva
1461 1038 1556 1066 denuo

43 1087 224 1122 deflectitur,
246 1092 274 1114 et
298 1093 402 1115 novam
428 1080 501 1112 viam
521 1083 630 1120 ingredi
648 1084 779 1120 cogitur:
802 1092 909 1120 corpus
933 1091 1046 1119 autem,
1068 1084 1135 1112 dum
1154 1084 1183 1113 in
1207 1086 1290 1115 lunae
1316 1086 1469 1122 superficie
1492 1097 1556 1117 ver-

22 1170 25 1174 ·
41 1146 119 1169 satur
131 1158 141 1173 ,
161 1146 218 1167 una
239 1145 305 1165 cum
324 1138 391 1165 luna
406 1135 521 1164 vehitur
539 1134 615 1163 circa
632 1136 762 1163 tellurem
774 1155 785 1172 ,
807 1142 834 1164 et
858 1135 944 1164 simul
971 1135 1053 1164 etiam
1073 1136 1194 1165 afficitur
1210 1137 1240 1166 vi
1266 1139 1445 1176 centrifuga,
1466 1142 1496 1169 in
1512 1140 1555 1169 di-

12 1185 15 1196 *
45 1191 175 1223 rectione
202 1190 314 1224 lineae,
342 1186 485 1224 tangentis
512 1188 595 1215 lunae
629 1185 841 1222 superficiem3
869 1186 938 1214 haec
961 1194 1054 1216 autem
1080 1188 1125 1216 vis
1149 1188 1241 1217 oritur
1266 1197 1281 1216 e
1303 1190 1446 1219 rotatione
1472 1192 1556 1220 lunae

46 1242 122 1272 circa
139 1240 213 1271 axim
232 1239 320 1268 fixum
332 1258 343 1274 ,
364 1239 399 1267 ad
413 1237 534 1267 orbitam
551 1238 677 1266 lunarem
704 1238 802 1273 paullo
835 1237 1017 1267 inclinatum.
1059 1238 1091 1266 Si
1112 1238 1202 1275 igitur
1222 1247 1328 1275 corpus
1346 1248 1361 1267 e
1380 1241 1448 1269 luna
1466 1242 1555 1279 proji-

44 1293 135 1324 ciatur
149 1313 160 1329 ‚
187 1299 283 1321 motus
314 1289 468 1319 rotatorius
484 1288 561 1318 circa
579 1290 708 1317 tellurem
719 1310 727 1321 ‚
759 1295 787 1317 et
804 1295 899 1317 motus
915 1288 1096 1325 centrifugus
1114 1289 1189 1319 circa
1204 1290 1277 1319 axin]
1296 1292 1399 1327 lunae,
1425 1293 1482 1329 jam
1497 1293 1553 1330 jam

44 1348 273 1375 conservantur,
295 1347 323 1369 et
341 1349 406 1369 cum
424 1339 542 1376 reliquis
559 1339 684 1368 motibus
701 1342 927 1377 conjunguntur.

84 1400 113 1420 2.
143 1390 282 1428 Quamvis
300 1398 392 1421 autem
412 1392 478 1419 luna
494 1399 550 1421 una
568 1399 630 1418 cum
657 1391 759 1419 tellure
785 1390 860 1419 circa
884 1392 973 1419 solem
1001 1391 1138 1429 ducatur,
1161 1401 1279 1428 eamque
1299 1392 1336 1421 ob
1361 1401 1472 1422 causam
1493 1394 1557 1423 talis

16 1443 31 1459 ⁹
46 1447 141 1470 motus
169 1442 285 1477 corpori
309 1442 437 1470 moventi
462 1441 545 1470 etiam
570 1441 816 1476 communicetur,
840 1447 957 1477 tamen,
981 1444 1115 1478 quoniam
1142 1444 1223 1473 hicce
1245 1451 1340 1473 motus
1357 1445 1392 1473 ad
1407 1447 1496 1474 solem
1513 1455 1558 1474 re·

22 1504 24 1506 ’
43 1493 156 1530 fertur,
178 1501 207 1522 et
221 1500 280 1522 tum
297 1502 351 1530 pro
371 1495 491 1529 tellure,
520 1500 580 1522 tum
602 1502 655 1529 pro
675 1495 761 1529 luna,
792 1493 864 1520 idem
883 1499 926 1521 est
946 1500 1032 1529 atque
1056 1502 1109 1530 pro
1131 1503 1278 1531 corpore,
1300 1503 1406 1531 corpus
1428 1505 1487 1525 non
1503 1495 1557 1524 ἰηι-

45 1545 160 1581 peditur
185 1545 257 1574 solis
278 1545 389 1574 actione
416 1545 446 1574 in
470 1551 572 1577 motu,
593 1545 644 1580 qui
669 1545 704 1573 ad
727 1546 859 1574 tellurem
887 1547 1008 1584 ejusque
1035 1547 1188 1577 satellitem
1210 1547 1353 1585 refertur3
1384 1555 1558 1585 quapropter

0 1587 1 1610 ἶ
21 1586 26 1592 ’
45 1603 145 1626 terram
164 1596 357 1633 quiescentem
375 1596 588 1626 consideremus
608 1596 717 1625 licitum
734 1597 798 1626 erit.

0 1637 1 1663 }
20 1648 33 1683 ζ’
82 1647 195 1677 Revera
219 1649 284 1683 sol,
307 1654 335 1675 et
358 1647 440 1676 etiam
467 1649 596 1683 planetae
623 1656 723 1684 magna
741 1648 770 1676 vi
795 1655 882 1685 agunt
907 1649 936 1679 in
959 1652 1089 1680 tellurem
1116 1659 1145 1681 et
1163 1653 1315 1689 praecipue
1336 1654 1366 1683 in
1389 1654 1498 1685 lunam,
1519 1652 1558 1681 ita

0 1674 3 1735 .
24 1695 78 1734 (οἳ
93 1699 180 1737 hujus
203 1706 299 1728 motus
320 1699 395 1728 circa
422 1701 552 1728 tellurem
581 1702 628 1729 vel
653 1700 774 1729 maxime
792 1701 831 1729 sit
855 1701 1039 1738 irregularis;
1067 1703 1117 1731 sed
1142 1709 1246 1732 tantam
1269 1712 1334 1733 esse
1364 1704 1438 1733 hanc
1469 1704 1558 1732 actio-

0 1747 4 1781 }
24 1738 111 1791 ³'nem
131 1771 140 1783 ‚
170 1757 202 1778 ut
220 1771 230 1786 ‚
252 1750 277 1779 si
300 1759 359 1779 non
388 1750 612 1787 consideretur,
641 1751 706 1781 inde
732 1752 882 1788 proveniat
905 1753 1026 1790 insignis
1050 1753 1169 1783 variatio
1202 1753 1232 1784 in
1260 1761 1390 1791 tempore
1420 1755 1556 1784 transitus

0 1787 5 1852 1
33 1787 37 1802 ¹
47 1795 138 1837 ipsius
157 1801 290 1837 corporis
316 1801 461 1839 projecti,
482 1810 541 1831 non
557 1810 602 1831 est
619 1804 697 1839 quod
715 1804 839 1841 opiner;
863 1813 949 1840 qnare
966 1804 1048 1834 etiam
1069 1805 1119 1834 has
1138 1805 1214 1835 vires
1232 1806 1453 1842 perturbatrices
1473 1806 1557 1835 omit-

2 1858 5 1869 ·
33 1843 106 1884 itere
123 1851 217 1884 liceat.
677 1884 680 1885 ⁷

3 1885 22 1958 ἱ,
86 1904 162 1933 Cum
187 1908 283 1932 ‘autem
309 1904 376 1932 luna
401 1912 460 1933 non
483 1905 667 1940 perturbatur
689 1905 718 1935 in
749 1907 810 1944 ejus
832 1906 1015 1939 moturcirca
1039 1908 1190 1943 tellurem,
1211 1917 1270 1937 non
1295 1909 1414 1937 multum
1441 1908 1522 1937 etiam
1541 1917 1556 1936 a

4 1973 7 1996 i
36 1947 167 1989 f'veritate
183 1955 345 1991 deviamus,
367 1956 391 1984 si
410 1957 534 1994 ejusdem
554 1965 661 1987 motum
683 1958 877 1994 uniformem,
897 1966 1016 1993 eamque
1040 1957 1079 1986 ob
1102 1967 1181 1994 rem,
1207 1959 1268 1997 eJ'us
1284 1959 1392 1988 radium
1410 1966 1554 1988 vectorem

5 1998 9 2055 ἲ
52 1996 199 2042 hedium,
221 2006 255 2035 ad
273 2007 400 2035 tellurem
416 2007 555 2043 ducrum,
577 2009 636 2037 fere
665 2017 843 2039 constantem
870 2009 1043 2045 habeamus3
1076 2016 1137 2038 tum
1161 2009 1234 2038 enim
1260 2016 1314 2038 tam
1338 2018 1423 2045 parva
1446 2016 1489 2037 est
1508 2016 1556 2036 ex·

6 2085 9 2106 1

7 2122 10 2158 ἱ

53 2051 218 2084 'centricitas
244 2055 353 2084 orbitae
376 2057 504 2093 lunaris,
523 2066 557 2087 ut
578 2060 607 2088 in
626 2059 861 2089 determinatione
883 2060 928 2089 vis
950 2060 1129 2098 projicientis
1158 2066 1186 2088 et
1209 2060 1366 2097 temporis,
1387 2061 1447 2097 ejus
1473 2060 1554 2088 valor
1600 2058 1602 2060 ’

0 2116 9 2130 v
51 2102 111 2143 iton
129 2107 248 2135 multum
263 2106 359 2137 faciat.

865 2161 894 2189 A
915 2169 931 2190 2
1498 2159 1561 2189 Na·
