1919 2511
265 163 284 192 4-
621 162 881 196 JACOBI
947 174 1011 196 DE
1075 161 1367 196 GELDER

267 259 337 281 (sse
365 248 538 291 gloriatur,
561 254 597 283 ut
626 249 785 283 noscendi
807 249 983 293 cupiditate
1006 250 1140 295 flagret,
1174 260 1236 283 nec
1260 255 1372 283 tamen
1397 256 1556 292 umquam
1582 248 1732 283 desiderii

268 307 419 339 flammas
444 307 576 350 penitus
608 307 813 350 exstinguere
841 307 964 349 possit,
987 307 1062 340 licet
1084 307 1201 349 maiori
1226 305 1334 339 studio
1355 310 1388 338 et
1410 304 1572 349 diligentia
1592 315 1732 349 scopum

268 365 423 407 attingere
444 367 604 407 quaerat?
648 364 780 396 Tantali
798 361 937 395 sitientis
959 364 1078 403 instar,
1101 365 1195 406 cujus
1211 362 1298 395 labia
1321 361 1430 395 undae
1453 362 1631 404 refugiunt!

309 422 342 452 Si
364 431 402 452 ea
426 420 469 452 sit
491 419 667 452 hominum
690 418 852 461 conditio,
872 419 975 452 multo
996 419 1124 452 beatius
1151 429 1271 462 pecora
1290 417 1455 460 viverent,
1477 417 1607 451 beatius
1635 416 1735 450 bruta

267 477 444 518 animalia,
467 487 551 519 quae
571 488 633 510 nee
656 477 798 520 cogitant
821 486 883 508 nec
903 476 1159 517 ratiocinantur,
1183 475 1241 508 sed
1265 474 1383 519 gaudio
1405 476 1470 509 vita
1490 474 1656 507 fruuntur.
1701 474 1735 505 Si

268 545 306 566 ea
324 534 366 565 sit
387 532 562 566 hominum
584 533 744 575 conditio,
770 534 838 575 jam
860 532 903 565 illi
927 532 1036 565 medio
1060 541 1141 567 aevo
1157 537 1283 565 rectam
1300 531 1387 565 viam
1405 531 1542 574 ingressi
1562 534 1656 571 sunt,
1679 528 1737 572 qui

270 589 495 632 stupiditatem
509 595 540 622 et
559 590 757 633 imperitiam
773 592 858 625 vitae
877 591 1068 624 societatem
1090 590 1315 624 felicissimam
1337 588 1475 622 reddere
1493 585 1683 621 statuebant
1705 591 1738 619 et

267 648 407 679 inertem
424 645 643 679 obedientiam
664 648 698 680 in
718 646 816 680 rebus
835 647 938 682 sacris
956 653 988 681 et
1008 647 1155 681 civilibus
1178 657 1284 680 unum
1308 655 1380 679 esse
1398 644 1552 678 dicebant
1568 643 1736 685 officium,

269 714 333 744 quo
348 703 456 746 fungi⁷
480 702 606 735 honum
624 704 729 737 civem
747 711 886 748 oportet.
932 705 1096 737 Homines
1117 705 1207 737 enim
1233 702 1395 746 cogitandi
1415 701 1554 734 artificio
1577 699 1737 744 praediti,

269 760 294 789 si
315 758 356 790 ad
381 769 539 801 pecorum
568 765 692 792 sortem
718 760 833 794 reduci
858 766 1013 805 possent,
1037 760 1158 793 diutius
1187 764 1276 793 certo
1299 769 1367 791 non
1393 762 1622 802 premerentur
1646 761 1739 789 tanta

265 815 483 858 investigandi
511 814 707 858 cupiditate,
740 826 824 860 quae
846 817 1073 851 vehementius
1099 816 1235 859 flagrat,
1265 815 1387 847 'interea
1415 813 1497 847 dum
1522 812 1643 846 auxilia
1667 810 1739 855 ipsa

265 871 521 916 investigantur,
545 871 665 915 quibus
687 873 812 916 placari
832 873 937 917 possit
954 873 1039 906 haec
1060 870 1232 915 cupiditas.

313 929 346 961 Si
362 935 473 961 autem
495 930 644 962 animum
664 929 865 963 advertimus
883 929 926 962 ad
949 928 1149 962 concinnum
1173 928 1267 960 illum
1294 926 1445 960 ordinem
1461 930 1494 958 et
1508 931 1664 958 exactam
1687 936 1740 960 ra-

270 985 392 1017 tionem
406 1010 415 1026 ‚
439 995 539 1028 quam
567 986 601 1019 in
622 986 773 1020 universa
797 992 916 1018 natura
940 985 1174 1024 observamus3
1205 984 1233 1016 si
1254 981 1455 1015 attendimus
1484 981 1527 1014 ad
1555 981 1741 1015 doctrinam

269 1042 359 1073 iilam
372 1041 414 1074 de
439 1042 559 1076 Divina
578 1044 706 1074 Natura
726 1049 761 1074 et
784 1041 824 1074 de
843 1042 1091 1074 Immortalitate
1108 1038 1243 1078 Animi,
1267 1049 1352 1083 quae
1366 1037 1523 1071 omnibus
1539 1037 1666 1081 populis
1681 1038 1743 1071 fuit

270 1098 423 1140 propria3
454 1099 482 1130 si
508 1097 823 1139 animadvertimus,
863 1099 1030 1141 ingenium
1067 1097 1210 1130 hominis
1237 1094 1387 1130 nativum
1406 1119 1417 1134 ,
1452 1094 1542 1138 quod
1567 1094 1742 1137 unicuique

273 1152 448 1197 competit,
471 1155 681 1197 aptissimum
704 1164 793 1196 esse,
823 1154 912 1198 quod
937 1154 1136 1197 pei-poliatur
1159 1153 1353 1195 fructusque
1376 1150 1524 1194 proferat
1550 1149 1742 1190 uberiores3

271 1212 302 1241 ‘si
312 1210 515 1252 cogitamus,
539 1210 708 1243 hominem
727 1212 871 1254 aliquam
888 1216 973 1244 certe
989 1210 1187 1253 particulam
1208 1219 1279 1241 esse
1295 1208 1381 1241 illius
1405 1206 1550 1240 universi
1574 1211 1743 1250 totamque

275 1266 528 1300 involuntariam
552 1272 684 1300 nostrae
702 1267 822 1300 indolis
842 1267 1063 1310 corruptelam
1085 1267 1227 1300 Divinae
1256 1263 1442 1307 Sapientiae
1463 1263 1742 1306 Benignitatisque

275 1321 384 1354 ideam
406 1321 622 1356 labefactare:
658 1324 868 1356 verissimum
892 1333 965 1355 esse
991 1322 1135 1361 videtur,
1158 1320 1384 1353 miserandam
1412 1319 1495 1352 adeo
1521 1319 1743 1352 conditionem

272 1378 399 1411 homini
425 1389 494 1411 non
523 1385 675 1422 paratam
692 1389 781 1419 esse3
805 1379 865 1412 sed
888 1380 992 1412 multo
1015 1380 1118 1422 magis
1145 1377 1279 1410 credere
1302 1377 1470 1419 cogimur,
1494 1375 1662 1408 hominem
1677 1374 1744 1408 huc

272 1444 376 1478 usque
397 1440 523 1467 rectam
546 1435 635 1468 viam
664 1446 732 1467 non
755 1436 940 1478 ingressum
968 1435 1090 1476 fuisse,
1122 1439 1210 1467 certe
1235 1443 1312 1465 eum
1332 1442 1491 1475 quaerere
1519 1432 1671 1465 notitiam
1692 1441 1742 1464 re-

271 1500 347 1522 rum
363 1515 372 1531 ,
395 1501 455 1533 pro
475 1489 544 1522 suis
560 1491 679 1534 ingenii
693 1491 839 1533 viribus,
863 1492 961 1524 nimis
977 1492 1139 1535 gravium.

316 1546 480 1589 Equidem
504 1547 675 1587 existimo,
700 1558 761 1580 nos
779 1547 906 1579 facilius
924 1548 1068 1580 veritatis
1091 1548 1309 1591 cognitionem
1327 1546 1484 1589 consequi
1502 1554 1618 1588 posse,
1642 1552 1744 1587 quam

274 1602 423 1635 nonnulli
438 1601 654 1635 arbitrantur:
679 1601 759 1635 illud
776 1603 921 1645 profecto
941 1603 1051 1646 negari
1074 1604 1204 1646 nequit,
1228 1613 1322 1645 spem
1347 1600 1462 1643 nobis,
1486 1601 1560 1633 licet
1589 1600 1756 1632 immissi--

273 1668 364 1690 inam
389 1668 561 1701 superesse
579 1683 587 1699 ,
622 1658 730 1691 donec
760 1660 960 1702 argumentis
986 1669 1054 1691 non
1083 1658 1265 1701 probatur,
1294 1657 1446 1690 homines
1482 1668 1558 1691 eam
1597 1658 1742 1690 veritatis

276 1712 494 1756 cognitionem
514 1725 697 1758 numquam
714 1716 864 1757 accipere
879 1725 986 1757 posse.
1032 1715 1195 1747 continua
1213 1713 1382 1747 meditatio
1398 1714 1486 1746 illam
1501 1723 1595 1756 spem
1613 1713 1745 1755 messdo-

275 1771 343 1801 cuit
355 1793 365 1809 ,
389 1775 436 1810 et,
461 1771 554 1812 quasi
573 1771 687 1814 digito,
711 1770 799 1804 viam
813 1771 894 1803 mihi
909 1771 1052 1814 aliquam
1070 1771 1280 1811 monstravit,
1304 1781 1405 1813 (suain
1423 1769 1546 1813 ingredi
1567 1779 1628 1802 nos
1643 1779 1746 1812 opor-

275 1830 329 1856 tet.
377 1828 415 1857 In
429 1826 541 1858 oculos
565 1827 681 1858 saltem
710 1827 782 1859 luce
810 1825 929 1859 clarius
955 1827 1110 1868 incurrit,
1134 1826 1284 1858 introitus
1303 1825 1394 1868 viae,
1417 1827 1490 1859 licet
1512 1836 1580 1858 non
1607 1834 1744 1868 prorsus

271 1886 396 1913 stratae
408 1905 418 1922 ,
441 1887 551 1914 tamen
568 1882 610 1914 ad
626 1881 749 1916 itineris
765 1893 903 1926 scopinn
921 1883 1081 1916 ducentis,

318 1939 481 1971 Revocate
505 1938 538 1970 in
563 1939 759 1971 memoriam
785 1939 994 1982 gravissimas
1016 1940 1290 1984 Philosophorum
1320 1951 1396 1973 cum
1419 1945 1567 1973 veterum
1590 1944 1661 1971 tum
1688 1948 1745 1970 re-

276 1994 463 2025 centIOruin
483 1993 524 2025 de
547 2000 724 2036 systemate
742 1996 841 2027 solari
856 1995 966 2037 rixas,
992 2007 1070 2028 mox
1087 1998 1121 2029 in
1137 1996 1311 2028 haereseos
1327 1997 1558 2028 damnationes
1577 1995 1743 2035 abituras,

278 2059 343 2081 iicc
363 2054 475 2081 tamen
498 2060 569 2081 rein
595 2051 703 2093 ipsam
729 2050 919 2094 probantes.
973 2053 1117 2096 Cogitate
1146 2054 1342 2085 immensam
1366 2053 1453 2085 illam
1478 2051 1744 2085 observationum

278 2104 466 2148 congeriei-11
486 2130 496 2147 ,
530 2105 651 2149 quihus
679 2116 780 2149 usus,
814 2108 948 2141 tandem
977 2119 1039 2142 sua
1067 2109 1218 2143 doctrina
1251 2110 1365 2142 ceteris
1393 2109 1540 2153 palmam
1566 2106 1745 2151 praeripuit

440 2176 445 2192 i
1675 2174 1744 2195 CO-
