1919 2511
332 120 351 149 4
796 114 845 146 M.
919 114 1102 145 S.Du
1167 112 1336 146 PUI

331 209 405 243 tur,
429 210 539 242 more,
563 203 583 233 ὲ
599 198 782 242 Maioribus
801 198 967 242 instituto,
990 209 1062 232 esse
1087 197 1280 232 tribuendos
1297 200 1419 231 Rector
1437 195 1634 241 Magnificus
1659 202 1692 231 et
1713 197 1811 232 Am*—

330 256 498 301 plissimus
514 259 654 290 Senatus
673 261 892 295 censuerunt;
913 265 978 299 quo
994 261 1137 300 pateret,
1158 255 1246 289 hanc
1262 256 1394 289 Artium
1413 261 1445 288 et
1461 253 1680 288 scientiarum
1696 255 1801 289 Altri-

332 325 422 355 cem,
434 318 509 357 post
524 313 590 346 duo
606 313 736 346 saecula
756 318 788 346 et
803 311 995 355 dimidium,
1012 314 1046 346 in
1063 323 1126 346 suo
1141 313 1218 346 sinu
1231 311 1340 347 fovere
1352 314 1369 344 J
1374 321 1494 345 uvenes
1508 334 1519 353 ,
1535 310 1592 354 qui
1608 321 1677 344 non
1691 311 1800 344 solum

331 380 466 403 morum
490 370 651 404 suavitate
671 374 703 402 et
723 368 884 402 modestia
905 369 1084 408 excellunt3
1107 368 1168 402 sed
1186 368 1287 401 etiam
1305 367 1413 411 (quod
1436 368 1472 400 in
1492 368 1606 411 quovis
1628 367 1798 401 doctrinae

331 432 363 459 et
390 426 546 459 scientiae
587 425 807 469 acquirendae
835 435 953 468 genere
986 424 1156 468 diligenter
1185 430 1218 458 et
1248 424 1417 457 fructuose
1448 429 1580 466 tempus
1608 423 1796 457 studiorum

329 486 556 525 transegerunt
581 486 613 513 et
635 480 890 523 impenderunt)
913 481 1074 514 honorem
1099 490 1290 522 summum,
1314 480 1369 523 qui
1388 479 1430 512 ab
1448 479 1630 513 Academia
1653 481 1799 513 meritis-

330 537 423 570 simis
447 547 595 581 unquam
618 537 793 578 tribuitur,
826 537 956 580 ipsimet
979 548 1056 570 cum
1077 536 1238 570 modestia
1257 541 1368 580 petere
1394 536 1529 569 suerunt
1555 536 1646 578 ausi,
1677 535 1798 580 quibus

328 594 465 638 petitum
483 593 709 626 lubentissime
725 593 904 627 concedere
923 599 1102 637 potuerunt
1120 593 1220 636 liujus
1241 592 1442 626 Academiae
1467 594 1509 625 R.
1528 594 1576 625 M.
1602 597 1633 626 et
1649 592 1799 637 Amplis-

329 649 436 682 simus
454 652 604 682 Senatus.

369 709 425 738 Tu
442 706 542 746 adeo,
567 705 775 738 Nobilissime
793 706 1021 740 Doctorande!
1046 717 1100 740 me
1126 712 1221 739 tuum
1246 705 1300 739 hic
1320 706 1458 749 legitime
1477 706 1694 739 constitutum
1709 707 1793 738 Pro-

327 768 490 795 motorem
506 760 595 795 vides
607 785 616 802 ,
641 772 742 805 quam
758 763 891 805 quidem
908 761 991 794 mihi
1012 762 1248 795 demandatam
1263 763 1468 805 provinciam
1489 762 1593 794 laetus
1608 762 1764 804 suscipio.

372 821 422 851 Ne
441 823 626 860 exspectate
645 818 686 850 A.
704 818 744 850 A.
769 820 813 850 H.
834 820 894 851 H.!
921 823 957 851 ut
978 829 1046 851 non
1073 823 1241 861 exspectat
1262 817 1495 851 Nobilissimus
1522 816 1799 858 Promovendus,

328 886 382 908 me
399 875 510 918 prius,
534 882 636 916 quam
655 884 792 907 munere
809 885 885 907 meo
902 875 1021 918 fungar
1033 899 1043 916 ‚
1065 873 1101 908 in
1120 875 1234 909 laudes
1253 873 1380 908 iturum
1399 872 1579 906 uberiores.

373 930 473 972 Quod
495 929 535 961 de
558 928 628 961 aliis
651 929 825 971 omnibus,
850 932 918 972 jam
942 929 1077 963 honoris
1103 931 1196 963 titulo
1213 941 1370 974 supremo
1397 929 1725 963 ornatishonorifice
1743 929 1798 967 (ΙΙ-ζ

327 992 417 1019 ctum
445 991 512 1026 est,
535 985 614 1018 illud
640 984 741 1018 etiam
766 985 866 1028 Tibi,
900 987 1051 1029 quamvis
1080 997 1199 1030 agmen
1233 986 1367 1020 claudas
1382 1011 1392 1028 ‚
1422 986 1539 1020 eodem
1569 987 1643 1029 jure
1667 985 1800 1028 deberi,

327 1043 438 1086 palam
459 1047 491 1074 et
511 1052 552 1073 ex
569 1042 680 1075 animo
697 1042 838 1075 declaro.

374 1097 486 1129 Studia
511 1096 595 1129 illius
615 1098 700 1130 inter
727 1098 972 1132 Commilitones
986 1125 995 1142 ,
1020 1099 1162 1144 egregios
1184 1101 1323 1143 pariter,
1352 1100 1488 1134 fuerunt
1509 1100 1646 1143 egregia.
1668 1117 1711 1123 ——
1732 1100 1800 1132 Res

330 1160 362 1186 et
375 1159 506 1196 tempus
529 1154 572 1185 ita
594 1154 682 1195 tulit,
707 1159 743 1186 ut
764 1165 844 1197 prae
871 1155 1027 1194 caeteris,
1052 1157 1148 1190 laude
1175 1157 1291 1190 eadem
1316 1156 1514 1200 dignissimis
1528 1180 1538 1198 ,
1561 1155 1658 1190 laude
1685 1160 1799 1189 extra-j

329 1210 494 1243 ordinaria
507 1234 516 1251 ,
540 1209 603 1242 hoc
618 1210 670 1242 die
685 1210 767 1243 festo
786 1211 1072 1246 condecoraretur.

372 1268 448 1307 Qua
468 1265 582 1307 laude,
606 1276 672 1309 quo
691 1266 815 1300 honore
838 1268 866 1299 si
888 1267 944 1301 hic
963 1268 1200 1302 Doctorandus
1221 1279 1257 1302 se
1282 1268 1417 1313 dignum
1442 1275 1607 1314 praestet,
1636 1274 1673 1302 ut
1696 1267 1797 1302 hodie

335 1322 384 1355 sic
403 1320 501 1354 etiam
516 1327 628 1364 postea
643 1347 653 1364 ,
677 1328 749 1355 tum
766 1323 901 1358 demum
917 1324 970 1356 fiet
988 1324 1103 1368 ’Ἰατρὸς
1119 1329 1238 1359 πολλῶν
1257 1327 1414 1366 ἂντοὲξιος.

373 1379 573 1421 Priusquam
587 1385 718 1420 autem,
742 1379 830 1422 quod
850 1380 1013 1422 agendum
1034 1386 1102 1422 est,
1127 1391 1221 1424 agere
1245 1382 1392 1424 possim,
1417 1384 1535 1415 Temet
1558 1380 1601 1415 ad
1619 1381 1799 1415 honestum

327 1434 416 1466 Artis
433 1440 565 1467 nostrae
587 1434 780 1469 exercitium
805 1436 1038 1478 jurejurando,
1062 1447 1128 1480 quo
1149 1438 1335 1471 Medicinae
1353 1441 1515 1472 Doctores
1539 1439 1607 1481 lege
1627 1443 1803 1480 tenentur,

329 1489 515 1534 obstringas
536 1502 668 1524 necesse
690 1499 750 1526 est.

371 1548 415 1578 Et
440 1547 554 1589 quidni
583 1558 661 1580 cum
692 1548 848 1581 omnibus
864 1573 872 1589 ,
904 1550 962 1592 qui
991 1552 1040 1582 Te
1068 1551 1301 1593 praeiverunt,
1336 1554 1518 1596 sequereris
1552 1562 1801 1591 mppocfflrmr,

328 1602 384 1645 qui
410 1608 586 1644 postquam
619 1605 745 1645 primus
776 1605 892 1637 Artem
917 1604 1082 1638 medicam
1101 1607 1135 1640 in
1162 1606 1305 1639 formam
1332 1608 1522 1651 redegerat,
1555 1612 1661 1640 semet
1683 1608 1795 1650 ipsum

330 1658 436 1699 ultro,
459 1656 494 1689 in
518 1657 606 1690 Artis
631 1670 751 1702 opere,
776 1661 987 1703 jurejurando
1012 1661 1187 1695 obstrinxit
1196 1676 1207 1702 3
1230 1681 1273 1686 —
1302 1663 1505 1707 addiditque:
1539 1676 1558 1695 )›
1579 1664 1607 1696 si
1637 1663 1701 1695 hoc
1723 1664 1797 1705 jus-

327 1725 346 1744 »
374 1713 552 1754 jurandum
576 1716 721 1759 religiose
751 1716 992 1751 observavisset
1017 1729 1124 1762 neque
1147 1718 1278 1752 irritum
1306 1719 1462 1761 fecisset,
1494 1719 1556 1752 sibi
1583 1721 1695 1752 liceret
1719 1728 1797 1752 cum

327 1780 346 1801 »
375 1778 507 1801 summa
537 1771 625 1813 apud
647 1783 763 1805 omnes
788 1775 1028 1807 existimatione
1049 1780 1207 1818 perpetuo
1232 1776 1316 1817 frui,
1349 1775 1452 1810 vitam
1481 1776 1607 1808 felicem
1631 1775 1746 1819 degere
1768 1780 1800 1808 et

328 1836 347 1857 2>
375 1825 463 1857 Artis
487 1825 693 1860 uberrimum
718 1829 863 1862 fructum
887 1830 1075 1874 percipere3
1108 1849 1152 1854 —-
1180 1837 1280 1874 utque
1303 1831 1387 1874 sibi,
1419 1833 1448 1865 si
1470 1831 1550 1866 illud
1582 1830 1734 1867 violasset
1766 1836 1798 1865 et

328 1892 347 1912 )>
376 1883 601 1924 pejeravisset,
626 1887 789 1918 contraria
807 1886 1085 1930 conti11gerent?”

373 1936 498 1968 Audias
516 1938 640 1982 itaque,
666 1941 877 1975 Nobilissime
895 1942 1125 1976 Doctorande!
1149 1944 1346 1986 formulam,
1370 1956 1470 1989 quam
1489 1945 1567 1978 Tibi
1590 1945 1795 1989 praelegam3

331 1992 524 2036 videasque,
549 2005 592 2028 an
612 1997 659 2029 sic
684 2009 725 2030 ex
752 1998 855 2034 animi
872 2000 919 2034 tui
942 1999 1104 2033 sententia
1129 2000 1207 2036 illud
1228 2002 1461 2044 jusjurandum
1485 2008 1654 2046 praestare
1676 2003 1799 2046 possis».

1698 2123 1801 2149 Fon-2
