1919 2511
290 188 324 221 48
616 182 794 215 ANTONII
814 182 991 214 HENRICI
1011 190 1076 214 vAN
1098 190 1163 212 nen
1185 182 1301 214 BOON
1322 183 1468 215 MESCH

289 269 399 302 plantas
429 270 525 294 certos
548 266 681 295 humores
708 275 722 296 e
753 268 829 296 terra
857 266 970 296 haurire
996 264 1160 294 existiment
1179 286 1189 302 ,
1217 275 1312 303 neque
1335 267 1405 296 haec
1433 266 1532 303 opinio
1564 266 1681 304 probari
1710 269 1803 305 possit

292 320 346 347 linc
375 325 542 355 argumento
557 339 567 354 ,
589 319 623 347 de
648 327 706 355 quo
733 327 803 347 mox
827 319 970 354 diximus,
991 325 1084 347 tamen
1111 317 1203 354 ipsius
1228 317 1307 346 humi
1326 318 1535 355 principiorum
1560 325 1735 347 remotorum
1762 319 1807 348 di-

290 378 399 397 versazn
425 369 536 406 copiam
555 376 583 398 et
610 369 730 398 Kortius
756 376 783 399 et
804 370 853 399 alii
871 369 1032 398 existimant
1048 376 1185 396 summam
1204 376 1286 404 agere
1302 368 1451 397 efficaciam
1475 368 1505 397 in
1524 367 1687 403 qualitatem
1705 368 1805 405 proxi-

290 428 400 447 morum
427 422 584 456 plantarum
614 419 822 456 principiorum
844 421 888 456 (1
907 419 944 454 )‚
971 425 1056 454 atque
1082 426 1118 447 ex
1138 418 1235 448 multis
1259 418 1511 449 observationibus
1535 418 1672 448 statuitur
1694 419 1806 455 plantas

290 471 391 498 habere
419 470 576 506 dilectum,
599 470 678 506 quod
698 470 732 498 ad
758 470 837 498 humi
863 469 1004 506 principia
1027 470 1140 500 attinet.

325 522 374 549 Sic
395 530 423 551 v.
445 529 475 557 g.
496 521 561 549 illae
591 522 727 557 plantae,
749 529 821 557 quae
845 520 956 549 acidum
984 521 1125 556 quoddam
1147 521 1316 558 continent,
1344 524 1410 560 plus
1439 522 1574 560 oxygenii
1601 529 1629 552 et
1658 522 1804 559 indigeant

290 579 317 599 et
350 571 462 607 capiant
492 580 576 607 quam
602 571 667 600 illae
686 592 697 607 ‚
724 580 799 608 >quae
824 573 870 600 vel
895 572 1014 600 multum
1041 572 1160 609 glutinis
1188 575 1233 603 vel
1262 575 1323 603 olea
1346 575 1498 604 continent
1526 578 1574 610 (2
1592 576 1619 610 ).
1666 573 1707 602 Et
1738 580 1805 602 sane

290 625 394 651 multae
420 629 488 651 sunt
517 623 735 652 observationes
762 632 834 659 quae
862 624 934 652 hanc
956 623 1121 660 opinionem
1147 625 1317 655 confirmare
1342 625 1488 655 videntur.
1543 624 1591 654 Sic
1616 633 1647 653 v.
1678 632 1708 661 g.
1736 632 1809 660 quae

291 676 353 702 olea
380 674 510 710 adeoque
538 675 658 703 multum
692 674 862 711 hydrogenii
886 674 1054 711 continent,
1088 675 1197 712 optime
1218 684 1352 706 crescunt
1375 677 1406 706 in
1431 676 1503 706 locis
1530 676 1610 705 humi
1637 675 1731 712 plenis
1757 674 1808 703 ubi

290 725 409 752 multum
433 723 508 752 cadit
533 724 672 760 pluviae,
692 731 721 753 et
739 733 806 761 ergo
833 726 955 753 multum
978 724 1118 754 formatur
1140 726 1310 764 hydrogenii
1330 727 1345 761 (
1356 732 1411 768 3).
1452 727 1500 756 Sic
1527 728 1706 764 polygonum
1725 725 1807 762 fago-

291 783 393 811 pyrum
417 781 447 803 et
478 774 552 803 erica
573 775 699 812 vulgaris
731 775 850 804 maxime
873 781 968 803 amant
992 776 1068 805 illam
1093 777 1232 814 humum,
1261 787 1345 814 quam
1367 779 1540 815 principium
1564 778 1715 806 coriarium
1738 785 1810 807 con-

291 828 379 856 tinere
402 827 547 864 diximus;
570 828 719 857 continent
742 834 836 856 autem
859 826 939 863 ipsae
959 827 1013 856 hoc
1039 828 1227 864 principium.
1266 828 1316 857 SIc
1341 838 1452 866 semper
1476 829 1557 867 junci
1579 835 1608 857 et
1630 828 1736 857 carices
1755 829 1807 857 hu-
1846 848 1850 853 -

291 887 367 906 nium
395 878 503 907 acidam
529 879 779 914 concomitantur,
801 885 829 907 et
852 878 990 908 omnibus
1010 878 1192 914 rationibus,
1216 887 1288 915 quae
1312 879 1391 908 acida
1414 880 1502 908 humo
1527 879 1672 917 surripere
1693 881 1807 916 valent,

292 930 341 956 hae
366 929 565 958 destruuntur.
612 929 747 966 Denique
767 929 809 958 sic
836 930 959 958 rumices
982 938 1042 959 non
1067 929 1243 966 proveniunt
1265 930 1296 960 in
1323 930 1406 959 terris
1431 930 1581 966 calcariis,
1610 929 1743 966 quoniam
1767 930 1810 959 ibi

292 988 350 1008 non
374 980 453 1008 acida
479 979 607 1009 invenire
628 981 803 1016 creduntur,
837 980 944 1016 quibus
967 981 1050 1010 etiam
1074 988 1228 1018 constant3
1264 982 1338 1011 unde
1358 982 1448 1019 Angli
1478 983 1576 1019 argilla
1599 983 1663 1010 alba
1689 988 1810 1010 utuntur

291 1032 325 1059 ati
349 1040 396 1059 eas
427 1032 612 1061 destruendas
633 1032 713 1070 (4).
760 1031 800 1059 Et
824 1039 923 1060 revera
950 1033 1037 1060 multa
1063 1040 1098 1060 ex
1124 1032 1327 1068 experimentis
1350 1041 1365 1061 a
1392 1032 1519 1061 Thaerio
1542 1034 1661 1069 eJusque
1682 1033 1809 1069 discipu-

292 1082 329 1109 ·lis
360 1081 500 1110 institutis
527 1089 689 1119 argumenta
720 1081 779 1118 peti
806 1089 932 1118 possunt
952 1102 962 1118 ‚
996 1091 1068 1118 quae
1094 1083 1169 1112 hunc
1195 1085 1354 1119 plantarum
1379 1084 1514 1113 dilectum
1545 1084 1712 1114 nutrimenti
1742 1093 1809 1121 pro-

293 1132 360 1161 bare
386 1133 541 1169 videnturg.
564 1133 632 1162 licet
656 1133 752 1170 negari
779 1140 903 1168 nequeat
921 1133 1027 1162 hancce
1054 1134 1213 1162 doctrinam
1230 1134 1321 1162 adhuc
1346 1135 1426 1163 valde
1454 1143 1518 1163 esse
1543 1134 1758 1172 imperfectam,
1781 1141 1810 1164 et

292 1192 393 1212 omnes
417 1183 468 1213 hac
490 1184 526 1212 de
547 1192 579 1212 re
605 1183 824 1213 observationes
851 1183 1016 1213 abhucdum
1041 1184 1157 1215 minime
1184 1185 1319 1221 explicari
1347 1193 1435 1222 posse
1457 1184 1536 1222 (5).

1755 1239 1808 1283 At?

295 1330 320 1347 et
341 1331 403 1354 usu,
424 1331 504 1358 -qnam
523 1324 658 1351 Academia
683 1325 768 1357 Regia
789 1326 880 1352 scient.
898 1326 986 1355 Beroi.
1009 1327 1062 1353 Ao.
1082 1328 1156 1360 1785.
1180 1326 1299 1359 praemio
1323 1325 1519 1352 condecoravit.
1554 1326 1625 1352 Haec
1644 1332 1710 1352 vero
1731 1327 1811 1351 Com·

295 1371 415 1395 mentatio
440 1371 529 1396 nescio
554 1378 616 1403 quas
641 1373 674 1397 ob
694 1379 803 1403 causas,
828 1373 938 1399 nondum
960 1375 985 1398 in
1003 1373 1085 1398 Lucem
1104 1372 1211 1406 prodiit.
1245 1372 1303 1397 Illas
1330 1376 1411 1398 tamen
1428 1373 1643 1401 observationes,
1661 1371 1692 1396 de
1718 1371 1810 1403 quibus

294 1417 335 1440 bic
354 1419 467 1448 agimus,
489 1418 691 1443 communicavit
713 1425 801 1450 postea
823 1419 1001 1451 Brugmansius
1020 1426 1077 1444 cum
1097 1419 1118 1452 Ι.
1131 1419 1242 1451 Vitringa
1270 1419 1375 1444 Conlon
1392 1436 1400 1449 ‚
1425 1418 1469 1450 qui
1489 1418 1541 1450 ipsa
1564 1419 1612 1443 viti
1632 1418 1712 1443 verba
1730 1417 1811 1443 refert

294 1469 317 1485 m
335 1469 378 1486 sua
394 1464 541 1489 Comment.
557 1464 589 1489 de
605 1471 700 1489 mutata
719 1465 855 1491 humorum
873 1466 898 1490 in
916 1472 996 1498 reguo
1016 1467 1136 1497 organico
1158 1465 1245 1491 indole
1261 1472 1273 1490 a
1289 1465 1315 1491 vi
1333 1465 1403 1491 vitali
1421 1471 1540 1491 vasorum
1555 1463 1700 1490 derivanda.
1724 1471 1751 1496 Ρ.
1765 1470 1809 1497 ῃ.

297 1508 382 1538 Lugd.
401 1507 457 1534 Bar.
474 1509 549 1541 1789.

328 1551 395 1586 (ι)
415 1553 474 1580 Vid.
493 1554 574 1580 Korte
592 1555 610 1580 l.
628 1557 648 1581 l.
670 1560 697 1584 Ρ.
712 1557 772 1583 128.
798 1557 845 1582 nbi
869 1557 1000 1590 legimns:
1036 1575 1053 1590 ‚‚
1077 1556 1151 1584 Aber
1173 1559 1236 1584 eben
1257 1566 1288 1584 so
1309 1557 1371 1583 wird
1391 1557 1457 1583 auch
1480 1557 1560 1583 durch
1585 1557 1627 1582 das
1652 1557 1813 1584 verschiede-

294 1618 310 1630 ,‚
331 1608 360 1625 ne
375 1601 545 1632 quantitative
565 1603 725 1629 Veriiiiltniss
742 1604 828 1630 dieser
847 1606 880 1631 im
904 1606 1002 1631 Hnmus
1021 1606 1157 1637 liegendeu
1177 1603 1269 1635 Stoffe,
1294 1605 1335 1629 die
1348 1603 1469 1637 Qualitiit
1484 1605 1530 1629 der
1545 1603 1658 1629 niiheren
1675 1604 1812 1630 Pflauzen-

296 1664 312 1675 ,‚
331 1647 510 1672 bcstandtheile
532 1655 646 1679 erzeugt.
686 1650 866 1681 starkemehh
885 1652 1014 1682 Schieim‚
1043 1652 1165 1682 Gummi,
1191 1650 1293 1676 Zucker
1311 1658 1337 1676 u.
1363 1658 1384 1677 s,
1410 1658 1444 1675 w.
1470 1649 1576 1676 werden
1601 1657 1651 1675 nur
1671 1649 1752 1675 durch
1768 1650 1812 1676 das

296 1709 312 1721 ,7
334 1693 502 1722 quantitative
521 1693 676 1720 Verhffltniss
696 1696 739 1721 des
759 1697 934 1722 Kohlenstoffs
955 1705 1012 1723 zum
1033 1697 1154 1729 Oxigeu3
1183 1697 1266 1724 fecte,
1291 1695 1439 1721 atherische
1459 1696 1540 1727 Oele,
1566 1695 1660 1720 Wachs
1685 1702 1710 1721 u.
1735 1703 1755 1722 s,
1774 1703 1809 1722 w.

297 1755 313 1767 ,,
332 1737 411 1762 durch
430 1737 473 1762 das
493 1737 535 1762 des
553 1739 730 1766 Kohlcnstoffs
752 1749 811 1767 zum
833 1742 983 1774 Hidrogen3
1007 1744 1118 1773 Giuteu,
1146 1743 1275 1772 Eiwciss,
1302 1741 1422 1767 thierisch
1444 1741 1644 1773 vegetabilische
1661 1740 1787 1767 Substanz
1802 1760 1812 1773 ,

299 1801 314 1813 ,‚
334 1783 414 1807 durch
441 1783 483 1807 das
506 1783 549 1808 des
575 1784 747 1811 Kohlensroffs
772 1795 832 1813 vzum
859 1789 946 1819 Azot‚
972 1788 1022 1813 und
1045 1789 1086 1813 die
1109 1789 1253 1813 siimmilich
1281 1787 1503 1820 vegetabil'ischen
1523 1788 1635 1818 Sfiuren,
1665 1787 1744 1813 durch
1767 1789 1811 1814 das

299 1846 315 1859 κ
336 1828 490 1853 Vei-halmiss
512 1829 581 1854 ihrer
605 1831 728 1857 Substanz
750 1840 813 1858 zum
841 1833 984 1860 Sauerstoff
1002 1835 1143 1860 bestimmt.
1179 1834 1271 1860 Durch
1294 1834 1363 1859 diese
1381 1833 1428 1858 auf
1440 1834 1497 1858 dem
1512 1833 1676 1858 analitischen
1691 1833 1743 1858 und
1761 1835 1812 1859 sin-a

297 1894 314 1906 .·.·
335 1874 479 1900 thetis-chen
498 1875 579 1906 che
601 1877 766 1903 bewicsenen
789 1879 965 1910 Tharsachen,
995 1881 1048 1905 sind
1072 1881 1120 1905 wir
1144 1881 1288 1912 bereciitigt
1305 1886 1338 1904 zu
1364 1879 1488 1910 fotgern,
1512 1879 1555 1903 das
1574 1879 1714 1910 Pflanzem
1738 1879 1812 1906 deren

297 1940 314 1952 5,
335 1920 500 1946 individuellc
528 1920 796 1953 Eigeuthumlichkeit
821 1926 899 1950 durch
925 1926 982 1950 dem
1007 1928 1128 1958 grosscrn
1153 1926 1244 1951 Gehalt
1267 1932 1296 1950 an
1321 1924 1484 1950 Kohlenstoff
1500 1926 1630 1950 bestimmt
1649 1925 1731 1956 wird,
1748 1927 1811 1952 auch

298 1986 315 1999 ς,
356 1968 412 1992 eine
440 1968 557 1998 grossere
577 1968 673 2000 Menge
697 1977 748 1994 von
772 1970 936 1996 Kohlenstoff
951 1979 985 1997 zu
1010 1972 1056 1997 d-er
1080 1972 1222 2004 Erhaltuug
1242 1971 1314 1996 ihrer
1333 1970 1557 1997 individualitiiten
1574 1970 1711 1998 bednrfeu.
1747 1972 1810 1998 Die-

297 2032 315 2044 ,Ν
335 2020 379 2038 sen
401 2013 516 2037 nehmem
537 2014 574 2038 sie
598 2021 646 2039 nun
670 2016 801 2041 entweder
822 2024 865 2042 aus
881 2017 937 2043 dem
964 2019 1063 2043 Humus
1088 2018 1151 2043 oder
1169 2024 1213 2041 aus
1236 2017 1279 2042 der
1295 2017 1532 2049 aunosphiirischen
1555 2016 1645 2043 Lust.''

336 2057 402 2092 (α)
423 2058 480 2085 vid.
500 2058 578 2084 Kone
599 2060 615 2085 ι.
635 2060 652 2086 1.
676 2068 703 2092 p.
722 2062 779 2087 128.
1067 2062 1133 2096 (3)
1153 2062 1212 2090 vid.
1230 2063 1314 2089 Kone
1333 2063 1350 2089 ι.
1369 2063 1386 2087 1.
1613 2054 1620 2063 ⁴

334 2103 401 2137 (4)
423 2104 480 2129 Vid.
498 2104 577 2129 Kortc
597 2106 613 2130 l.
632 2106 650 2129 l.
674 2113 701 2138 p.
717 2113 777 2137 ‘13¹-
800 2114 829 2133 et
848 2108 940 2136 Thaer.
961 2110 1102 2143 Englische
1122 2108 1233 2136 Landw.
1258 2110 1289 2135 Β.
1310 2109 1330 2135 1.
1353 2116 1381 2142 p.
1397 2115 1455 2135 202.

333 2155 345 2182 l
360 2159 373 2182 5
387 2156 400 2182 )
423 2149 481 2177 Vid.
499 2151 599 2177 Annale
618 2150 661 2177 des
679 2152 847 2179 Ackerbaues
865 2161 917 2180 von
935 2155 1029 2184 Thaer.
1054 2156 1087 2183 B.
1104 2155 1156 2182 IX.
1180 2163 1208 2188 Ρ.
1226 2162 1288 2182 210.
