1919 2511
302 184 341 216 16
661 181 920 215 JACOBI
985 191 1050 214 ΠΕ
1116 183 1409 216 GELDER

298 280 400 314 garae
419 293 428 310 ,
461 269 488 301 si
511 268 719 312 planetarum
747 275 864 303 mutua
896 269 1045 302 attractio
1075 269 1144 302 aliis
1171 259 1294 313 legibus
1317 269 1572 302 moderaretur:
1608 279 1625 301 e
1647 268 1768 313 quihus

299 328 497 362 doctissimis
524 328 805 372 disquisitionibus
838 339 899 361 sua
924 333 1041 371 sponte
1072 327 1218 370 sequitur
1235 351 1244 368 ,
1275 327 1400 358 nullam
1431 326 1530 357 aliam
1564 326 1768 362 attractionis

299 385 402 429 legem
416 410 426 426 ,
451 396 571 428 quam,
596 395 679 428 quae
698 386 731 418 in
750 391 870 418 natura
887 384 1102 425 observatur,
1126 383 1333 426 planetarum
1350 381 1534 414 orbitarum
1554 382 1674 425 figuras
1697 387 1767 414 tam

298 441 463 483 simplices
479 440 635 482 reddere,
660 446 692 473 et
708 452 825 474 eorum
851 452 871 474 a
895 441 968 473 Sole
992 440 1183 481 distantias,
1205 438 1325 482 quibus
1349 438 1392 471 ad
1415 436 1604 470 firmitatem
1632 443 1667 470 et
1691 447 1770 470 con-

295 497 453 529 stantiam
467 496 666 529 servandam
683 508 766 540 opus
781 503 829 529 est
840 522 849 539 ,
873 508 1004 532 servare
1020 496 1178 540 potuisse..

341 553 405 586 Sed
426 554 521 596 plura
545 553 682 586 dicenda
713 557 853 587 restant!
906 556 979 588 Lex
1006 553 1190 598 gravitatis,
1223 561 1308 595 quae
1337 552 1401 595 agit
1427 552 1461 584 in
1485 552 1611 583 ratione
1639 551 1771 584 inversa

299 609 539 652 quadratorum
562 609 793 642 distantiarum
806 635 817 652 ‚
840 609 902 643 fuit
922 610 1055 654 quidem
1076 620 1253 642 KEPLERI
1276 608 1399 652 legibus
1412 633 1421 649 ,
1446 619 1530 651 quae
1548 618 1590 640 ex
1613 606 1772 641 ohserva-

301 666 430 697 tionum
455 666 540 703 serie
570 666 820 699 deducebantur
837 691 846 708 ,
883 667 1102 705 confirinata3
1137 664 1195 697 sed
1232 666 1453 697 recentiorum
1484 662 1773 702 observationibus

300 722 509 765 planetarum
527 727 637 754 motus
658 722 700 754 ab
719 722 782 756 hac
797 724 862 766 lege
891 723 1131 767 aliquantulum
1148 722 1302 754 recedere
1324 720 1531 755 videbantur.
1578 721 1675 753 Multi
1690 720 1772 759 Pht-

303 778 431 821 losoplii
451 778 720 822 medio'sacculo
750 781 931 823 superiori,
956 786 998 812 ex
1025 779 1075 811 his
1102 777 1387 819 aberrationibus,
1410 777 1484 810 licet
1507 777 1600 811 valde
1627 776 1771 820 exiguis,

297 833 348 866 sic
363 835 576 867 statuendum
594 845 666 868 esse
683 835 951 876 arbitrabantur,
973 836 1222 868 Planetczrzmz
1242 839 1402 874 systema
1426 833 1577 865 minime
1605 831 1773 865 invaria-

301 890 371 923 hile
395 901 482 923 esse.
535 893 663 925 Revera
697 892 829 936 obliqua
859 891 1034 935 Ech'ptices
1061 890 1179 935 positio
1207 900 1340 933 semper
1372 890 1561 921 decrescere
1583 880 1772 929 videbatur}

301 952 352 987 et,
388 957 465 978 cum
487 949 604 980 Lunae
636 958 752 986 cursus
781 949 835 981 itto
866 954 1013 991 tempore
1044 949 1231 985 accelerare¹
1255 947 1506 986 observaretur,
1538 945 1628 977 hunc
1648 945 1777 983 satelli-

300 1007 386 1044 tem,
409 1009 484 1046 post
499 1005 604 1037 multa
627 1006 778 1047 saecula,
802 1005 937 1038 tandem
952 1006 987 1037 in
1001 1015 1105 1037 unam
1123 1003 1328 1046 eandemque
1345 1003 1468 1034 molem
1493 1012 1571 1034 cum
1591 1007 1678 1033 terra
1698 1000 1773 1034 abi-

299 1064 414 1090 turum
441 1059 644 1100 credebant;
676 1072 717 1093 ex
745 1061 797 1094 his
820 1060 1105 1101 aberrationibus,
1143 1064 1180 1091 ut
1209 1058 1291 1091 alias
1318 1059 1489 1099 omittam,
1522 1057 1557 1089 hi
1582 1055 1777 1100 Philosophi-

297 1114 573 1157 suspicabantur‚
596 1116 845 1149 Planetarmn
875 1122 1034 1157 systema
1059 1114 1151 1148 adeo
1183 1125 1260 1147 esse
1295 1114 1482 1157 infirmam
1512 1120 1622 1157 alque
1645 1108 1775 1155 incon-

302 1176 424 1212 stans,
451 1176 489 1203 at
503 1177 590 1214 post
611 1173 730 1216 mul-la
748 1173 900 1205 saecula
916 1171 1066 1204 tandem
1086 1178 1325 1207 everteretur.
1361 1173 1519 1205 Attamen
1533 1171 1617 1203 haec
1636 1175 1775 1213 portem-2

299 1233 335 1260 ta
363 1227 463 1260 falsas
489 1238 560 1261 esse
587 1227 759 1272 opiniones
783 1230 1005 1262 recentiorum
1035 1228 1335 1272 disquisitionibus,
1369 1240 1388 1261 e
1416 1234 1484 1261 tota
1505 1227 1775 1261 observationum

297 1284 448 1327 congerie
460 1285 587 1327 petitis,
609 1287 821 1318 acutissimus
844 1298 1067 1319 LAPLACIUS
1090 1285 1286 1329 unicuique,
1303 1286 1502 1319 sublimioris
1514 1287 1695 1328 Analyseos
1712 1294 1777 1328 pe*

299 1340 382 1380 rito,
412 1350 514 1384 quam
530 1341 772 1387 evidentissime
791 1341 1039 1375 demonstravit.
1072 1343 1217 1375 vEtenim
1242 1341 1441 1382 doctissimis
1468 1344 1539 1383 ejus
1565 1341 1627 1375 viri
1649 1341 1776 1385 disqui-

298 1395 473 1427 s.tionibus
492 1402 601 1439 patet,
627 1397 811 1430 orbitarum
836 1398 936 1430 situm
965 1403 996 1430 et
1015 1399 1294 1431 excentricitatem
1317 1409 1417 1441 quam
1447 1398 1625 1431 lentissime
1640 1396 1776 1441 quidem

299 1452 448 1492 variare,
471 1457 506 1484 at
519 1454 662 1494 majores
678 1459 789 1485 tamen
811 1453 972 1496 ellipsium
1003 1464 1082 1486 axes
1098 1453 1319 1488 invariabiles
1343 1464 1435 1494 esse3
1459 1455 1518 1487 sed
1543 1465 1599 1486 eas
1616 1451 1776 1494 variatio-

301 1516 360 1539 ues
381 1512 455 1549 post
476 1507 638 1549 quasdam
659 1510 815 1551 temporiS
838 1509 1008 1552 periodos,
1033 1510 1198 1542 maximas
1219 1510 1432 1553 plerumque,
1457 1510 1500 1542 ad
1515 1511 1658 1553 priorem
1672 1511 1776 1542 situm

303 1564 490 1594 necessario
506 1564 634 1597 reverti.
680 1565 787 1606 Atque
804 1568 851 1597 sic
867 1565 998 1608 quidem
1016 1564 1194 1607 probatum
1209 1571 1276 1607 est,
1299 1564 1372 1598 illas
1396 1567 1582 1608 systematis
1605 1565 1776 1609 planetarii

302 1617 526 1651 aberrationes
540 1642 550 1660 ,
575 1628 657 1661 quas
690 1621 838 1653 nonnulli
859 1619 1035 1664 aliquando
1063 1620 1195 1653 suturae
1225 1621 1400 1662 eujusdam
1425 1622 1618 1654 conditionis
1647 1624 1776 1666 imper-

303 1674 407 1707 fectae
425 1680 457 1706 et
473 1674 624 1706 infirmae
636 1686 735 1708 omen
751 1687 821 1708 esse
841 1676 1106 1718 arbitrabantur,
1125 1676 1385 1709 immutabilibus
1401 1678 1518 1720 regulis
1533 1678 1773 1721 obtemperare.

350 1730 448 1772 Quod
476 1736 586 1762 autem
611 1733 780 1764 veritatem
805 1731 1083 1776 ingeniosissimae
1112 1735 1182 1775 ejus
1207 1733 1374 1766 doetrinae
1402 1734 1498 1776 plane
1526 1735 1717 1776 confirmat,
1740 1737 1776 1768 in

305 1797 346 1819 eo
365 1791 413 1818 est
426 1787 545 1827 situm,
569 1787 657 1829 quod
671 1799 729 1835 ca,
753 1798 836 1832 quae
856 1800 897 1821 ex
924 1788 1014 1821 hisce
1042 1788 1322 1832 disquisitionibus
1344 1789 1484 1822 deducta
1505 1796 1599 1832 sunt,
1624 1792 1777 1824 oninium

304 1847 374 1875 tam
393 1844 550 1874 Veterum
569 1853 668 1885 quam
686 1842 920 1877 Recrntiorum
937 1843 1221 1877 observationibus
1233 1870 1243 1886 ‚
1260 1844 1303 1876 ab
1318 1847 1408 1878 omni
1425 1853 1532 1889 parte,
1557 1858 1657 1891 quam
1675 1859 1777 1889 accuf

305 1899 470 1947 ratissime
486 1906 678 1941 congruunt.
726 1902 854 1935 Verum
875 1911 981 1943 pauca
999 1901 1162 1943 quaedam
1189 1902 1219 1933 in
1242 1901 1305 1934 hac
1327 1901 1474 1934 doctrina
1501 1902 1567 1935 huc
1589 1914 1691 1946 usque
1717 1903 1779 1939 de,-

304 1955 508 1993 sideranturJ
532 1965 594 1986 nec
612 1957 732 1987 mirum
759 1956 923 1999 prosecto3
948 1966 1077 1989 massae
1096 1958 1218 1989 scilicet
1229 1959 1380 1990 onmium
1400 1959 1605 2001 planetarum
1627 1959 1777 1992 nondum

304 2012 385 2044 satis
406 2015 560 2042 accurate
587 2010 823 2044 determinatae
847 2019 936 2044 sunt.
990 2001 1268 2046 Astronomorum
1296 2019 1346 2045 est
1366 2014 1531 2055 officinm,
1556 2015 1692 2047 selectas
1715 2015 1779 2048 ob·-

304 2068 507 2099 servationes
538 2067 690 2098 alacriter
713 2067 936 2110 ampliliea're3
969 2069 1107 2113 quodsi
1133 2059 1285 2111 sertrint,
1321 2069 1402 2102 nihil
1426 2073 1545 2103 certius
1571 2073 1605 2103 in
1637 2069 1779 2113 Physica

309 2115 492 2166 Disciplina
520 2123 671 2156 futurum
692 2134 762 2156 esse
790 2134 892 2168 quam
908 2127 1123 2159 Planetarum
1144 2115 1314 2167 >sosteiiia,
1337 2137 1378 2158 cx
1405 2127 1483 2170 ipsis
1505 2139 1686 2160 LAPLACH
1707 2127 1779 2159 for-

304 2178 405 2210 mulis
427 2184 526 2222 patet.

307 2227 310 2231 '
1686 2227 1780 2265 Mul-2
