1919 2511
249 166 291 196 86
521 163 807 204 JOANNIS
867 161 1184 194 HERMANI
1241 161 1465 194 KROON

545 247 606 275 Cur
624 253 656 275 tu
676 248 742 276 aliis
754 267 764 282 ‚
783 248 897 285 inquit,
914 245 1082 284 praedicere
1095 245 1168 282 fata
1186 244 1349 285 professus,

541 297 610 325 Non
629 297 697 326 haee
717 300 773 336 ipw
791 299 847 326 tibi
864 299 989 326 cecinisti
1008 298 1149 326 instantia
1169 296 1304 326 damna?

546 398 602 435 Qui
621 399 674 426 sibi
693 408 747 427 non
765 400 859 437 sapit,
881 399 926 427 hie
946 399 1056 435 sapiens
1076 398 1147 427 mihi
1166 407 1220 428 non
1239 398 1296 426 erit
1315 405 1461 435 umquam.

298 501 396 530 Vates.
437 500 544 529 Fabula
566 497 676 535 Aesop.
699 498 728 527 in
749 499 831 536 vng.
853 499 923 528 coll.
944 499 1006 529 No.
1024 508 1073 534 40.
1095 499 1176 528 Flor.
1199 499 1263 529 No.
1286 507 1350 534 113.

299 552 424 580 Privata
452 549 570 579 canebat
586 551 671 586 fata.
713 550 745 578 Id
768 557 812 579 est
835 550 1013 586 singulorum
1035 550 1180 579 hominum
1204 549 1261 578 fata
1283 548 1422 584 canebat,
1452 556 1510 584 quo
1534 555 1621 577 sensu
1638 548 1768 586 privatus

258 602 386 632 occurrit
412 602 488 638 apud
507 601 573 631 CIc.
598 602 685 631 Dom.
711 610 775 638 cap.
795 610 840 637 17.
875 622 893 637 ‚‚
911 602 981 639 leges
996 602 1124 639 privatis
1146 601 1302 630 hominibus
1322 598 1494 636 irrogare.”
1533 598 1603 628 Liv.
1628 598 1699 628 Lib.
1715 601 1770 629 lv.

262 663 326 690 cap.
342 663 360 689 4
387 660 459 685 extr.
497 673 516 688 „
529 651 604 690 quod
622 654 804 690 privatorum
820 653 998 681 consiliorum
1022 651 1122 689 ubique
1145 660 1251 690 semper
1272 650 1373 688 fuit.”
1413 649 1506 680 Conf.
1532 650 1650 680 Ernesti
1673 650 1702 679 in
1719 650 1770 679 CI.

258 704 329 734 Cic.
353 713 423 733 voce
442 704 588 742 privatus.
609 719 647 725 —
674 703 780 731 Canere
805 705 933 733 solemne
955 711 997 731 est
1020 703 1138 732 verbum
1164 704 1199 732 de
1223 702 1369 732 vaticiniis
1392 707 1421 731 et
1439 701 1586 738 oraculis,
1608 710 1680 738 quae
1704 701 1772 730 olim

262 756 397 784 vei-sibus
418 755 466 783 edi
494 755 637 784 solebant.
679 754 765 783 Ovid.
788 755 861 784 Met.
884 755 1010 784 Lib.11.
1032 763 1077 783 vs.
1103 755 1173 791 639·

817 807 952 844 fatorum
972 815 1083 835 arcana
1101 805 1232 835 canebat·

261 856 342 894 Nep.
366 857 432 886 Att.
456 866 521 894 cap.
541 858 585 887 16.
617 878 635 893 ‚‚
651 857 700 886 sed
713 859 816 893 etiam,
838 867 910 896 quae
934 866 1008 886 mmc
1028 867 1081 886 usu
1101 858 1237 893 veniunt,
1258 857 1360 886 cecinit
1377 862 1410 886 ut
1427 855 1540 887 vates.”
1579 854 1649 884 Liv.
1671 853 1740 885 Lib.
1750 853 1774 886 1.

263 917 328 944 cap.
346 917 375 944 7.
407 929 425 944 ,ς
435 908 472 937 Te
488 909 558 937 mihi
573 915 687 945 mater,
704 909 831 938 veridica
842 911 982 947 interpres
998 908 1092 937 Detim
1103 928 1113 944 ‚
1135 915 1290 938 aucturum
1305 908 1461 939 coelestium
1475 916 1624 937 numerum
1638 906 1775 937 cecinit.’'

262 959 446 996 Exquisitius
465 968 520 997 pro
540 959 672 996 referre,
694 969 824 989 narrare
841 967 884 988 est
901 960 977 996 apud
994 959 1081 989 Ovid.
1100 960 1221 990 Heroid.
1239 960 1310 990 Lib.
1329 959 1355 990 Ι.
1379 969 1426 990 vs.
1448 961 1496 990 28.

550 1010 600 1039 Illi
618 1013 695 1039 victa
714 1013 771 1039 suis
791 1010 877 1039 Troia
889 1011 963 1046 fata
981 1017 1100 1042 canunt.

304 1063 349 1091 Et
376 1072 451 1101 quae
476 1071 610 1100 quemque
636 1068 734 1091 eventa
758 1068 916 1091 manerent.
965 1061 1087 1097 Saepius
1107 1063 1182 1099 apud
1207 1062 1332 1098 optimos
1358 1061 1516 1098 scriptores
1545 1070 1660 1090 manere
1684 1059 1777 1090 activo

263 1123 352 1143 sensu
371 1114 488 1150 ponitur
508 1122 562 1150 pro
582 1120 754 1151 exspectare.
797 1113 918 1142 Terent.
944 1113 1064 1142 Phorm.
1089 1113 1159 1142 Act.
1178 1113 1231 1145 111.
1256 1114 1307 1143 Sc.
1328 1121 1428 1145 1.,vs.
1449 1115 1496 1144 16.

551 1164 767 1202 Mansurusque
780 1171 921 1203 patruum
936 1170 1023 1202 pater
1041 1170 1081 1192 est
1092 1183 1103 1200 ‚
1122 1163 1191 1192 dum
1210 1164 1264 1193 huc
1282 1163 1431 1194 adveniat.

266 1218 351 1254 ixii-g.
375 1215 445 1246 Lib.
464 1214 534 1245 V11.
563 1217 637 1245 Aen.
657 1224 703 1248 vs,
720 1216 789 1253 596.

1020 1273 1053 1296 ze
1070 1268 1154 1297 triste
1172 1266 1297 1297 manebit

553 1319 726 1358 Supplicium

264 1371 370 1399 ibidem
390 1370 446 1399 VI.
474 1378 521 1399 vs.
541 1378 589 1406 71.

553 1421 590 1450 Te
608 1431 714 1460 quoque
734 1431 840 1460 magna
861 1429 978 1451 manem*
1000 1423 1094 1460 regnis
1110 1421 1274 1460 penetralia
1295 1422 1410 1452 nostris.

265 1481 294 1502 et
319 1473 424 1510 passim
446 1472 528 1501 aiibi.
570 1473 661 1502 Conf.
687 1474 856 1503 Perizonius
881 1475 916 1503 ad
941 1475 1038 1504 Sanct.
1064 1474 1195 1505 MInerv.
1223 1474 1293 1504 Lib.
1314 1474 1371 1504 111.
1397 1483 1462 1511 cap.
1481 1481 1509 1511 3.
1535 1474 1597 1502 No.
1619 1472 1667 1504 86.

307 1525 440 1554 Penates.
472 1525 505 1554 Id
513 1531 557 1553 est
568 1524 678 1554 domum
686 1529 708 1562 ‚·;
717 1526 883 1563 frequenter
899 1527 940 1555 sic
957 1525 1060 1563 optimi
1078 1525 1187 1561 quique
1205 1532 1354 1561 veterum,
1366 1525 1449 1562 Virg.
1468 1525 1538 1554 Lib.
1553 1525 1634 1555 VIII.
1653 1533 1701 1556 vs·
1716 1531 1781 1560 123.

813 1587 847 1606 ac
866 1580 969 1607 nostris
988 1576 1103 1606 succede
1121 1576 1276 1606 Penatibus
1294 1576 1386 1614 hospes

268 1629 359 1658 Ovid.
384 1627 463 1656 Met.
492 1626 563 1656 Lib.
586 1627 668 1658 vm.
695 1637 740 1658 vs.
761 1630 832 1666 637.

560 1677 641 1715 Ergo
661 1678 709 1707 ubi
727 1680 870 1709 coelicolae
883 1687 989 1718 parmas
1008 1681 1128 1717 tetigere
1141 1685 1270 1718 penates·

311 1728 368 1766 Qui
385 1727 437 1756 sibi
456 1737 510 1757 non
530 1730 605 1766 sapit
624 1735 682 1758 cet.
722 1729 855 1766 Euripid.
874 1732 949 1767 apud
965 1731 1030 1762 Cic.
1056 1730 1115 1760 Lib
1133 1730 1216 1760 XIII.
1240 1730 1275 1759 ad
1294 1728 1374 1758 Fam.
1400 1736 1448 1765 ep.
1463 1729 1522 1766 115.

559 1783 639 1808 Μισῶ
658 1782 792 1817 σοφιστὴν
816 1780 896 1814 ὅστις
918 1781 982 1819 σῦχ’
1003 1784 1076 1819 αὐτῷ
1096 1782 1192 1820 σοφός.

269 1830 362 1869 Quod
378 1829 453 1858 idem
473 1837 509 1859 ex
527 1830 660 1859 versione
680 1830 769 1860 Ennii
789 1832 866 1861 dedit
893 1832 964 1863 Lib.
984 1832 1055 1862 VII.
1084 1841 1131 1869 ep.
1150 1835 1180 1862 6.

560 1881 615 1918 Qui
633 1883 691 1920 ipse
709 1883 763 1911 sibi
780 1885 889 1921 sapiens
904 1885 1034 1923 prodesse
1052 1893 1107 1913 non
1125 1885 1208 1922 quit,
1228 1883 1412 1922 nequicquam
1431 1882 1518 1922 sapit.

273 1933 340 1962 Huc
361 1940 478 1969 quoque
497 1933 620 1970 pertinet
640 1933 711 1962 illud
731 1935 871 1972 Aeschyli
890 1935 921 1965 in
941 1937 1087 1966 Prometh.
1115 1944 1162 1966 VS.
1180 1944 1251 1974 471.

727 1987 810 2020 κοικὸς
831 1985 856 2016 δ’
878 1987 988 2024 ἰατρὸς,
1018 1986 1053 2020 ὥς
1072 1998 1115 2020 τις
1137 1988 1167 2020 ἐς
1188 1987 1262 2018 νόσον

555 2036 651 2065 neo-&m
670 2036 804 2072 ἀθυμεῖς,
827 2037 874 2067 καὶ
897 2038 1012 2068 σεαυτὸν
1032 2039 1079 2068 οὐκ
1099 2036 1175 2076 ἔχεις

556 2085 651 2123 Εὕρειν
673 2088 770 2122 ὁποίοις
790 2088 951 2126 φαρμάκοις
972 2089 1096 2126 immae·

1710 2183 1782 2214 FA-
