1919 2511
320 173 356 209 3'0
649 167 832 199 ANTONII
853 165 1031 202 HENRICI
1049 174 1115 198 VAN
1134 173 1201 198 nrm
1219 166 1336 199 BOON
1354 168 1502 201 MESCH

313 259 375 282 tum
398 251 511 288 quidem
536 249 570 279 ab
596 251 684 280 humo
710 258 870 288 separatum
895 250 1047 288 putredine
1071 250 1205 288 deinceps
1233 250 1373 288 afficitur,
1402 258 1502 282 verum
1530 249 1579 280 ina
1604 250 1736 290 ratione,
1770 259 1828 289 qua

313 303 459 340 vidimus,
495 311 560 331 cum
583 305 687 331 ceteris
716 302 846 339 partibus
872 301 1148 341 Junctumrminime
1178 303 1251 331 hanc
1279 309 1418 333 monstrat
1447 301 1675 340 proprietatem
1703 310 1734 332 et
1761 311 1828 333 sane

313 355 426 392 egregia
449 361 492 384 est
516 354 561 383 vis
587 353 666 382 humi
688 353 856 390 antiseptica
878 354 959 391 (1).
1000 353 1060 382 Has
1086 361 1155 382 vero
1179 353 1370 390 mutationes,
1394 362 1463 390 quas
1487 353 1519 383 in
1540 361 1675 390 campana
1701 353 1829 383 ostendit

312 408 434 441 numm,
457 411 535 434 certe
558 406 645 441 longe
668 404 808 433 efficacius
833 404 862 434 in
885 404 946 433 aete
970 410 998 433 et
1022 405 1052 433 in
1077 405 1152 442 agris
1174 405 1344 442 experitur,
1365 406 1416 434 ubi
1434 405 1523 434 ferme
1543 411 1604 434 tota
1624 404 1827 440 consumitur,

313 464 345 486 ut
370 457 443 487 nihil
465 463 575 493 praeter
598 457 638 485 sal
667 455 786 492 aliquod
816 461 845 485 et
874 456 1000 492 oxydutn
1026 455 1095 484 ferri
1121 455 1318 491 relinquatur.
1365 456 1448 494 Quae
1475 455 1607 491 Einhofii
1636 454 1705 491 (ει)
1733 454 1830 483 Thae-

310 509 347 538 rii
370 509 385 545 (
396 509 435 545 3)
455 508 632 543 aliorumque
652 505 792 536 sententia
818 505 1006 536 confirmatur
1023 507 1195 536 auctoritate
1216 506 1363 536 Saussurii
1388 505 1535 544 Maioris,
1557 506 1608 543 qui
1635 506 1720 535 docet
1737 514 1829 543 prop-

312 569 356 591 ter
383 562 456 590 hanc
480 560 560 589 humi
584 559 770 589 mutationem
800 565 828 588 et
857 558 1081 588 destructionem
1107 559 1214 587 multos
1237 566 1322 594 agros
1355 563 1437 587 antea
1467 556 1665 586 fertilissimos
1691 556 1726 585 ab
1759 556 1830 593 ipsis

312 611 453 649 agricolis
471 611 582 640 steriles
605 619 670 640 esse
691 611 808 647 factos,
830 609 964 647 quoniam
987 608 1155 645 laboribus,
1184 608 1339 644 fodiendo,
1366 608 1470 638 arando
1493 614 1553 638 non
1580 613 1731 644 parcentes
1757 612 1830 635 ster-

311 663 475 693 corationes
491 664 679 700 neglexerunt
699 662 780 700 (4).
823 661 892 691 Sola
919 669 988 698 ergo
1007 660 1089 697 aere,
1109 659 1215 697 plantis
1236 666 1265 688 et
1287 659 1434 696 segetibus
1454 659 1550 690 humo
1568 658 1739 696 privantur,
1763 664 1831 693 qua-

313 723 344 744 re
365 721 463 744 monet
485 713 643 751 Virgilius:

619 813 676 843 Sed
693 819 787 843 tamen
806 813 927 843 alternis
939 811 1043 849 facilis
1061 812 1162 842 labor.-
1182 810 1271 840 arida
1290 816 1405 840 tantum

612 866 660 894 Ne
678 872 815 894 saturare
829 864 896 899 fimo
912 865 1017 902 pingui
1031 863 1142 902 pudeat
1161 863 1220 890 sola
1246 863 1261 899 (
1271 870 1287 899 5
1299 862 1330 898 >-

313 967 407 1006 Cuius
439 965 607 996 vetustioris
633 964 765 1002 inprimis
793 965 993 994 Romanorum
1022 964 1143 993 rationis
1174 963 1333 993 imitatione
1357 961 1532 993 recentiores
1562 966 1661 998 gentes
1692 967 1728 989 ex
1751 957 1831 988 tenui

310 1022 356 1051 vel
376 1021 490 1049 exculto
516 1019 580 1048 solo
602 1019 701 1047 laetam
732 1025 832 1045 rursus
853 1016 987 1053 graminis
1012 1021 1136 1052 segetem
1164 1014 1342 1051 producunt.
1382 1012 1482 1050 Quum
1506 1020 1575 1041 vero
1603 1002 1706 1041 contra
1731 1017 1831 1039 omnes

311 1073 423 1109 plantae
445 1070 475 1100 in
503 1069 598 1106 agris,
621 1068 728 1105 quibus
754 1067 924 1102 alebantur,
945 1073 974 1096 et
998 1066 1194 1096 moriebantur
1216 1072 1244 1094 et
1266 1063 1548 1099 fermentescebant,
1577 1062 1657 1091 humi
1680 1061 1765 1098 copia
1785 1059 1829 1089 in-

309 1123 430 1161 signiter
453 1127 625 1166 augeretur,
648 1120 727 1156 quod
748 1128 782 1148 ex
802 1127 837 1148 eo
867 1118 952 1147 facile
975 1117 1137 1155 probatur,
1157 1116 1293 1152 quoniam
1319 1114 1470 1153 superiora
1494 1120 1587 1144 terrae
1614 1119 1704 1142 strata
1727 1113 1758 1141 in
1781 1110 1832 1139 sil-

309 1175 355 1205 vis
378 1180 407 1203 et
436 1171 551 1210 pascuis
577 1170 729 1207 aliquando
757 1169 819 1199 fere
847 1170 912 1198 sola
943 1168 1032 1198 humo
1061 1173 1209 1198 constant.
1257 1168 1366 1196 Verum
1394 1165 1500 1194 humus
1529 1163 1573 1193 uti
1609 1163 1722 1192 dlversa
1759 1167 1803 1190 est
1821 1181 1832 1197 ,

308 1223 518 1263 principiorum
539 1221 636 1251 habita
663 1220 794 1257 ratione,
816 1219 858 1249 sic
883 1219 968 1249 etiam
994 1219 1110 1255 differt,
1141 1218 1221 1255 quod
1244 1217 1279 1246 ad
1301 1217 1374 1246 hanc
1401 1217 1466 1246 ae're
1492 1214 1678 1245 mutationem
1705 1212 1830 1248 attinet,

310 1286 368 1314 quo
392 1275 506 1305 facilius
529 1282 561 1303 ac
583 1272 705 1303 celerius
734 1272 775 1301 sic
799 1277 946 1307 mutatur,
968 1279 1003 1301 eo
1024 1269 1155 1300 fertilior
1169 1268 1342 1299 aestimanda
1363 1273 1427 1303 est3
1449 1267 1533 1305 cujus
1552 1264 1727 1296 diversitatis
1744 1271 1829 1293 caus-

310 1337 342 1358 sa
361 1328 391 1358 in
412 1316 524 1356 diversa
551 1323 762 1362 principiorum
788 1322 974 1360 copulatione
994 1321 1112 1351 omnino
1136 1320 1232 1358 posita
1248 1319 1374 1349 videtur.
1414 1317 1490 1347 Nam
1511 1317 1554 1346 sic
1573 1317 1678 1347 humus
1698 1314 1783 1345 acida
1804 1320 1833 1342 et

307 1387 368 1411 atra
397 1377 503 1408 lentius
529 1382 557 1405 et
584 1374 782 1412 imperfectius
815 1375 877 1404 aere
905 1372 1122 1411 corripiuntur3
1153 1378 1207 1407 et,
1236 1370 1262 1399 si
1288 1378 1323 1399 eo
1349 1369 1555 1405 destruantur,
1585 1367 1652 1397 talia
1677 1364 1832 1402 aliquando

308 1430 496 1469 producunt,
519 1427 612 1465 qualia
638 1426 711 1464 ipsis
738 1426 845 1463 plantis
869 1431 989 1457 nocent.
1028 1424 1138 1454 Verum
1162 1422 1233 1452 aliae
1263 1420 1390 1451 rationes
1417 1427 1496 1450 nunc
1517 1419 1548 1449 in
1570 1417 1707 1448 auxilium
1731 1414 1831 1446 vocari

309 1483 429 1518 solent,
453 1479 558 1517 quibus
580 1478 731 1514 utriusque
760 1477 838 1506 humi
866 1486 968 1507 natura
993 1482 1022 1506 et
1046 1475 1159 1506 indoles
1184 1479 1328 1505 mutetur,
1357 1471 1514 1508 aptiorque
1537 1469 1588 1499 fiat
1609 1469 1646 1498 ad
1674 1477 1705 1497 ea
1732 1473 1830 1497 osten·

309 1532 399 1563 denda
424 1531 641 1569 phaenomena,
671 1537 745 1566 quae
773 1529 914 1559 enarravi.
961 1527 1042 1566 Quas
1066 1526 1192 1556 rationes
1216 1531 1247 1554 et
1271 1531 1359 1560 supra
1383 1523 1440 1559 jam
1465 1530 1519 1559 pro
1549 1527 1630 1559 parte
1667 1517 1830 1556 explicavi,

310 1592 340 1614 et
362 1593 427 1613 cum
453 1581 606 1620 praecipue
631 1581 676 1611 vel
701 1579 838 1610 alcalibus
859 1581 907 1609 vel
931 1579 1015 1609 terris
1034 1579 1123 1608 humo
1143 1576 1280 1607 addendis
1305 1573 1528 1609 contineantur,
1548 1572 1584 1601 de
1607 1571 1653 1601 his
1680 1577 1748 1599 mox
1769 1569 1833 1605 plu-

310 1635 392 1665 ribus
411 1643 510 1672 agam3
533 1640 609 1662 nunc
635 1640 705 1660 vero
727 1631 818 1660 dicam
846 1631 882 1660 de
902 1639 992 1668 aquae
1012 1630 1042 1660 in
1064 1630 1184 1659 hum-um
1202 1627 1333 1657 actione.
1456 1656 1459 1658 ,

348 1685 420 1716 Dixi
446 1683 592 1713 humidam
622 1683 742 1712 humum
769 1683 841 1712 aeris
870 1682 1045 1720 oxygenium
1076 1680 1201 1717 arripere
1232 1678 1318 1714 eique
1349 1655 1502 1714 adjungere
1526 1681 1611 1703 suum
1639 1669 1829 1700 carbonium·
1820 1689 1830 1703 ‚

308 1743 340 1766 et
365 1736 525 1774 probarunt
549 1733 620 1763 mihi
643 1742 704 1763 mea
728 1733 943 1770 experimenta,
970 1734 1007 1762 de
1041 1732 1148 1769 quibus
1171 1738 1242 1759 mox
1263 1731 1367 1766 plura,
1397 1734 1500 1763 aquam
1524 1725 1601 1754 illam
1631 1719 1766 1759 oxygenii
1790 1728 1833 1748 ar·

310 1787 435 1826 ripiendi
458 1784 621 1816 aviditatem
644 1791 674 1815 et
694 1784 860 1814 facultatem
877 1785 962 1814 humi
985 1783 1066 1814 valde
1089 1789 1272 1821 promovere.
1313 1778 1448 1809 Vidimus
1466 1775 1543 1807 enirn
1566 1775 1654 1804 humo
1676 1769 1830 1801 admodum

1778 1820 1836 1851 sic-

347 1920 408 1955 (1)
425 1919 492 1946 vid.
510 1919 630 1945 saussure
646 1919 666 1946 1.
684 1919 703 1945 1.
725 1925 784 1951 pag.
800 1919 857 1950 183.

347 1966 412 2002 (2)
430 1966 493 1994 Vid.
512 1966 615 1991 Einhof
629 1972 689 1998 pag.
707 1966 765 1998 348.

348 2013 417 2048 (3)
436 2012 496 2040 Vid.
514 2011 605 2039 Thaer.
623 2013 641 2039 Ι.
659 2013 675 2038 1.
693 2019 752 2044 pag.
770 2017 827 2038 110.

347 2058 411 2093 (4)
429 2058 490 2086 Vid.
508 2058 544 2086 H.
562 2059 595 2086 Β.
613 2057 645 2084 de
661 2058 792 2084 Saussmme
828 2056 948 2090 voyages
973 2055 1034 2081 dans
1059 2055 1096 2081 les
1116 2055 1214 2087 Alpes,
1238 2052 1370 2087 precedes
1389 2031 1449 2077 ἀ’1111
1473 2050 1539 2081 essai
1563 2054 1606 2075 sur
1633 2043 1766 2072 l'Histoire
1788 2047 1831 2066 na·

316 2107 406 2135 turelle
423 2105 468 2131 des
493 2105 626 2131 Environs
642 2103 676 2130 de
697 2104 805 2130 Geneve
824 2104 944 2137 §-13¹9·
977 2101 1140 2129 Neufchatel
1159 2108 1232 2135 1779.

350 2151 416 2187 (5)
434 2150 497 2179 vid.
514 2151 610 2184 virgil.
628 2151 728 2183 Georg·
742 2150 777 2183 1,
793 2155 839 2184 79.
