1919 2511
436 97 662 130 RESPONSIO
697 106 740 129 AD
769 97 1076 138 QUAESTIONEM
1103 98 1379 132 LITERARIAM.
1621 99 1655 129 81

409 278 667 313 FABULA
725 280 1156 311 SEXAGESIMA
1213 279 1403 309 NONA.

648 375 777 396 Asturis
812 375 982 395 DOMINos
1016 377 1174 409 MUTANF·

448 452 556 482 olum·
573 455 675 483 asellus
694 455 814 484 serviens
825 473 836 490 ,
855 451 930 490 quod
940 452 1043 492 pabuli

441 508 532 540 Quam
551 507 697 535 minimum
717 506 851 541 haberet,
873 505 948 543 quod
965 504 1070 533 laboris
1082 504 1263 543 plurimum,

437 555 536 592 Jovem
557 563 597 585 est
614 564 767 594 precatus,
789 563 820 584 ut
840 556 893 584 sibi
916 557 1006 585 alium
1026 556 1123 584 herum
1142 555 1240 584 daret·

440 604 532 633 Dedit
550 607 598 634 ille
613 606 734 644 figulum
747 614 758 634 .·
779 607 826 634 cui
844 606 937 634 lutum
957 605 1068 635 assidue
1079 606 1201 642 ferens,

438 656 588 694 Durosque
607 658 727 693 lateres,
747 656 911 695 tegulasque
923 664 1123 696 praegraves,

440 708 585 746 Iniquiore
603 715 678 739 sorte
696 710 785 738 multo
805 717 889 746 quam
907 710 992 745 prius

441 759 553 797 Agebat
559 769 572 795 ‚·
591 768 656 797 ergo
671 758 763 788 *denuo
782 759 923 789 dominum
943 759 997 788 sibi

440 811 562 840 Mutare
582 812 627 839 uti
647 812 744 840 liceret
756 831 769 847 ‚
788 812 882 840 oravit
903 811 1017 848 Jovem.

442 868 501 900 Quo
520 863 704 897 assentiente,
725 861 854 891 venditus
872 863 1010 892 coriario.

442 913 487 942 Ibi
505 922 569 943 vero
589 913 735 947 acerbam,
756 913 909 943 luctuosam
922 935 933 951 ,
954 921 981 942 et
994 912 1141 952 perditam

443 965 537 993 Miser
555 963 690 992 trahebat
708 965 797 992 vitam
809 984 820 998 ,
841 960 955 992 onustus
967 963 1086 1000 foetidis

444 1014 586 1043 Fratrum
606 1023 720 1043 suorum
741 1015 918 1052 affiniumque
930 1013 1063 1053 pellibus.

441 1065 512 1094 Tum
533 1066 617 1094 triste
636 1064 759 1093 rudens:
778 1065 816 1093 ah
840 1073 948 1102 quam,
969 1066 1036 1100 ait,
1057 1064 1148 1092 satius
1159 1061 1225 1099 fuit

441 1116 558 1145 Servire
576 1116 739 1144 servitutem
758 1115 833 1143 heris
847 1114 1006 1152 prioribus.

442 1167 499 1195 Hic
517 1167 610 1202 enim,
632 1173 665 1194 ut
683 1165 760 1195 video
773 1186 784 1202 ‚
806 1165 854 1194 ubi
872 1174 916 1194 me
934 1165 1031 1194 labore
1050 1163 1203 1201 occiderit,

427 1217 555 1255 [Corium
575 1226 680 1255 quoque
698 1225 826 1245 exercere
841 1224 942 1256 perget
961 1218 1079 1246 mortui.

444 1319 566 1349 Mutare
585 1319 727 1348 dominum
748 1328 801 1348 non
821 1320 878 1348 nisi
896 1320 927 1347 in
943 1319 1023 1357 pejus
1041 1317 1143 1347 datur.

196 1426 301 1455 Asinus
318 1424 450 1452 Domz’nos
470 1429 595 1453 mutans.
624 1422 728 1451 Exstat
745 1421 819 1457 apud
832 1420 982 1459 Aesopum
1001 1422 1072 1450 coll.
1084 1421 1162 1456 vulg,
1183 1418 1245 1448 No.
1256 1423 1304 1454 45.
1321 1415 1406 1446 codd.
1425 1416 1504 1445 Flor.
1521 1415 1583 1445 No.
1600 1424 1664 1451 132·

198 1477 301 1505 Trahit
328 1476 433 1504 vitam.
479 1474 634 1510 Eleganter
657 1473 729 1501 illud
753 1472 869 1500 trahere
892 1472 966 1501 vitae
989 1471 1169 1501 acerbitatem
1196 1477 1282 1505 atque
1308 1468 1491 1502 molestiam,
1522 1475 1576 1502 qua
1606 1473 1667 1494 tan-

160 1537 242 1564 quam
259 1526 424 1562 gravissimo
442 1525 570 1561 pondere
591 1523 771 1559 premebatur
783 1522 898 1559 asinus,
919 1522 1064 1558 exprimit.
1105 1521 1152 1549 Sic
1171 1527 1198 1549 et
1212 1519 1296 1556 Virg.
1313 1519 1388 1548 Aen.
1410 1518 1479 1548 Li'o.
1492 1518 1531 1546 11.
1552 1525 1594 1546 VS.
1612 1526 1662 1554 92.

448 1574 576 1612 Afflictus
595 1575 685 1603 vitam
705 1573 737 1601 in
755 1572 875 1601 tenebris
893 1573 1025 1610 luctuque
1042 1571 1189 1601 trahebam

160 1635 188 1657 et
208 1629 276 1658 Lib.
294 1629 350 1657 111.
374 1635 419 1656 vs·
433 1628 486 1663 46.

451 1676 549 1713 Quum
568 1678 656 1706 vitam
677 1680 708 1707 in
727 1677 827 1712 silvis,
846 1677 923 1705 inter
941 1674 1053 1703 deserta
1065 1672 1203 1710 ferarum

453 1727 564 1756 Lustra
583 1727 727 1766 domosque
752 1727 849 1757 traho.

206 1781 321 1810 Servire
339 1780 512 1807 servitutem.
554 1779 602 1807 Sic
633 1779 736 1815 optimi
759 1778 869 1814 quique
884 1776 1040 1814 scriptores
1057 1782 1151 1805 amant
1167 1776 1286 1813 iungere
1307 1772 1446 1802 vocabula
1464 1777 1599 1808 cognatae
1615 1769 1672 1805 sig-

169 1832 352 1862 nificationis.
393 1830 511 1859 Plautus
535 1830 629 1858 tribus
657 1829 791 1858 versibus
813 1828 978 1861 continuis,
1007 1829 1084 1864 Cap.
1110 1828 1179 1856 Act.
1198 1828 1240 1854 ΙΙ.
1267 1824 1318 1852 Sc.
1337 1831 1365 1858 ς.
1388 1832 1432 1852 vs.
1456 1830 1502 1860 31·

454 1881 507 1910 Me
526 1881 570 1909 hic
589 1882 684 1909 valere
703 1886 730 1908 et
749 1881 912 1908 servitutem
931 1879 1039 1907 servire
1058 1878 1124 1905 huic
1142 1876 1248 1905 homiui
1266 1875 1388 1912 optimo,

459 1934 513 1970 Qui
533 1940 575 1959 me
596 1931 697 1959 honore
716 1930 896 1958 honestiorem
916 1936 1023 1966 semper
1032 1929 1107 1964 fecit
1126 1935 1152 1956 et
1164 1926 1256 1963 facit.

457 1985 534 2013 Istuc
555 1992 588 2011 ue
609 1983 792 2020 praecipias:
808 1980 901 2018 facile
920 1981 1055 2009 memoria
1074 1979 1188 2007 memini
1207 1984 1314 2006 tamea.

936 2030 964 2060 L
1635 2030 1676 2051 sic
