1919 2511
344 131 378 160 18
597 128 825 159 CLAUDII
863 127 1092 159 HENRICI
1129 136 1209 157 VAN
1248 127 1597 159 HERWERDEN

345 212 541 249 reprimendae
559 218 586 241 et
599 211 799 248 castigandae,
821 211 845 240 si
863 210 1010 247 fructum,
1033 218 1115 246 quem
1133 210 1267 247 petebat,
1290 211 1442 248 aliquando
1458 218 1533 241 esset
1548 218 1771 242 consecuturus.

387 263 444 292 Sed
466 263 505 292 ita
525 262 685 292 Saxonibus
709 269 814 291 metum
832 269 860 291 et
882 263 1029 291 horrorem
1051 261 1162 290 aedium
1180 271 1322 292 sacrarum
1340 264 1506 300 incutiens,
1528 263 1643 293 nolebat
1658 270 1750 294 tamen
1763 284 1774 300 ,
1795 264 1849 293 ob-

346 314 442 343 livisci
466 322 536 350 eos,
559 314 657 343 salutis
682 314 818 350 pacisque
842 321 971 343 aeternae
994 313 1067 343 viam
1091 312 1120 342 in
1139 314 1255 350 templis
1280 314 1512 344 Christianorum
1538 315 1702 344 monstrari.
1749 316 1852 351 ltaque

348 366 417 394 haec
446 365 527 394 etiam
555 365 698 394 terrestriS
719 364 900 393 beatitudinis
931 365 1013 401 azyla
1038 364 1129 394 veluti
1157 373 1189 393 ac
1212 367 1389 402 receptacula
1413 365 1495 396 fecit.
1545 365 1693 401 Praecepit
1715 365 1789 394 enim
1817 372 1851 394 ut

348 423 419 450 reo,
449 415 499 451 qui
523 415 553 444 in
579 415 674 444 aedem
694 414 891 452 confugisset,
912 414 985 444 nihil
1011 415 1076 444 mali
1100 415 1301 454 infligeretur3
1333 418 1367 447 ad
1392 418 1537 453 praesules
1562 417 1642 445 ducti
1668 416 1743 445 vitae
1765 424 1854 445 mem-

349 465 468 502 brisque
492 466 646 501 omnibus,
676 466 755 501 quod
780 466 886 494 crimen
912 474 1027 501 cunque
1055 467 1268 504 commisisset,
1296 475 1484 506 parceretur3
1514 468 1577 504 ipse
1601 477 1687 502 reus,
1715 472 1853 503 quantum

348 524 473 553 posset,
496 519 608 554 culpam
625 517 764 552 dilueret,
784 517 946 554 judicisque
969 517 1126 546 sententiae
1144 517 1284 548 obediret.
1327 519 1401 548 Suae
1425 519 1549 555 denique
1572 518 1737 548 clementiae
1761 525 1854 546 reser-

349 568 456 604 vabat,
481 576 567 603 eum,
597 576 691 596 coram
717 577 748 596 se
774 568 909 604 ductum,
931 567 960 597 in
985 569 1099 604 locum,
1130 577 1214 605 quem
1237 571 1348 606 vellet,
1368 570 1524 601 dimittere.

386 619 479 648 Recte
503 619 621 649 omnino
645 620 769 648 Carolus
793 619 993 655 existimabat,
1014 619 1188 649 Christianis
1216 629 1315 651 recens
1339 621 1422 650 factis
1447 630 1537 658 aeque
1561 621 1697 651 nocivum
1717 628 1799 656 esse,
1821 620 1859 648 ri-

349 671 427 700 tibus
453 671 603 700 adhaerere
627 670 746 707 patriis,
773 679 804 699 ac
831 679 923 699 novae
947 679 1015 699 suae
1038 671 1185 708 religionis
1196 673 1357 710 “negligere
1377 674 1574 703 caerimonias.
1617 673 1710 711 Quam
1734 673 1772 701 ob
1798 680 1857 701 rem

351 730 440 758 quum
456 722 571 760 negotia
588 731 647 752 non
660 722 819 752 necessaria
838 722 939 751 diebus
965 722 1081 751 festivis
1105 731 1189 759 agere
1214 730 1342 761 vetaret,
1369 725 1398 754 in
1419 725 1514 754 aedem
1539 733 1608 754 vero
1634 723 1768 752 omnibus
1790 731 1861 753 con·

349 772 447 801 venire
472 773 664 810 praeciperet,
687 773 780 810 capite
809 773 881 802 affici
904 781 954 802 eos
978 773 1096 810 voluit,
1117 774 1167 809 qui
1190 776 1429 813 quadragesimale
1452 777 1593 814 jejunium
1621 782 1858 811 contemnerent,

348 830 398 852 aut
421 833 533 854 carnem
557 825 751 854 comederent.
794 825 999 854 Sacerdotibus
1023 831 1117 854 tamen
1137 826 1268 855 relictum
1294 833 1352 856 erat
1371 827 1530 864 judicium,
1559 835 1628 856 num
1655 827 1739 862 quis,
1759 834 1860 856 neces·

349 875 434 904 sitate
461 883 597 912 coactus,
620 878 710 913 legem
737 883 934 913 transgressus
957 876 1116 907 videretur.
1166 877 1213 906 Ob
1236 879 1361 908 eamdem
1379 888 1450 908 vero
1474 879 1550 907 illam
1571 878 1732 914 rationem,
1757 877 1858 914 capitis

349 927 443 963 poena
458 927 653 964 affligebantur
668 937 768 957 omnes
786 928 972 964 profanorum
993 928 1100 958 rituum
1118 935 1292 967 sectatores;
1310 930 1372 960 sive
1388 930 1501 966 decepti
1517 939 1533 959 a
1547 929 1684 966 diabolo,
1707 929 1786 965 quod
1803 930 1860 966 aJ'e-

350 978 421 1013 bat,
443 978 585 1008 hominem
604 979 720 1016 strigem
744 987 808 1007 esse
830 986 965 1016 putantes
984 980 1174 1018 hominesque
1190 983 1359 1019 comedere,
1380 988 1554 1011 cremassent
1575 990 1658 1016 eum,
1681 986 1729 1010 aut
1746 987 1859 1009 carnem

353 1028 414 1064 ejus
440 1028 645 1058 comedendum
671 1029 834 1066 dedissent3
857 1030 918 1059 sive
944 1031 1072 1060 defuncti
1095 1040 1203 1068 corpus
1231 1033 1291 1070 igni
1314 1034 1539 1062 comburendum
1569 1032 1773 1068 tradidissent3
1800 1031 1861 1059 sive

353 1078 478 1114 denique
497 1079 642 1109 hominem
668 1080 864 1110 immolassent
889 1081 1017 1111 diabolo.
1059 1083 1140 1121 Quas
1165 1084 1263 1120 itaque
1286 1093 1385 1114 omnes
1409 1083 1630 1120 superstitiones
1646 1082 1772 1120 ejusdem
1791 1089 1863 1117 sup-

351 1129 433 1166 plicii
449 1137 526 1159 metu
538 1131 712 1161 cohibendas
731 1141 793 1161 esse
808 1133 946 1169 putabat,
969 1142 1028 1169 quo
1044 1134 1182 1163 antistitis
1198 1143 1297 1164 necem
1310 1155 1322 1171 ,
1342 1135 1516 1172 baptismum
1531 1136 1714 1171 neglectum,
1726 1132 1864 1169 conjura-

350 1179 459 1210 tionem
474 1191 539 1210 cum
558 1183 675 1219 paganis
691 1183 828 1212 adversus
847 1183 1032 1213 Christianos
1056 1185 1157 1215 factam
1169 1206 1180 1221 ,
1200 1188 1363 1223 laesamque
1379 1186 1463 1215 fidem
1487 1186 1549 1223 regi
1570 1187 1703 1224 juratam.
1744 1182 1863 1212 Scilicet

351 1231 425 1261 idem
447 1242 482 1262 ex
507 1234 640 1263 omnibus
666 1234 832 1263 imminebat
855 1234 1080 1265 Christianismo
1106 1237 1285 1274 periculum,
1308 1238 1404 1267 eadem
1430 1238 1546 1273 clades,
1579 1237 1674 1266 eadem
1697 1233 1859 1272 pernicies!

350 1282 408 1311 Sed
422 1283 464 1312 uti
481 1293 573 1314 sacras
587 1285 668 1314 aedes
688 1285 893 1314 incolumitatis
914 1289 1020 1324 templa
1037 1288 1215 1325 reddiderat,
1236 1289 1274 1318 ita
1295 1289 1387 1326 ipsam
1408 1289 1577 1326 religionem
1602 1286 1778 1318 considerari
1797 1285 1864 1315 fon·

351 1340 408 1363 tem
433 1337 632 1373 cujuscunque
652 1336 753 1366 salutis
774 1337 949 1366 uberrimum
960 1339 1098 1374 {voluisse
1116 1341 1242 1370 videtur.
1282 1341 1402 1370 Illorum
1422 1340 1497 1370 enim
1519 1339 1671 1369 criminum
1695 1339 1768 1367 clam
1785 1344 1866 1366 com-

351 1386 506 1415 missorum
532 1388 658 1417 omnium
681 1388 707 1417 ei
730 1387 841 1418 veniam
860 1389 954 1426 dedit,
977 1391 1095 1427 quiea,
1117 1392 1221 1421 ductus
1243 1391 1441 1429 poenitentia,
1463 1390 1606 1420 sacerdoti
1623 1389 1822 1418 confiteretur.

389 1437 524 1474 Denique
552 1440 603 1475 qui
628 1439 767 1469 infantem
793 1440 889 1477 primo
917 1441 1017 1471 aetatis
1043 1453 1118 1474 anno
1144 1443 1285 1480 baptizari
1310 1442 1527 1479 neglexissent,
1557 1448 1608 1470 eos
1639 1439 1748 1477 argenti
1769 1438 1864 1475 poena

350 1488 524 1525 mulctabat,
547 1499 629 1526 quam
650 1500 767 1527 quoque
791 1501 912 1528 poenam
929 1494 1027 1531 daret,
1049 1495 1099 1531 qui
1115 1494 1297 1532 prohibitum
1312 1492 1401 1523 iniret
1414 1492 1617 1529 connubium,
1640 1491 1690 1528 qui
1709 1489 1841 1521 fontibus
1848 1497 1865 1525 a

351 1538 424 1567 lucis
437 1559 447 1574 ‚
469 1539 617 1569 arboribus
638 1548 706 1570 vota
724 1543 896 1579 susciperet.

538 1643 567 1678 §-
588 1642 618 1670 6.
659 1641 705 1670 De
724 1642 913 1672 sacerdotibus
932 1654 998 1682 quos
1019 1646 1139 1676 Carolus
1157 1647 1286 1685 Magnus
1305 1645 1463 1676 Saxonibus
1484 1643 1672 1683 praeposuit,

830 1695 917 1734 deque
933 1697 1122 1728 institutionis
1140 1708 1234 1728 corum
1254 1700 1377 1727 ratione.

385 1794 431 1824 Ae
456 1794 518 1823 mea
539 1794 652 1830 quidem
677 1798 838 1834 sententia,
863 1806 935 1834 quae
959 1798 1017 1827 huc
1040 1807 1134 1834 usque
1161 1800 1305 1835 dminus,
1326 1799 1455 1828 nondum
1483 1797 1653 1830 sufficiunt,
1672 1794 1707 1821 ad
1730 1791 1855 1829 pretium

345 1854 424 1875 recte
438 1846 619 1875 statuendum
631 1866 640 1880 ‚
662 1848 739 1883 quod
755 1849 920 1879 Christiana
935 1849 1053 1878 ecclesia
1065 1869 1076 1884 ,
1097 1857 1181 1877 aucto
1204 1850 1303 1878 Caroli
1320 1856 1375 1883 ope
1393 1849 1423 1875 in
1442 1845 1567 1874 Saxonia
1588 1852 1710 1874 numero
1726 1843 1832 1872 civium
1843 1863 1854 1878 ,

345 1899 490 1933 accepisse
505 1897 646 1927 videatur.
685 1899 800 1929 Etenim
822 1909 905 1935 quam
927 1900 1046 1929 maxime
1071 1909 1147 1937 opus
1165 1906 1229 1936 est,
1248 1906 1282 1929 ut
1306 1907 1381 1935 quos
1403 1898 1439 1926 iis
1467 1896 1577 1926 dederit
1596 1904 1628 1924 ac
1655 1894 1854 1931 praeposuerit

343 1948 478 1976 doctores
500 1956 685 1984 rectoresque
702 1951 863 1980 accuratius
890 1960 1122 1988 cognoscamus,
1149 1958 1236 1987 atque
1261 1950 1409 1986 quamdam
1436 1954 1513 1978 certe
1536 1945 1731 1977 institutionis
1752 1953 1849 1975 eorum

343 1998 492 2034 imaginem
519 1998 648 2035 effingere
668 2001 754 2029 nobis
779 2001 937 2037 possimus.
978 2002 1080 2037 Itaque
1102 2003 1284 2032 vehementer
1306 2002 1391 2030 doleo
1414 1999 1586 2036 paucissima
1611 2003 1721 2026 tantum
1745 1995 1779 2025 de
1795 1996 1847 2025 hac

340 2054 464 2089 utraque
480 2061 510 2081 re
527 2060 590 2080 esse
604 2053 754 2081 memoriae
774 2053 898 2089 prodita.
942 2052 1017 2082 Tres
1035 2053 1120 2082 modo
1138 2053 1193 2083 viri
1209 2059 1399 2083 memorantur
1421 2051 1527 2089 pietate
1535 2048 1742 2087 imoribusque
1769 2055 1849 2084 egre·

1797 2105 1854 2136 gns
