1919 2511
309 182 347 209 26
590 175 792 208 PETRI
849 173 1203 208 ABRAHAMI
1258 175 1509 216 JELTES

346 260 448 289 Fibrae
473 266 565 289 autem
593 259 641 289 M.
664 259 770 290 Teretis
790 261 926 295 minoris,
949 267 1042 296 quae,
1061 259 1096 288 ab
1124 259 1230 295 angulo
1252 261 1385 296 scapulae
1406 259 1539 290 inferiori
1556 259 1673 296 oblique
1691 260 1810 290 adscen-

308 313 427 348 dentes,
458 312 487 340 in
514 317 590 340 statu
615 319 682 339 sano
704 311 817 340 articuli
846 311 970 347 priorem
999 318 1026 338 et
1051 309 1214 338 inferiorem
1248 313 1381 347 scapulae
1415 311 1566 348 marginem
1598 319 1729 347 secutae,
1761 321 1810 341 an-

307 365 403 400 gulum
430 370 543 391 acutum
569 361 782 390 constituebant
808 371 871 390 cum
889 363 964 390 linea
986 360 1167 397 imaginaria,
1189 370 1242 397 per
1263 369 1390 390 centrum
1407 362 1534 391 cavitatis
1552 362 1657 396 ducta,
1680 369 1707 390 et
1724 363 1804 398 juxta

306 414 416 450 spinam
443 414 575 449 scapulae
598 412 816 441 horizontaliter
842 413 1031 448 prolongata,
1060 420 1157 446 nunc,
1186 412 1305 440 humero
1328 413 1459 441 deorsum
1488 414 1607 446 luxato,
1640 411 1678 440 ita
1706 420 1736 440 se
1763 413 1812 441 ha·

305 464 392 499 bent,
409 470 441 492 ut
462 464 559 499 potius
581 462 730 498 acquirant
745 463 829 491 situm
849 462 942 492 minus
961 461 1134 497 obliquum,
1156 462 1243 498 magis
1261 463 1468 491 horizontaletn
1481 482 1491 498 ,
1513 469 1540 490 et
1557 464 1697 499 angulus,
1721 470 1806 497 quein

303 513 408 543 format
433 514 505 544 linea
526 513 692 542 directionis
716 514 840 542 musculi
865 522 930 542 cuin
954 513 1002 542 illa
1023 512 1185 549 imaginaria
1209 513 1382 542 horizontali
1408 515 1561 550 scapulae,
1587 504 1670 542 etiam
1698 514 1810 542 acutior

302 566 410 594 evadat.

339 615 465 644 Similem
487 618 596 651 patitur
620 614 786 657 directionis
811 615 998 644 mutationem
1025 615 1073 644 M.
1097 614 1178 643 Tem
1200 615 1314 652 major,
1336 614 1408 650 qui,
1430 613 1484 642 sub
1508 615 1686 651 praecedenti
1712 615 1808 651 situs,

300 666 452 704 marginem
481 667 650 695 anteriorem
680 667 814 702 scapulae
838 665 994 701 sequitur,
1024 672 1052 694 et
1081 666 1122 695 sic
1151 674 1268 702 quoque
1292 674 1356 694 cum
1384 665 1478 701 linea,
1509 674 1561 701 per
1585 673 1712 695 centrum
1732 667 1809 695 cavi-

300 718 364 746 tatis
387 717 604 747 liorizontaliter
623 719 754 753 scapulae
771 717 856 744 ducta
869 736 878 751 ‚
900 717 1034 752 angulum
1051 717 1204 746 constituit
1221 724 1355 753 acutum5
1377 724 1443 745 curn
1461 725 1532 745 vero
1550 717 1601 746 hac
1617 717 1646 747 in
1664 718 1810 747 luxatione

297 768 476 796 tuberculum
502 768 615 803 miuus,
638 768 668 796 in
694 776 752 802 quo
777 767 824 795 hic
846 767 981 796 inseritur
1007 769 1157 797 musculus
1172 788 1183 803 ,
1211 767 1374 796 inveniatur
1397 767 1427 795 in
1452 767 1624 796 horizontali
1649 768 1806 797 directione

297 817 406 853 lineae,
427 818 457 846 in
476 818 596 847 cavitate
620 818 770 854 glenoldea
788 817 910 852 ductae,
932 825 1049 846 necesse
1066 824 1131 853 est,
1154 818 1253 854 quod,
1275 818 1351 847 sicut
1370 818 1469 854 prior,
1490 817 1573 847 etiam
1591 819 1638 848 hic
1660 820 1808 848 musculus

296 876 360 896 cum
388 867 436 897 illa
453 868 527 897 linea
547 868 711 905 imaginaria
734 869 869 905 angulum
894 868 1051 897 acutiorem
1076 868 1194 898 formet.

342 918 471 947 Necesse
503 928 573 948 vero
604 926 672 952 est,
704 919 804 954 quod,
834 919 954 947 humero
996 919 1093 955 flexo,
1122 920 1246 949 musculi
1285 919 1406 949 Teretes
1436 919 1467 950 in
1508 927 1585 950 statu
1623 921 1806 951 relaxationis

296 969 353 998 sint
374 970 479 1006 (16),
500 977 565 997 cum
590 975 695 1006 puncta
724 969 890 998 insertionis
915 975 943 997 et
965 970 1085 1006 originis
1103 971 1224 1007 propius
1248 980 1278 999 se
1297 972 1430 1001 accedant
1450 975 1508 1009 (17
1522 974 1549 1008 ).

334 1019 412 1048 Haec
438 1026 529 1048 autem
556 1020 697 1049 sufficiant
721 1020 755 1048 de
777 1025 886 1047 mutato
916 1022 1114 1049 musculorum
1145 1021 1372 1051 articulationem
1405 1022 1514 1051 humeri
1537 1022 1723 1052 ambientium
1748 1023 1806 1053 situ

296 1077 322 1098 et
341 1070 517 1106 directione,
541 1079 555 1099 e
578 1071 683 1107 quibus
708 1072 812 1107 facile,
835 1080 919 1108 quem
945 1080 1030 1108 supra
1049 1072 1230 1106 notavimus,
1259 1072 1369 1101 humeri
1394 1073 1507 1101 habitus
1533 1073 1695 1103 deducitur.
1736 1074 1801 1102 No-

294 1120 345 1149 tari
371 1128 513 1156 meretur,
537 1122 615 1157 quod
636 1131 703 1151 vasa
724 1122 848 1152 axillaria
867 1130 896 1151 et
918 1122 1021 1158 nervi,
1046 1131 1062 1151 a
1082 1124 1179 1152 luxato
1204 1123 1278 1152 intra
1297 1123 1407 1152 axillam
1424 1123 1543 1152 humero
1568 1132 1667 1160 pressa
1688 1126 1802 1162 (18),

294 1171 405 1207 saepius
428 1173 576 1201 molestam
603 1173 722 1202 afferant
749 1174 955 1202 sensationem.
1055 1202 1058 1206 ,

326 1223 387 1259 Jam
417 1223 540 1251 diximus
562 1223 595 1251 de
616 1223 693 1252 facili
715 1224 790 1252 situs
814 1224 974 1252 mutatione
990 1224 1080 1253 luxati
1104 1225 1236 1261 humeri,
1257 1233 1310 1254 nec
1325 1244 1335 1260 ‚
1356 1225 1425 1254 haec
1441 1223 1466 1252 si
1481 1224 1707 1261 animadvertas,
1729 1233 1805 1262 opus

292 1281 354 1300 esse
383 1273 478 1307 duco,
508 1279 540 1301 ut
570 1282 722 1310 moneam,
751 1275 838 1303 modo
868 1275 1043 1311 descriptum
1064 1275 1150 1304 situm
1183 1282 1211 1304 et
1237 1275 1425 1305 directionem
1450 1277 1647 1305 musculorum
1673 1277 1807 1313 ossisque

290 1323 399 1352 humeri
423 1323 537 1352 differre
564 1324 668 1353 debere
690 1333 744 1362 pro
769 1327 835 1354 loco
849 1346 859 1362 ‚
890 1334 977 1362 quern
1002 1325 1080 1355 forte
1103 1326 1169 1356 dein
1194 1333 1319 1363 occupat
1341 1333 1428 1363 caput
1451 1327 1600 1362 luxatum,
1621 1327 1749 1358 diverso.

367 1400 398 1436 §.
421 1409 450 1429 2.
492 1399 537 1428 De
557 1401 616 1429 situ
635 1407 662 1429 et
682 1400 835 1430 directione
855 1403 919 1430 ossis
938 1402 1050 1430 humeri
1069 1401 1111 1431 ad
1127 1409 1255 1431 centrum
1276 1404 1411 1431 caritatis
1430 1402 1585 1442 scapulae,
1607 1412 1655 1431 nec
1674 1411 1730 1432 non

541 1452 728 1481 musculorum
748 1454 779 1481 in
799 1451 924 1481 secunda
941 1453 1099 1483 laxationis
1118 1455 1203 1491 specie
1224 1455 1350 1491 (versus
1376 1453 1557 1490 anteriora).

326 1524 358 1552 Si
385 1532 507 1560 quatuor
531 1527 667 1556 ducamus
695 1528 725 1557 in
750 1529 871 1558 cavitate
900 1530 1053 1566 gleno‘idea
1077 1530 1211 1566 scapulae
1232 1529 1343 1565 lineas,
1374 1538 1458 1559 unam
1485 1529 1649 1559 verticalem
1673 1537 1689 1558 a
1713 1528 1808 1559 radice

291 1577 446 1611 processus
477 1577 640 1606 coraco'idei
667 1587 760 1614 usque
786 1579 821 1607 ad
849 1587 958 1615 partem
987 1581 1073 1618 hujus
1105 1580 1235 1609 cavitatis
1266 1579 1454 1617 inferiorem,
1482 1581 1597 1609 alteram
1634 1579 1804 1610 horizonta—

286 1626 362 1661 lem,
391 1634 463 1662 quae
488 1627 606 1656 mediam
629 1629 778 1658 cavitatem
803 1630 956 1665 decussat‚
986 1631 1094 1666 primae
1116 1631 1207 1660 lineae
1232 1631 1270 1660 ita
1293 1630 1449 1664 insistens,
1480 1636 1513 1659 ut
1540 1636 1664 1666 quatuor
1685 1639 1807 1667 compo-

286 1682 333 1704 nat
350 1678 471 1713 angulos
497 1685 613 1714 rectos,
643 1679 741 1716 (illud
770 1681 906 1709 linearum
927 1681 1138 1711 decussationis
1165 1688 1303 1718 punctum
1325 1689 1369 1710 est
1393 1687 1522 1710 centrum
1548 1681 1679 1710 cavitatis
1703 1690 1808 1718 scapu-

286 1727 355 1763 lae)
376 1728 487 1757 tertiam
512 1729 678 1767 obliquam,
702 1739 795 1766 quae,
815 1730 841 1760 si
864 1733 1044 1769 prolonges,
1066 1733 1095 1762 in
1122 1740 1263 1761 summum
1288 1732 1438 1760 humerum
1460 1730 1579 1767 incidit,
1601 1737 1630 1760 et
1656 1733 1712 1768 qua
1739 1740 1805 1762 cum

289 1784 387 1812 quarta
410 1779 502 1814 linea,
523 1779 643 1816 oblique
662 1789 678 1810 a
697 1790 837 1818 processu
860 1784 1037 1813 coroco'ideo
1063 1784 1147 1813 ducta
1173 1790 1297 1819 quatuor
1317 1782 1399 1811 etiam
1427 1781 1534 1811 format
1559 1783 1706 1818 angulos,
1736 1791 1806 1818 qua-

286 1828 327 1855 les
357 1827 432 1857 linea
463 1830 607 1859 verticalis
637 1840 702 1860 cum
736 1833 911 1862 horizontali
939 1834 1107 1872 componit,
1128 1847 1166 1857 —
1185 1833 1210 1862 si
1232 1834 1369 1870 planum,
1399 1833 1478 1869 quod
1503 1833 1589 1862 nobis
1613 1831 1698 1862 offert
1722 1832 1804 1862 sinus

286 1877 466 1915 articularis,
498 1882 540 1910 sic
564 1882 650 1911 lineis
675 1882 858 1920 dIvidamus,
886 1883 1001 1914 facilius
1025 1885 1080 1914 erit
1102 1885 1188 1914 situm
1221 1883 1345 1913 indicare
1370 1883 1472 1921 capitis
1497 1884 1606 1922 luxui,
1635 1883 1806 1920 humerique

286 1927 472 1959 directionem
497 1938 629 1961 mutatam
652 1941 788 1970 respectu
816 1935 907 1964 centri
936 1935 1067 1964 cavitatis
1086 1935 1232 1972 scapulae.

323 1978 397 2008 Mox
429 1981 503 2010 enim
527 1981 710 2020 invenimus,
740 1985 834 2022 capite
859 1992 1023 2015 antrorsum
1050 1987 1172 2023 luxato,
1203 1991 1231 2014 et
1255 1984 1309 2013 sub
1342 1985 1482 2015 clavicula
1510 1984 1605 2015 costis
1633 1984 1803 2021 insistente,

315 2109 403 2144 (16)
429 2111 578 2141 Thomson.
601 2115 620 2141 1.
639 2123 664 2142 c.
689 2125 718 2150 p.
738 2124 787 2152 344
804 2124 878 2151 seqq.
1048 2114 1132 2151 (17)
1160 2117 1244 2146 Bonn.
1272 2117 1291 2145 1.
1309 2123 1335 2145 c.
1359 2123 1447 2151 p0110

311 2155 398 2190 (18)
435 2158 503 2187 l.c.
527 2160 578 2187 tab.
598 2167 623 2188 1.
647 2168 675 2188 n.
912 2162 928 2164 ”
