1919 2511
645 196 685 228 P.
731 192 1045 227 HOFMANNI
1088 189 1442 224 PEERLKAMP

424 288 499 318 Non
522 291 552 318 te
567 309 575 325 ‚
599 294 667 316 non
690 282 789 314 talem
810 280 965 314 Hollandi
988 289 1128 322 genuere
1150 284 1312 322 parenteS.

508 353 602 386 Absit
626 352 667 385 ab
691 351 837 395 ingenuis
861 349 1009 382 moribus
1032 349 1091 380 iste
1113 347 1221 380 furor!

424 425 505 455 Esse
528 422 699 454 hominem
722 421 803 453 tanti
825 423 891 459 cst,
916 418 1018 459 tanti,
1043 416 1084 448 de
1105 417 1206 459 stirpe
1228 418 1364 450 Batava.

517 493 658 523 Aeterna
680 489 771 521 haud
794 498 861 520 uno
883 487 1017 520 nomine
1040 484 1138 518 turba
1160 494 1289 517 sumus.

427 561 561 603 Cognati
584 559 644 591 has
669 558 800 590 animas
821 561 967 600 tangunt
985 552 1187 588 commercia
1210 553 1303 588 coeli.

514 628 657 670 Imperio
680 626 783 658 fatum
808 635 1009 669 supposuere
1032 634 1104 656 suo.

427 696 574 730 Pulveris
596 696 702 739 exigui
724 693 814 727 ducit
835 693 979 726 Libitina
1002 691 1219 735 triumphum.

509 765 686 797 Posteritas
710 762 800 806 ipsos
823 763 926 795 cernit
948 762 1062 795 adesse
1085 767 1207 804 patres,

423 833 508 867 Heie
530 834 654 867 vivunt.
700 830 785 865 Heio
807 840 842 862 se
864 829 944 863 dant
967 830 1056 862 clara
1077 829 1112 861 in
1134 829 1207 862 luce
1229 830 1402 864 videndo&

509 906 552 936 Et
574 912 670 935 sacra
693 898 891 934 umbrarum
913 908 978 933 vox
1000 897 1082 930 mihi
1102 898 1139 931 in
1162 909 1241 939 aure
1264 904 1372 932 sonat.

427 975 519 1013 Hoc,
543 970 762 1014 quodeunque
784 967 897 1009 videS,
920 976 1052 1010 quoquo
1074 965 1208 1009 vestigia
1231 968 1350 1008 vertis,

514 1039 682 1083 Quidquid
705 1039 792 1084 agis,
816 1045 953 1079 magnos
976 1040 1095 1069 cuneta
1116 1035 1297 1078 loquuntur
1320 1045 1411 1071 avos,

427 1108 630 1143 Laudabunt
651 1108 706 1141 alii
726 1107 860 1145 vestitos
886 1104 1034 1149 frugibus
1057 1114 1171 1148 agros,

513 1177 651 1221 Pinguia
674 1181 706 1209 et
726 1176 902 1217 innumero
923 1175 1049 1209 fervere
1071 1180 1166 1219 prata
1188 1174 1287 1216 bove3

430 1251 523 1281 Dum
545 1247 651 1279 maria
673 1244 810 1288 injectas
831 1244 955 1278 frustra
977 1244 1189 1288 indignantur
1211 1244 1381 1287 habenas,

515 1319 560 1350 Et
580 1315 668 1349 fluvii
681 1338 692 1357 ‚
715 1324 816 1347 eursu
838 1325 903 1357 quo
925 1313 1102 1356 jubeantur
1116 1338 1127 1357 ‚
1151 1319 1241 1347 eunt.

432 1389 563 1419 Ducent
586 1383 787 1424 Hollandas,
811 1381 947 1422 Phoebo
970 1383 1134 1425 mirante,
1159 1383 1289 1415 carinas
1302 1405 1314 1424 ‚

517 1457 593 1496 Qua
615 1452 705 1485 nulla
727 1451 914 1485 humanum
936 1453 1053 1485 semita
1078 1451 1157 1487 vidit
1179 1452 1252 1484 iter.

426 1523 640 1557 Mirabuntur
661 1531 740 1564 opes
763 1525 794 1552 et
816 1520 964 1563 pondera
987 1520 1093 1555 divitis
1116 1520 1212 1562 auri,

519 1594 712 1633 Structoque
735 1590 768 1621 in
791 1587 935 1621 instabili
957 1594 1042 1621 tecta
1064 1590 1208 1633 superba
1231 1590 1312 1623 solo.

431 1665 472 1694 Et
494 1659 684 1703 Paupertati
706 1663 837 1691 saerata
860 1658 994 1701 palatia.
1039 1658 1174 1691 Cultum

522 1733 707 1763 Immensas
732 1727 815 1761 vitae
838 1726 996 1769 simplicis
1017 1727 1103 1760 inter
1124 1737 1215 1770 opes.

434 1802 548 1834 Litora
571 1796 743 1841 magnifico
767 1795 934 1829 ornabunt
955 1798 1123 1839 Ncoporta
1146 1802 1293 1840 tropaeo.

523 1871 565 1901 Et
587 1866 770 1900 Thamesin
791 1864 904 1897 fractis
927 1864 1083 1898 cornIbus
1105 1865 1170 1898 isse
1194 1870 1324 1898 canent.

438 1941 479 1972 At
500 1949 554 1971 me
576 1938 605 1970 si
625 1936 752 1979 placido
775 1939 963 1977 spectarent
984 1935 1108 1968 lumine
1131 1936 1270 1976 Musae,

523 2006 626 2041 Leida
647 2014 729 2048 opus
751 2003 891 2036 Ausonii
913 2003 1070 2037 carminis
1091 2014 1158 2036 una
1180 2004 1280 2037 fores!

438 2075 545 2113 Dicite
568 2072 770 2117 magnanimi
791 2073 923 2112 heroes,
948 2075 1020 2117 quis
1041 2079 1173 2117 pectora
1198 2074 1325 2106 circum

527 2148 610 2179 Aere
633 2149 729 2186 atque
751 2142 869 2176 invicto
890 2141 1008 2177 robore
1030 2149 1138 2177 vestra
1161 2142 1270 2176 dedit?

1717 2213 1793 2246 l‘nss
