1919 2511
652 181 1052 216 ORA‘rio.
1554 206 1593 226 Ἡ

125 268 212 300 tione
237 266 341 299 multo
365 264 523 308 ampliore
543 264 750 310 indigerent;
782 278 836 301 me
854 278 946 302 nunc
967 271 1049 304 satis
1069 271 1191 306 dixisse
1216 274 1298 308 mihi
1322 274 1457 317 videor;
1489 289 1590 322 quare

128 324 189 358 alia
219 322 380 368 ejusmodi
397 327 591 367 argumenta
613 323 763 365 fortassis
785 325 820 358 in
834 325 924 360 aliud
934 332 1066 373 tempus
1083 336 1115 364 et
1132 331 1234 366 alium
1257 332 1368 368 locum
1389 336 1568 371 remittam.

688 422 1009 438 ψ

164 501 320 542 Superest
346 497 443 541 igitur
464 502 502 530 ut
527 507 566 531 ea
593 497 783 541 absolvam,
806 509 891 543 quae
916 498 1014 542 hujus
1041 502 1116 535 Diei
1145 501 1336 536 solemnitas
1362 506 1521 548 postulat;
1554 507 1589 540 in

121 555 259 598 quibus,
283 560 319 587 ut
340 565 396 587 me
411 554 455 587 ad
472 556 543 588 Vos
558 560 749 588 convertam
763 580 774 597 ‚
799 556 1013 590 Illustrissimi
1035 558 1235 591 Academiae
1264 562 1589 605 Lugdimo-Batavae

119 614 308 645 Curatores!
333 612 416 644 ratio
443 609 558 653 jubent
584 617 615 644 et
641 610 799 645 officium.
846 614 990 657 Benigna
1013 615 1134 646 Vestra
1151 615 1321 658 voluntas,
1344 612 1409 661 qua
1427 628 1503 650 mea
1521 623 1589 650 stu·

117 668 171 700 dia
189 667 268 710 Regi
282 667 596 701 Benevolentissimo
623 668 911 702 commendavistis
932 675 964 702 et
979 669 1195 714 probavistis,‚
1226 671 1304 705 illud
1321 673 1446 715 effecit,
1469 680 1506 706 ut
1529 674 1589 707 ho-

115 724 186 767 die,
209 731 365 768 suscepto
381 724 598 758 professionis
619 724 818 759 Ordinariae
834 737 993 767 munere,
1017 737 1168 759 summos
1193 728 1336 761 honores
1367 740 1586 773 capescerem.

115 784 225 814 Tanta
240 787 310 823 est,
333 781 406 815 Viri
432 781 643 815 Gravissimi!
667 787 774 814 vestra
800 793 899 821 cura,
926 789 960 815 ut
985 782 1090 816 Vobis
1123 795 1192 818 non
1220 785 1384 827 sufficiat,
1415 793 1587 820 externam

113 837 311 871 Academiae
338 835 458 870 faciem
482 836 706 870 aedificiorum
734 844 855 872 ornatu
879 838 1120 881 condecorare,
1149 840 1207 873 secl
1231 842 1328 883 (mea
1348 842 1390 875 sit
1412 844 1500 875 testis
1516 844 1586 876 for-

113 895 232 936 tuna!)
253 899 291 926 ut
311 894 423 937 ipsum
448 898 617 936 praeterea
642 894 810 936 virorum,
838 895 889 929 vel
906 895 1115 928 mediocriter
1139 895 1333 937 doctorum,
1352 896 1461 930 studia
1482 904 1513 930 et
1535 898 1588 930 in-

113 954 274 986 dustriam
301 952 452 985 incitetis.
502 953 630 986 Verum
655 952 736 985 illud
758 951 842 986 mihi
865 951 1052 986 concedatis
1066 975 1076 993 ,
1107 952 1179 984 Viri
1204 952 1434 985 Perillustres!
1467 959 1503 986 ut
1525 964 1586 996 pro

111 1010 172 1043 illis
190 1008 360 1042 beneficiis
377 1012 508 1051 gratum
529 1008 680 1041 animum
707 1007 812 1042 Vobis
829 1009 941 1052 palam
970 1006 1141 1047 testificer,
1163 1009 1319 1052 illamque
1345 1010 1434 1053 apud
1453 1012 1523 1043 Vos
1545 1011 1589 1043 fi-

109 1066 186 1099 dem
206 1065 340 1098 firmare
366 1063 474 1097 ausim
490 1088 499 1105 ,
523 1064 586 1097 nisi
613 1064 713 1098 faciat
734 1075 812 1097 mea
836 1065 1085 1108 qualiscumque
1108 1065 1268 1106 eruditio,
1301 1071 1335 1098 at
1356 1076 1467 1099 meam
1499 1075 1587 1101 certo

110 1121 309 1166 diligentiam
329 1121 496 1165 vitamque
531 1119 799 1154 lucubrationum
827 1122 961 1165 plenam
990 1124 1129 1155 Vestros
1167 1122 1257 1165 apud
1299 1124 1423 1166 Regem
1449 1131 1587 1158 conatus

110 1183 212 1222 justos
237 1177 442 1212 reddituram
463 1186 552 1217 esse3
576 1183 608 1210 et
636 1179 704 1211 Vos
735 1188 794 1220 per
815 1177 895 1211 illud
922 1179 1007 1213 Vitae
1036 1179 1204 1222 spatium,
1238 1178 1470 1223 quodcumque
1503 1180 1587 1214 mihi

110 1236 272 1278 reliquum
297 1239 364 1275 est,
387 1232 518 1268 visuros
538 1243 631 1275 esse,
661 1236 819 1269 Vestram
843 1234 1107 1270 benevolentiam
1139 1246 1207 1268 non
1235 1235 1359 1269 frustra
1383 1236 1464 1270 mihi
1490 1248 1585 1280 prae-

108 1296 220 1329 stitam
235 1294 345 1327 fuisse.
391 1292 559 1327 Nimirum
582 1293 805 1327 crescentibus
829 1294 925 1327 annis
942 1317 952 1333 ‚
985 1292 1122 1324 demum
1147 1297 1235 1324 recte
1251 1293 1430 1331 sentimus,
1457 1294 1585 1336 quales

110 1360 171 1384 nos
198 1359 268 1383 esse
290 1355 461 1394 oporteat,
484 1361 546 1383 nec
571 1354 684 1383 tamen
712 1360 840 1383 sumus.
894 1347 1103 1383 Conscientia
1129 1358 1191 1381 nos
1221 1348 1302 1381 illud
1324 1349 1441 1382 fecisse
1456 1374 1466 1391 ‚
1497 1351 1584 1394 quod

109 1409 240 1441 humeri
266 1408 460 1449 valuerunt,
493 1418 563 1440 non
589 1417 666 1439 raro
701 1407 848 1440 taedium
879 1405 1056 1446 sublevat,
1087 1404 1177 1447 quod
1205 1405 1329 1445 oritur,
1361 1406 1389 1437 si
1421 1406 1582 1448 eruditio,

109 1464 240 1508 qualem
270 1469 424 1506 optamus
445 1488 455 1505 ,
490 1474 559 1496 non
587 1463 719 1505 propria
742 1462 838 1495 nobis
868 1472 939 1495 esse
969 1460 1147 1495 videatur:
1179 1459 1356 1503 praecipue
1386 1467 1498 1494 autem
1528 1462 1581 1495 illa

108 1518 307 1553 conscientia
325 1529 386 1552 nos
406 1518 545 1560 incitat,
567 1524 605 1550 ut
620 1518 774 1550 indefessi
794 1517 837 1550 ad
858 1523 981 1550 metam
1003 1517 1100 1559 spatii
1126 1526 1312 1548 curramus,
1358 1518 1488 1550 Interea
1503 1518 1584 1550 dum

108 1582 203 1620 opto,
227 1582 263 1608 ut
279 1576 406 1618 placeat
422 1577 494 1607 Deo
514 1576 553 1606 Ο.
574 1576 622 1607 Μ.
639 1599 649 1615 ,
671 1576 726 1617 qui
755 1575 844 1607 illam
865 1572 948 1605 mih-i
978 1577 1125 1604 mentem
1152 1576 1345 1613 conservet,
1369 1582 1467 1616 spero
1492 1574 1560 1608 fore
1572 1601 1581 1616 ,

108 1637 144 1665 ut
163 1633 235 1665 Vos
247 1655 256 1672 ,
281 1631 354 1663 Viri
372 1628 596 1672 Amplissimi!
617 1628 800 1673 insignibus
827 1629 862 1661 in
878 1627 1062 1672 Republica
1083 1626 1280 1660 muneribus
1301 1627 1358 1660 diu
1378 1628 1487 1662 felices
1502 1631 1583 1664 fun-

109 1688 230 1732 gamini
250 1692 281 1719 et
304 1687 500 1729 praecipue,
524 1690 560 1717 ut
593 1684 697 1718 Vobis
719 1684 919 1718 Academiae
945 1683 1162 1717 curatoribus
1176 1707 1185 1724 ,
1210 1684 1245 1716 in
1269 1682 1369 1716 rebus
1400 1686 1556 1719 curandis
1571 1711 1580 1726 ‚

108 1743 224 1775 eadem
244 1751 373 1784 semper
395 1742 435 1774 sit
461 1741 565 1774 animi
582 1741 745 1774 alacritas.
790 1741 914 1773 Felices
941 1741 1037 1774 vivite
1059 1739 1101 1772 ad
1124 1745 1290 1772 maturam
1307 1750 1411 1783 usque
1432 1748 1583 1775 senectu-

108 1805 195 1840 tem,
217 1808 318 1841 quam
334 1803 430 1830 ornat
444 1798 563 1832 civium
578 1808 673 1830 amor
689 1803 720 1829 et
738 1808 823 1840 quae
842 1797 1043 1829 conscientia
1062 1797 1147 1829 vitae
1171 1796 1257 1829 bene
1278 1802 1372 1829 actae
1395 1803 1580 1831 recreatur!

152 1853 300 1897 Iniquius
323 1864 416 1896 agere
432 1853 576 1895 videre-r,
591 1855 664 1886 Viri
673 1854 850 1886 Clarissimi
866 1857 872 1885 !
896 1853 1088 1896 quarumvis
1104 1850 1385 1895 Disciplinarum,
1408 1853 1580 1889 etArtium

107 1909 314 1943 Professores
330 1908 554 1941 celeberrimi!
579 1910 606 1941 si
621 1911 691 1942 Vos
710 1910 890 1952 alloquerer
908 1915 1080 1952 tamquam
1100 1908 1201 1940 horno
1226 1919 1331 1943 novus
1350 1914 1381 1942 et
1399 1909 1504 1942 Vobis
1526 1920 1581 1953 pe-

108 1967 196 1998 nitus
226 1964 363 1997 alienus
408 1965 490 1997 Illud
508 1965 537 1998 si
552 1965 717 2006 facerem,
749 1976 803 1996 me
829 1967 986 1997 Vestram
1015 1962 1218 2006 amicitiam,
1239 1975 1304 2008 qua
1338 1975 1413 2006 me,
1440 1964 1475 1998 in
1502 1968 1586 1998 Pro-

108 2021 248 2054 fessione
276 2020 549 2054 Extraordinaria
568 2046 577 2063 ‚
606 2021 657 2053 his
695 2019 840 2064 quinque
873 2021 969 2054 annis
1002 2019 1154 2067 proxime
1187 2021 1417 2064 praeterlapsis
1436 2045 1446 2062 ,
1484 2031 1582 2054 usum

108 2078 210 2112 fuisse
227 2076 367 2122 glorior,
387 2090 457 2113 non
477 2088 592 2112 curare
610 2077 805 2121 probarem:
831 2077 938 2121 qualis
958 2077 1102 2120 suspicio
1126 2075 1219 2119 longe
1236 2087 1256 2109 a
1277 2087 1332 2109 me
1352 2076 1453 2110 absit!
1498 2079 1583 2109 Dul-

696 2143 698 2147 ·
898 2135 924 2165 C
947 2136 966 2165 5
1523 2134 1587 2165 cis-
