1919 2511
271 278 708 351 LUCAE'
775 294 1440 357 sURINGAR

453 471 1255 523 ORATIUNCULA.

572 695 774 705 '‘j-'n
782 695 883 706 ,Μ
888 695 919 705 “
926 693 1132 705 ““““““ἱ

103 842 304 902 Neminem
322 868 502 910 Vestrum,
525 867 611 903 Aud.
636 868 782 901 Honor.!
805 875 878 899 esse
900 864 1066 908 arbitror,
1092 867 1147 901 cui
1164 871 1296 912 gratum
1318 876 1388 903 non
1418 869 1459 903 sit
1482 876 1515 905 et
1533 871 1580 913 ju-

106 925 255 960 cundum
266 948 277 966 ‚
309 923 439 968 utrique
454 923 572 960 Juveni
599 920 884 968 praestantissimo
896 944 906 963 ‚
929 922 987 964 qui
1011 931 1163 956 summos
1178 923 1214 957 in
1234 921 1412 968 Theologia
1435 925 1580 960 honores

102 980 240 1014 solemni
262 980 331 1014 ritu
353 985 386 1014 et
415 983 583 1024 majorum
611 990 705 1014 more
728 983 807 1012 sunt
832 978 1020 1020 consecuti,
1042 978 1177 1012 tertium
1199 979 1268 1021 jam
1293 979 1451 1014 accedere
1477 982 1577 1025 hujus

97 1036 297 1071 Academiae
317 1037 513 1081 alumnum,
535 1038 656 1073 iisdem
674 1033 857 1069 honoribus
873 1034 1036 1068 saeculari
1055 1034 1119 1068 hoc
1134 1034 1217 1070 festo
1229 1060 1241 1079 ‚
1265 1035 1569 1073 condecorandam.

135 1093 349 1128 Provinciam
368 1093 458 1128 hanc
482 1105 526 1130 ex
554 1094 734 1129 Facultatis
753 1097 886 1126 nostrae
910 1089 1042 1125 decreto
1060 1101 1082 1124 a
1102 1093 1244 1126 Rectore
1257 1092 1436 1137 Magnifico
1453 1099 1485 1128 et
1510 1097 1572 1128 Se-

95 1155 179 1184 natu
197 1151 411 1195 Amplissimo
425 1151 507 1185 mihi
524 1150 762 1185 demandatam
779 1149 886 1182 laetus
901 1146 1056 1191 equidem
1076 1158 1117 1181 ac
1137 1147 1255 1181 lubens
1275 1148 1428 1192 suscipio.
1473 1149 1568 1184 Ado-

91 1207 269 1241 lescentem
294 1208 384 1241 enim
400 1232 410 1250 ,
439 1207 502 1242 hos
533 1208 679 1242 honores
705 1217 797 1240 nunc
824 1209 989 1249 petentem
1005 1227 1015 1245 ‚
1044 1203 1137 1237 haud
1163 1214 1231 1238 uno
1257 1203 1395 1239 nomine
1425 1203 1563 1250 dignum

90 1271 232 1306 censeo,
264 1262 301 1298 in
327 1274 427 1309 quem
453 1264 663 1309 praeclarum
687 1262 752 1297 hoc
782 1261 910 1297 virtutis
935 1266 1035 1305 atque
1064 1259 1246 1296 industriae
1266 1261 1455 1306 praemium
1480 1273 1565 1299 con÷

88 1320 225 1354 feratur.

133 1376 427 1419 Quemadmodum
442 1388 463 1412 a
476 1377 662 1421 Maioribus
677 1388 746 1411 non
759 1386 869 1420 pauca
887 1375 1055 1419 sapienter
1071 1379 1103 1407 et
1115 1374 1240 1419 egregie
1264 1378 1342 1408 sunt
1362 1375 1539 1409 constituta
1550 1388 1562 1417 ,¹

90 1433 134 1466 ita
152 1444 281 1477 quoque
303 1433 558 1477 prudentissime
581 1434 792 1467 sanciverunt
814 1431 913 1464 iidem
927 1454 937 1471 ‚
962 1429 1133 1463 neminem
1157 1429 1222 1463 nisi
1244 1429 1384 1463 honesto
1407 1430 1480 1464 loco
1495 1442 1561 1465 na-

87 1494 159 1522 tum
170 1513 180 1530 ,
204 1488 288 1522 felici
302 1489 490 1533 praeditum
508 1490 636 1533 ingenio
648 1513 658 1531 ,
680 1488 769 1522 bona
787 1489 1027 1522 existimatione
1045 1493 1077 1522 et
1102 1488 1192 1521 fama
1207 1488 1438 1530 excellentem,
1462 1494 1557 1532 atque

60 1561 64 1563 >
86 1556 155 1579 non
175 1546 299 1590 vulgari
319 1546 511 1580 eruditionis
533 1551 697 1590 apparatu
720 1547 919 1580 instructum
932 1568 942 1587 ,
966 1543 1009 1578 ad
1034 1553 1209 1588 supremos
1235 1545 1271 1578 in
1291 1543 1468 1588 'theologia
1493 1544 1556 1578 ho-

87 1611 188 1639 nores
211 1611 282 1635 esse
305 1601 525 1636 evehendum.

129 1659 222 1692 Talis
243 1669 322 1694 vero
338 1664 388 1692 est
402 1657 495 1693 hicce
510 1658 725 1693 Candidatus.

129 1717 237 1751 Gente
263 1715 410 1749 Patricia
431 1721 523 1749 ortus
544 1717 690 1758 Maiores
719 1713 836 1748 habuit
856 1718 887 1748 et
901 1718 1058 1758 paternos
1079 1717 1112 1744 et
1134 1717 1324 1754 maternOS,
1346 1711 1403 1756 qui
1426 1713 1553 1757 magnis

83 1773 118 1807 in
136 1773 331 1807 Societatem
345 1771 568 1806 Christianam
582 1777 615 1804 et
630 1782 703 1804 rem
726 1770 896 1815 publicam
922 1769 1048 1804 meritis
1072 1767 1207 1802 fuerunt
1230 1767 1425 1813 conspicui,
1447 1778 1551 1811 eaque

82 1834 180 1862 natus
200 1834 250 1862 est
268 1827 474 1871 conditione,
496 1838 581 1871 quae
602 1828 689 1861 viam
711 1828 774 1872 ipsi
794 1826 838 1860 ad
858 1826 993 1870 quaevis
1016 1824 1188 1868 praeclara
1212 1834 1232 1857 a
1253 1823 1364 1868 prima
1391 1823 1468 1858 inde
1495 1826 1551 1866 ju-

81 1888 214 1918 ventute
241 1884 390 1928 aperiret.
441 1882 739 1927 Quemadmodum
764 1881 882 1927 optimi
907 1885 1069 1915 Parentes
1104 1879 1187 1913 nihil
1222 1880 1407 1918 omiserunt
1423 1902 1433 1921 ‚
1461 1879 1550 1922 quod

80 1941 201 1974 faceret
217 1939 261 1973 ad
278 1939 383 1973 filium
397 1940 608 1974 carissimum
627 1938 803 1973 liberaliter
818 1938 1029 1973 educandum
1041 1961 1052 1980 ,
1074 1937 1120 1970 ita
1135 1947 1265 1981 quoque
1289 1942 1381 1981 grata
1405 1938 1550 1969 Proavo-

82 2005 178 2039 rum,
202 1996 259 2040 qui
273 2004 412 2030 munere
435 2005 531 2030 sacro
553 2004 687 2029 summa
713 2006 793 2029 cum
818 1994 915 2029 laude
941 1993 1046 2029 functi
1069 1998 1167 2036 sunt,
1191 1993 1368 2032 memoria,
1393 1997 1425 2025 et
1440 1990 1548 2024 Patris

829 2050 859 2083 A
883 2062 901 2084 2
1464 2047 1551 2080 Am—
