1919 2511
375 141 605 173 RESPONSIO
633 148 676 170 An
708 138 1018 178 QUAESTIONEM
1050 137 1329 169 LITERARIAM.
1588 147 1604 174 5

83 232 178 257 menta
205 230 383 260 tractantur,
408 233 481 260 quae
506 229 533 253 et
552 223 697 254 Phaedrus
721 222 854 252 tractavit
873 222 941 260 (a)
963 229 1070 257 eaeque
1094 229 1216 256 omnes,
1238 220 1263 249 si
1281 220 1433 250 secundam
1453 220 1594 257 excipias,

85 277 298 314 dispositione,
315 274 458 308 ‘oratione
481 284 514 305 ac
540 275 642 312 partim
665 274 748 304 etiam
771 279 863 302 metro
890 282 906 302 a
930 272 1050 302 Phaedri
1078 271 1184 301 fabulis
1207 278 1262 301 tam
1281 271 1432 308 diversae,
1459 278 1492 300 ut
1508 280 1592 301 nemo

85 336 171 358 sanus
204 327 238 356 de
269 326 426 355 imitatione
455 327 559 355 nedum
588 326 623 355 de
649 325 745 363 plagio
770 325 898 361 cogitare
929 324 1035 361 possit.
1085 323 1262 360 Excepimus
1293 329 1387 352 tamen
1416 323 1592 362 secundam,

89 387 172 414 quam
196 377 327 407 dubitare
351 386 436 407 nemo
466 384 585 413 potest,
615 377 686 413 quin
717 377 753 406 ad
781 376 899 407 Phaedri
924 376 995 406 Fab.
1019 385 1066 413 17.
1091 375 1162 405 Lib.
1181 375 1237 405 111.
1266 381 1366 404 auctor
1390 374 1592 404 efformaverit.

84 429 194 458 Verum
222 437 287 457 cum
310 427 400 464 ipsam
423 428 495 456 hanc
519 428 639 457 Phaedri
662 427 785 457 fabulam
810 437 865 464 pro
891 437 941 457 sua
961 427 1029 457 olim
1053 427 1116 456 orbi
1134 426 1247 456 erudito
1271 426 1428 456 obtruserit
1449 426 1592 455 Nicolaus

82 482 236 515 Perottus,
258 479 435 515 Sepontinus
451 478 605 515 Pontifex,
626 479 724 508 dicens
745 478 868 508 fabulam
891 487 922 507 se
945 479 1021 508 illam
1049 488 1085 508 ex
1111 478 1226 508 Aviano
1251 477 1281 507 in
1307 477 1424 506 fabellas
1443 485 1509 506 suas
1525 477 1592 506 ado-

82 534 235 561 lescentem
260 529 384 568 jambico
413 530 535 558 carmine
552 529 731 559 transtulisse
754 533 769 568 ζ
782 530 840 559 vid.
860 530 966 560 Heius.
986 531 1021 560 ad
1037 531 1158 560 Phaedr.
1176 531 1207 560 d,
1223 532 1294 568 1.)‚
1316 529 1497 558 statuendum
1513 528 1594 558 vide-

81 590 146 618 tur,
174 581 256 610 istam
278 579 397 610 Phaedri
419 579 544 609 fabulam
570 581 722 617 separatim
753 580 783 610 in
805 582 904 618 aliquo
934 582 1032 611 codice
1058 582 1128 612 MS.
1157 581 1324 617 exstitisse,
1353 580 1429 610 unde
1456 589 1515 610 eam
1539 580 1593 609 Pe-

80 639 176 662 rottus
203 632 343 661 desumsit
370 638 399 661 et
419 633 494 661 unde
519 641 635 669 quoque
658 633 769 661 Faerno
798 632 978 661 innotescere
998 633 1115 670 potuit:
1143 640 1229 669 atque
1254 632 1321 661 hinc
1344 638 1415 668 puto
1438 631 1519 660 illum
1543 639 1590 659 ru-

80 692 186 713 morem
201 683 431 720 percrebruisse,
443 684 581 712 Faenium
596 684 717 712 Phaedri
731 682 848 712 fabellas
867 692 920 720 pro
937 684 998 713 suis
1017 684 1159 720 edidisse,
1171 682 1336 720 suppressis
1355 682 1497 719 turpiter,
1515 682 1588 711 unde

78 744 124 764 eas
149 735 296 771 hauserit,
322 732 434 770 Mss.;
463 744 548 770 cum,
577 742 711 764 accurato
737 734 863 764 examine
893 734 1047 771 instituto,
1078 735 1183 772 cuique
1201 743 1368 771 persuasum
1387 742 1448 762 esse
1467 733 1590 768 debeat,

78 785 269 815 Cremonensi
290 792 389 821 poetae
412 785 534 815 Phaedri
560 794 635 822 opus
660 795 697 815 ne
719 793 820 815 notum
846 787 960 822 quidem
991 786 1094 816 fuisse.
1144 787 1258 824 Quodsi
1281 787 1316 816 de
1337 786 1412 823 dicta
1430 785 1478 814 illa
1496 784 1591 812 fabula

75 844 165 872 aeque
183 835 310 873 iudicare
333 836 475 872 veiimus,
497 836 631 873 profecto
652 837 741 867 nimis
767 846 867 873 presse
898 844 927 867 et
948 838 1082 867 audacter
1100 838 1175 868 illam
1202 839 1238 867 ad
1251 837 1371 868 Phaedri
1387 836 1511 865 fabulam
1529 843 1591 863 esse

72 893 262 922 comparatam
290 886 387 923 negari
414 887 526 923 quidem
548 888 671 924 nequit,
701 890 752 918 sed
776 890 956 919 excusandus
984 896 1077 919 tamen
1104 897 1148 919 est
1175 896 1260 926 poeta
1283 889 1404 918 aliorum
1431 887 1588 923 exemplis,

72 937 122 972 qui
156 937 286 967 similiter
317 938 437 967 liberius
470 939 598 975 priorum
629 940 753 969 carmina
786 947 855 969 sunt
888 941 1010 976 imitati,
1048 942 1131 979 cujus
1164 939 1206 969 rei
1239 949 1339 969 recens
1372 939 1463 968 adhuc
1496 946 1589 965 exem-

70 989 150 1024 plum
180 990 338 1024 protulisse
368 989 489 1018 sufficiat
514 996 542 1018 et
571 990 601 1019 in
630 990 694 1019 viro
726 991 860 1026 quidem,
892 991 940 1019 cui
968 991 1014 1020 vis
1039 991 1173 1028 propriae
1201 990 1381 1020 inventionis
1402 989 1516 1019 minime
1538 989 1586 1016 de-

69 1044 128 1066 erat
148 1037 236 1076 (b),
256 1039 427 1069 Theodorum
449 1040 515 1069 dico
536 1040 709 1076 Kotent'um,
732 1042 814 1079 cujus
834 1042 904 1070 haee
925 1048 995 1070 sunt
1017 1042 1074 1071 duo
1095 1042 1314 1079 epigrammata:

389 1090 492 1119 Tristis
513 1091 598 1120 hlems
620 1092 692 1121 laeto
711 1098 822 1121 terram
841 1092 973 1131 spoliavit
993 1093 1116 1129 honore,

424 1141 570 1179 Nudaque
589 1142 638 1170 sub
656 1141 742 1171 densa
752 1142 820 1179 jam
839 1145 905 1173 m'vc
925 1151 1017 1183 torpet
1036 1145 1148 1175 humus.

382 1193 463 1223 Silva
482 1201 573 1222 comas
586 1195 669 1232 ponit
680 1214 690 1229 ,
711 1203 762 1224 nec
779 1193 871 1223 dulces
890 1196 1014 1234 explicat
1033 1195 1170 1232 umbras,

424 1244 487 1273 Nec
506 1244 613 1282 liquido
632 1244 776 1274 volucrum
793 1252 914 1283 gutture
933 1256 1009 1276 rura
1027 1255 1142 1277 sonant.

385 1294 472 1322 Rura
491 1295 562 1322 mihi
580 1301 669 1323 tecum
688 1302 784 1334 spreta
804 1302 898 1324 tamen
918 1297 1006 1333 urbe,
1027 1298 1154 1335 Lycori‚

424 1345 491 1374 Sola
506 1345 637 1384 placent,·
659 1352 748 1374 tecum
769 1357 812 1375 me
831 1357 937 1385 quoque
954 1349 1057 1378 bruma
1068 1350 1168 1387 juvat.

381 1395 485 1425 Omnia
505 1397 548 1424 ml
563 1403 652 1424 tecum
672 1396 786 1433 rident,
800 1397 932 1434 fhrmosa
951 1399 1074 1437 Lycori,

417 1446 460 1475 Tu
479 1456 551 1483 ver,
571 1454 706 1477 aestatem
726 1454 759 1477 tu
771 1448 852 1484 facis
870 1459 929 1478 una
948 1451 1030 1481 mihi.

59 1493 167 1527 Aliud:
186 1521 195 1526 ,

383 1549 470 1579 Cessit
488 1550 574 1579 hiems
594 1550 735 1589 tepidique
756 1548 847 1586 refert
866 1559 918 1580 ver
935 1561 1013 1580 aura
1033 1551 1159 1589 Favoni,

413 1602 486 1641 Jum
506 1603 590 1632 vario
602 1602 707 1639 florum
723 1607 816 1640 prata
834 1601 923 1631 colore
942 1604 1046 1634 nitent.

372 1653 454 1682 Silva
473 1663 564 1683 comas
583 1655 681 1682 sumsit
701 1658 904 1691 renovatusque
922 1655 1046 1693 explicat
1071 1654 1210 1691 umbras,

416 1705 459 1734 Et
479 1704 588 1743 liquido
606 1705 749 1734 volucrum
767 1710 889 1741 gutture
907 1713 981 1733 rura
1002 1713 1114 1735 sonant.

377 1755 414 1784 Te
432 1757 490 1784 sine
508 1765 584 1785 rura
604 1763 698 1785 tamen
718 1757 830 1787 sordem
844 1758 1002 1797 floresque,
1023 1758 1149 1795 Lycori,

416 1809 453 1838 Te
471 1811 532 1838 sine
551 1820 605 1839 non
624 1811 759 1845 umbrae,
779 1820 835 1840 non
854 1811 925 1839 mihi
944 1810 1018 1839 silva
1036 1809 1144 1847 placet.

382 1859 487 1889 Omnia
506 1867 534 1889 te
552 1862 611 1889 sim
631 1861 675 1889 νηί
698 1861 831 1898 sordent,
846 1863 982 1900 fermosa·
998 1861 1121 1898 Lycort,

411 1908 525 1948 Verque
543 1910 614 1938 mihi
633 1911 714 1939 tristi
732 1913 846 1940 tristius
865 1919 906 1941 est
925 1912 1024 1941 hieme.
1508 1946 1526 1983 J

1528 1953 1569 1974 am

92 2010 158 2044 (a)
176 2012 284 2037 Fabulae
301 2012 364 2038 iliae
381 2017 507 2043 sunem,
528 2018 576 2044 19,
595 2019 644 2042 πο,
661 2018 712 2045 53,
730 2020 781 2046 54,
798 2014 851 2046 56,
869 2012 921 2044 σο,
938 2012 986 2039 66.

92 2054 158 2089 (b)
178 2056 238 2082 vid.
255 2058 298 2087 ‚cl.
326 2056 491 2089 Bilderdijkii
512 2057 636 2089 judicium
659 2058 691 2083 de
714 2059 831 2084 Kotenio
854 2060 880 2084 in
907 2059 976 2084 libro
1005 2057 1118 2090 BeIgIco
1143 2057 1188 2083 cui
1213 2057 1303 2084 titulus
1336 2062 1375 2082 est
1401 2055 1572 2085 Mnemosyne

56 2101 134 2130 Tom.
150 2102 198 2130 x1.
223 2109 281 2135 pag.
300 2103 356 2130 281.
380 2109 405 2129 et
422 2102 538 2131 Hoeufft.
555 2104 580 2129 in
598 2104 709 2130 Parnaso
727 2104 814 2131 Latin.
832 2105 908 2137 Beig.

829 2151 858 2179 A
879 2158 898 2186 ³
