1919 2511
394 150 622 182 RESPONSIO
650 157 694 180 AD
721 148 1030 188 QUAESTIONEM
1057 147 1283 179 PHYSICAM.
1563 158 1601 189 ¹5

101 238 216 276 'Hujus
242 235 323 266 humi
349 236 433 265 color
455 234 538 271 niger
561 239 604 262 est
628 239 657 262 et
682 240 770 269 sapor
795 231 983 267 aliquomodo
1016 231 1127 261 acidus.
1168 231 1323 268 iNimirum
1359 231 1473 261 defectu
1501 232 1596 269 aeris,

82 298 182 326 magna
208 286 376 318 humiditate
401 292 429 314 et
454 285 588 314 cohibito
609 290 691 314 aestu
705 304 715 320 ,
737 282 911 312 ferventium
929 283 1091 312 animalium
1114 289 1142 313 et
1162 285 1322 320 plantarum
1344 283 1524 313 fermentatio
1542 285 1597 314 alia

81 348 110 370 et
136 337 273 376 singulari
299 337 409 366 ratione
440 336 484 366 fit.
534 335 621 365 Initio
644 334 718 364 enim
744 333 972 364 fermentationis
993 336 1050 373 jam
1075 335 1154 364 nasci
1177 335 1313 364 videntur
1337 335 1415 364 acida
1441 344 1491 371 ea,
1523 345 1597 372 quae

77 391 218 427 reliquam
241 388 489 418 fermentationem
513 387 672 422 cohibent,
693 393 726 415 ut
753 386 849 415 omnis
868 386 1004 424 deinceps
1030 387 1154 417 fervoris
1179 394 1259 416 actus
1284 387 1390 416 lentius
1416 387 1595 418 absolvatur.

78 443 155 472 Nam
180 448 258 471 nunc
277 447 371 468 rerum
396 437 678 471 fermentescentium
700 436 910 474 hydrogenium
935 438 1036 475 arripit
1066 438 1253 475 carbonium,
1270 438 1388 474 *bisque
1413 440 1522 476 junctis
1549 448 1599 468 ex-

77 493 189 522 halatur
207 490 417 528 hydrogenium
437 488 641 525 carbonicum3
665 497 723 525 quo
743 488 822 517 facto
846 488 1035 527 carbonium,
1056 490 1235 526 reliquorum
1255 491 1466 528 principiorum
1486 491 1596 520 ratione

79 543 194 580 habita,
216 549 357 579 augetur,
377 547 497 576 totaque
520 540 636 569 miscela
660 540 805 569 difficilius
824 541 1015 571 consumitur.
1059 541 1141 570 Talis
1169 542 1275 571 humus
1302 542 1391 578 igitur
1417 551 1481 572 cum
1509 552 1597 573 exco-

79 602 202 631 quatur,
224 593 371 623 obtinetur
394 593 498 622 humor
524 592 636 627 flavus,
659 591 710 627 qui
736 599 778 621 est
807 593 920 629 saporis
940 595 1099 623 acescentis
1121 600 1151 623 et
1173 595 1320 623 caeruleos
1346 596 1507 629 plantarum
1528 604 1596 625 suc.

76 654 128 675 cos
152 646 311 682 paullulum
332 645 363 673 in
385 645 489 673 rubros
509 650 621 679 mutat,
651 652 706 679 qua
724 644 780 681 jam
808 651 877 674 nota
898 644 993 674 differt
1017 645 1052 674 ab
1080 652 1208 675 extracto
1235 646 1315 674 hmm'
1342 648 1478 684 pinguis,
1509 649 1595 685 quus

77 702 234 730 extractum
261 696 376 725 minime
399 704 460 724 eam
485 694 662 724 monstrabat
693 696 910 730 proprietatem.
956 696 1156 734 Excoquenda
1192 705 1285 727 tamen
1310 698 1400 727 humo
1424 699 1504 729 acida
1529 709 1595 728 curn

76 748 153 784 aqua
175 755 235 777 nou
264 755 349 776 omne
377 746 489 776 acidum
508 746 543 774 ab
570 747 604 774 ea
627 745 778 779 avellitur,
802 747 912 784 quippe
931 748 1012 784 quod
1033 757 1096 778 cum
1118 749 1220 778 ceteris
1245 749 1326 778 humi
1354 750 1485 786 partibus
1512 752 1595 780 valde

75 801 208 838 junctum
238 805 301 834 est,
331 798 452 828 maxime
470 804 566 827 autem
594 806 659 827 cum
686 804 836 835 extracto,
867 799 945 835 quod
971 800 1108 829 alcalibus
1137 801 1285 837 solvitur,
1313 808 1400 838 atque
1427 803 1478 831 hac
1508 802 1539 832 in
1564 812 1597 832 re

79 851 257 881 conveniunt
277 849 456 885 Einhofius,
478 848 719 885 Hembstadtius,
741 849 920 886 Schaakius‚
941 851 989 879 alii
1012 851 1096 888 (r).

117 902 198 932 Haec
224 902 303 931 humi
331 902 425 930 acidae
448 900 569 930 extracti
594 901 704 930 solutio
729 910 824 937 neque
853 902 941 931 acidis
964 911 1058 939 neque
1084 903 1221 932 alcalibus
1242 910 1388 941 mutatur3
1412 905 1481 935 haec
1501 913 1596 937 tamen

77 954 105 983 ei
128 954 218 991 magiS
242 954 357 983 fuscum
378 953 539 989 >conciliant
564 954 705 983 colorem.
746 953 948 983 solutionibus
974 963 1043 983 vero
1067 956 1246 984 metallorum
1262 956 1346 985 'valde
1364 956 1508 988 turbatur.
1549 959 1598 988 Sic

74 1005 131 1041 iis,
166 1006 242 1041 aqua
272 1004 358 1033 calcis
391 1011 419 1033 et
453 1004 586 1033 aluminis
619 1004 768 1033 solutione
793 1005 903 1033 turbari
929 1005 1046 1034 affirmat
1073 1004 1228 1035 Einhofius
1257 1010 1349 1045 (2);
1388 1017 1442 1045 ego
1473 1010 1547 1039 illud
1582 1020 1599 1039 e

75 1056 223 1087 solutione
241 1056 272 1086 in
290 1064 363 1092 aqua
386 1055 494 1092 deponi
510 1055 592 1090 vidi,
611 1055 715 1084 nitrate
732 1056 863 1092 argenti,
884 1055 989 1086 nitrate
1007 1056 1189 1093 hydrargiri,
1211 1057 1434 1094 hydr-ochlorate
1453 1061 1548 1091 stanni
1568 1070 1597 1091 et

74 1114 183 1138 acetate
207 1107 320 1144 plumbi
355 1107 410 1137 sub
435 1107 531 1136 forma
556 1107 715 1137 floccorum
742 1108 907 1145 flavorum3
947 1108 1037 1145 magis
1063 1108 1148 1137 fusco
1175 1111 1276 1138 colore
1301 1110 1373 1139 illud
1398 1112 1597 1148 deposuerunt

74 1160 283 1196 hydrochloras
299 1168 331 1189 ac
350 1159 443 1188 sulfas
463 1158 543 1190 ferri.
571 1159 668 1197 Hujus
685 1159 766 1188 humi
782 1160 901 1188 extracti
917 1159 947 1188 in
964 1168 1036 1195 aqua
1049 1160 1158 1188 solutio
1175 1161 1237 1189 aere
1256 1170 1316 1190 non
1334 1169 1480 1200 mutatur,
1492 1167 1597 1201 ‘neque

73 1211 106 1240 in
130 1210 251 1239 humore
279 1210 406 1240 nascitur
429 1210 577 1246 tunicula,
605 1219 700 1246 neque
723 1210 832 1246 aliquid
858 1211 1025 1247 deponitur.
1077 1212 1153 1241 Cum
1178 1212 1244 1241 talis
1267 1213 1371 1242 humor
1394 1215 1596 1255 decoquatur,

74 1262 224 1292 obtinetur
239 1263 373 1291 materies
386 1262 487 1299 fusca,
501 1262 608 1292 ‘odoris
626 1263 731 1300 ingrati
746 1269 774 1292 et
790 1262 903 1299 saporis
918 1263 1004 1292 amari
1023 1270 1052 1292 et
1073 1263 1242 1293 acescentis.
1285 1264 1368 1294 Hanc
1391 1274 1492 1296 rursus
1516 1269 1598 1298 dein-

74 1321 145 1350 ceps
174 1313 211 1342 ab
237 1315 312 1349 aqua
338 1322 427 1350 posse
450 1313 561 1350 suscipi
586 1313 687 1343 scribit
709 1314 869 1344 Einhofius
889 1317 974 1352 (3),
997 1316 1076 1351 quod
1098 1322 1127 1345 et
1155 1324 1209 1353 ego
1236 1316 1409 1353 observavi,
1435 1319 1486 1347 sed
1508 1319 1595 1349 simul

73 1366 134 1396 vidi
165 1366 238 1396 hanc
275 1366 392 1395 minime
422 1368 537 1396 solvere
562 1376 686 1403 aquarn,
724 1367 750 1396 si
776 1369 857 1396 calor
887 1368 923 1396 ad
951 1367 1168 1402 decoquendum
1203 1367 1309 1396 nimius
1343 1367 1442 1400 fuerit.
1497 1371 1592 1408 Cujus

73 1418 266 1454 phaenomeni
288 1427 318 1447 ea
341 1417 456 1446 videtur
476 1425 539 1447 esse
558 1418 652 1454 ratio,
675 1418 755 1454 quod
779 1419 877 1447 calore
899 1418 995 1455 aptius
1021 1419 1069 1447 fiat
1096 1425 1252 1448 extractum
1277 1419 1311 1448 ad
1329 1420 1502 1455 oxygenium
1522 1423 1594 1451 arri·

74 1470 209 1506 piendum
234 1476 261 1498 et
285 1470 400 1499 eandem
428 1471 641 1499 monstrandam
667 1469 893 1507 proprietatem,
930 1478 1014 1505 quam
1039 1470 1075 1498 de
1102 1476 1230 1499 extracto
1255 1470 1336 1498 humi
1359 1470 1475 1508 pinguis
1499 1482 1594 1502 narra-

72 1519 116 1549 vi·
155 1520 255 1558 Quum
286 1529 356 1550 vero
379 1521 515 1557 humori,
537 1530 596 1557 quo
615 1527 771 1550 extractum
791 1521 873 1550 humi
898 1521 993 1550 acidae
1017 1523 1145 1550 solutum
1164 1528 1228 1559 est,
1248 1521 1420 1551 destinando
1442 1532 1531 1559 aquae
1549 1533 1599 1554 se·

72 1576 245 1607 cernantur,
265 1571 364 1607 liquor
381 1572 530 1601 obtinetur
547 1573 664 1601 odorem
682 1572 799 1601 acetatis
818 1573 975 1602 ammoniae
998 1572 1125 1601 referens
1137 1593 1148 1608 ,
1171 1574 1254 1608 quale
1272 1575 1314 1602 sal
1336 1574 1362 1603 ei
1383 1575 1477 1604 inesse
1502 1576 1592 1606 facile

72 1620 227 1658 probatur.
266 1621 342 1650 Nam
369 1623 395 1651 si
420 1616 488 1652 huic
515 1624 634 1653 addatur
656 1631 791 1661 potassa‚
820 1624 942 1654 decocta
963 1634 1058 1661 aqua,
1088 1633 1122 1653 ex
1146 1625 1261 1654 residuo
1281 1626 1386 1662 spiritu
1412 1627 1473 1657 vini
1497 1637 1589 1660 acetas

74 1679 207 1709 potassae
224 1672 372 1702 obtinetur
392 1680 475 1712 (43.
514 1675 563 1703 Ex
582 1675 628 1704 his
647 1675 737 1713 igitur
757 1677 815 1714 jam
837 1682 974 1712 apparet,
998 1676 1147 1712 quomodo
1167 1677 1231 1705 illae
1250 1676 1329 1705 humi
1356 1678 1449 1707 acidae
1473 1689 1590 1717 partes,

78 1732 150 1759 quae
186 1724 222 1753 ab
252 1726 327 1760 aqua
359 1725 579 1762 suscipiuntur,
621 1727 749 1756 diversae
774 1727 833 1756 sint
861 1727 896 1755 ab
928 1727 981 1763 iis,
1021 1736 1093 1764 quae
1126 1730 1279 1764 coquendo
1308 1730 1382 1766 aqua
1412 1731 1446 1759 ab
1472 1733 1592 1762 alterius

74 1776 187 1813 generis
217 1776 307 1806 humo
326 1784 514 1815 separantur-3
541 1786 633 1815 eaque
660 1778 810 1809 diversitas
835 1778 1014 1808 existimatur
1039 1778 1170 1816 inprimis
1196 1774 1276 1809 nasci
1303 1789 1338 1810 ex
1367 1781 1448 1810 acido
1476 1784 1586 1813 acetico

1564 1844 1593 1865 et

111 1906 128 1942 (
141 1906 181 1942 ι)
200 1908 262 1936 Vid.
281 1910 390 1939 Einhof.
409 1912 435 1937 in
452 1913 587 1939 Hermbst.
604 1914 715 1941 Archiv.
738 1915 757 1941 l.
774 1913 793 1940 1.
810 1921 870 1946 pag.
889 1920 947 1946 353.
964 1914 989 1939 in
1008 1914 1113 1949 Journal
1130 1913 1189 1948 {von
1215 1914 1326 1942 Gehlen.
1343 1916 1383 1943 -Β,
1398 1916 1444 1944 VI.
1468 1925 1528 1951 pag·
1542 1921 1589 1952 ,378

77 1959 137 1986 sqq.
163 1954 294 1982 Hermbst.
314 1957 429 1985 Grunds.
451 1958 495 1985 der
516 1960 695 1992 Experiment.
714 1961 815 1987 Kamm.
833 1961 921 1988 Chim.
937 1969 997 1994 pag.
1015 1962 1075 1988 186.

110 1998 176 2034 (2)
196 2001 256 2029 Vid.
275 2003 385 2030 Einhof.
402 2004 428 2029 in
443 2004 548 2039 Journal
564 2014 616 2032 von
633 2007 735 2033 Gehlen
753 2008 786 2035 Β.
801 2008 849 2035 Vl.
866 2015 926 2041 pag.
937 2010 996 2041 380·

111 2044 172 2080 (3)
192 2047 253 2075 Vid.
273 2050 374 2076 Einhof
388 2052 405 2077 l.
422 2052 440 2079 F.
459 2059 483 2077 et
501 2053 598 2078 Crome
616 2055 634 2081 1.
652 2055 671 2081 l.
688 2062 748 2088 pag,
763 2055 825 2087 361.

112 2092 172 2127 (4)
190 2093 255 2121 Vici.
275 2096 378 2122 Einhof
392 2098 411 2124 1.
430 2098 450 2125 l.
467 2105 527 2132 pag.
540 2100 598 2132 381.
