1919 2511
335 123 564 155 RESPONSIO
594 132 636 154 AD
663 121 976 162 QUAESTIONEM
1007 121 1339 154 THEOLOGICAM.
1567 132 1609 165 35·

83 207 242 238 correxisse
262 206 302 245 (ι
317 207 345 244 ).
386 207 480 244 Cuius
501 205 700 243 explicationis
720 211 851 234 auctores
868 213 986 241 quoque
1010 204 1226 234 similitudinem
1252 203 1392 239 aliquam,
1414 214 1485 242 quae
1501 215 1535 236 ex
1552 208 1600 238 illa

81 259 238 289 collatione
263 258 361 288 Caroli
385 264 447 286 orta
469 257 529 293 sit,
551 266 582 286 se
616 256 802 293 comperiisse
827 255 882 284 sibi
906 255 1053 286 videntur.
1103 255 1181 283 Haec
1202 261 1322 290 utraque
1349 263 1419 284 vero
1447 257 1598 293 explicatio

81 309 228 346 displicet.
269 310 362 338 Recte
391 309 464 338 enim
491 308 688 338 animadvertit
712 306 912 341 Schrockius‚
944 314 1003 335 non
1031 303 1198 335 verosimile
1225 314 1309 340 esse,
1330 305 1453 341 aliquem
1477 316 1511 336 ex
1535 317 1603 337 eru·

81 359 151 389 ditis
175 360 205 390 in
230 359 349 391 Francia
372 359 443 389 viris
471 359 604 388 calluisse
628 359 754 395 linguam
774 358 928 394 Syriacam.
973 357 1111 386 Graecam
1139 356 1204 392 ipse
1230 355 1357 386 Carolus
1382 357 1484 393 primis
1512 359 1597 387 modo

84 409 167 440 labiis
189 411 352 447 degustarat
368 411 447 448 (2).
488 410 520 440 Id
537 417 644 439 tantum
663 410 756 446 egisse
775 409 907 443 videtur,
928 415 961 437 ut
982 407 1077 436 versio
1094 407 1198 437 Latina
1215 407 1375 437 accuratius
1391 413 1420 436 et
1438 408 1598 437 correctius

81 460 303 491 describeretur.
343 462 391 491 Ad
418 470 500 498 quarn
529 470 585 490 rem
613 460 783 489 efficiendam
808 468 990 496 permagnum
1013 468 1096 488 usum
1128 457 1261 494 profecto
1290 458 1394 487 Graeci
1419 466 1450 487 ac
1477 458 1543 495 Syri
1570 459 1597 488 ei

82 518 225 548 praestare
242 519 422 549 potuerunt,
445 521 518 550 quos
535 519 656 550 propter
678 512 810 540 crebrum
829 520 912 540 suum
932 519 997 540 cum
1013 510 1133 540 Oriente
1153 509 1376 546 commercium,
1397 508 1481 539 facile
1499 517 1597 538 secum

80 561 185 591 habere
203 564 314 600 potuit.

118 613 222 643 Sacrae
250 615 414 652 Scripturae
440 616 622 653 exphcandae
647 615 788 644 Alcuinus
813 614 956 650 ingentem
978 620 1093 649 operam
1119 611 1260 640 adhibuit.
1301 609 1403 640 Minus
1431 617 1524 640 tamen
1543 619 1600 641 no-

79 670 131 692 vas
151 672 218 693 suas
239 667 398 702 protulisse
418 666 533 696 videtur
556 668 733 702 sententias,
759 675 840 703 quam
868 667 981 702 quidem
1005 665 1121 694 Parrum
1145 663 1301 700 opiniones
1322 663 1374 691 sua
1396 662 1512 699 propria
1534 663 1596 698 pri—

77 714 174 751 vaque
197 715 306 745 ratione
331 718 501 754 exposuisse
520 721 556 754 (3
571 721 596 755 ).
639 718 687 747 Sic
708 727 779 754 quae
803 719 838 746 de
858 717 981 747 Cantico
1008 715 1182 745 canticorum
1208 714 1487 750 exhibuitrpaullum
1508 721 1523 742 a
1539 712 1594 741 Be-

78 764 130 794 dae
146 765 283 797 differunt
301 769 362 806 ejus
378 769 445 798 iibri
462 769 665 807 explicatione.
706 770 738 799 In
759 770 838 798 Pauli
867 768 999 805 epistolis
1022 774 1050 796 et
1074 767 1108 796 ad
1136 766 1258 801 Titum,
1280 772 1308 794 et
1334 765 1369 794 ad
1397 766 1593 794 Philemonem

78 817 249 854 tradendis,
281 820 495 858 Hieronymum
528 822 681 858 sequitui-3
711 822 740 851 in
772 821 941 857 explicando
967 818 1085 855 Joannis
1118 816 1266 853 euangelio
1295 816 1514 853 Augustulum,
1539 814 1593 843 Be-

76 867 160 902 dffl'ss.
180 869 354 906 Gregorium
371 871 510 909 Magnum
522 893 534 909 ,
556 873 754 902 Ambrosium.
795 872 924 901 Nomina
940 872 1079 909 majorum
1098 868 1210 899 Christi
1231 868 1388 897 secundum
1407 874 1523 896 sensum
1544 866 1593 895 lit·

77 921 213 957 teralem,
237 923 419 959 allegoricum
439 930 525 959 atque
542 925 676 952 moralem
699 923 905 958 interpretatus
926 930 969 951 est
986 921 1065 959 (4).
1107 919 1197 948 Mitto
1219 919 1272 948 alia
1293 927 1366 954 quae
1389 918 1424 945 ad
1444 917 1517 945 hanc
1533 924 1593 944 rem

75 977 204 1000 ceterum
223 971 336 1002 fecerit.
376 973 443 1002 Hoc
460 974 542 1002 etiam
562 975 742 1003 observatum
760 976 829 1003 volo
841 995 851 1009 ,
873 974 903 1003 in
921 973 1003 1003 libris
1022 973 1060 1001 de
1076 971 1230 1008 imaginum
1243 971 1324 998 cultu
1344 968 1480 998 Carolum
1498 975 1596 996 curas-

76 1027 128 1055 se,
153 1021 236 1049 enixe
259 1024 451 1052 commendari
467 1025 567 1053 Sacrae
586 1026 751 1062 Scripturae
769 1025 922 1054 lectionem
945 1026 988 1060 (5
1001 1027 1039 1062 )‚
1061 1031 1113 1052 nec
1133 1031 1192 1052 non
1208 1022 1283 1050 illam
1303 1019 1488 1056 scriptionem
1506 1026 1596 1054 pecu-

75 1069 172 1100 liarem
195 1071 262 1101 inde
285 1073 413 1110 accipere
434 1075 580 1112 valorem,
614 1077 692 1112 quod
711 1077 834 1113 plurima
858 1078 922 1106 loca
944 1076 1045 1105 Sacrae
1074 1073 1239 1109 Scripturae
1263 1071 1298 1100 ab
1326 1069 1492 1100 adversariis
1519 1068 1592 1096 falso

74 1119 213 1159 usurpata
239 1129 378 1153 notentur
402 1131 489 1161 atque
513 1126 704 1158 refellantur.·
735 1128 880 1165 Singulari
905 1127 1001 1164 capite
1026 1133 1143 1161 quoque
1162 1122 1285 1153 Codicis
1305 1120 1386 1151 Sacri
1404 1120 1505 1155 dotes,
1526 1119 1593 1155 pul·

74 1171 266 1203 chritudinem
285 1195 297 1211 ‚
322 1182 501 1205 venustatem
519 1197 531 1214 ‚
559 1178 710 1207 utilitatem
736 1180 768 1207 ea
793 1178 921 1208 ostendit
938 1186 970 1206 ac
986 1174 1191 1205 demonstravit
1209 1172 1284 1210 (6).

114 1223 187 1254 Non
209 1226 332 1255 multum
355 1227 501 1263 profuisse
526 1227 641 1257 videtur
665 1228 844 1258 ChristIanae
862 1230 997 1257 ecclesme
1021 1232 1112 1262 opera
1127 1244 1139 1260 ‚
1169 1232 1253 1260 quam
1287 1222 1411 1252 Carolus
1438 1218 1593 1250 collocavit

75 1272 109 1302 in
120 1273 321 1310 corrigendum
339 1277 595 1306 Latinum<›Sacrae
610 1275 779 1315 Scripturae
802 1281 976 1316 exemplum.
1017 1274 1204 1306 Correctoria
1221 1272 1323 1302 bibliae
1334 1291 1345 1308 ‚
1367 1280 1440 1308 quae
1455 1271 1591 1300 dicuntur

75 1323 142 1352 inde
157 1329 253 1353 ortum
267 1321 423 1358 duxerunt.
464 1328 559 1366 Cujus
580 1328 695 1358 critices
714 1327 826 1366 generis
853 1328 1011 1366 specimina
1036 1327 1173 1365 quaedam
1190 1325 1219 1354 in
1241 1323 1435 1353 bibliothecae
1460 1319 1590 1349 Sorbon-

75 1375 174 1405 nensis
188 1376 339 1407 codicibus
360 1383 444 1408 manu
462 1379 577 1416 scriptis
604 1380 790 1410 inveniuntur
807 1381 892 1418 (7).
937 1381 1084 1408 Auctores
1107 1385 1206 1406 eorum
1237 1374 1376 1404 Graecam
1396 1371 1519 1407 linguam
1541 1379 1589 1406 pa·

79 1429 163 1462 raim.
185 1427 356 1457 Hebraicam
378 1430 496 1459 omnino
515 1439 574 1460 non
589 1432 743 1461 callebant.
784 1432 843 1461 Sed
857 1430 1029 1466 Hieronymi
1046 1428 1230 1463 aliorumque
1244 1430 1355 1462 patrum
1370 1421 1523 1451 latinorum
1540 1429 1590 1450 au-

77 1475 148 1505 xilio
162 1472 295 1512 vulgatae
309 1479 450 1508 versionis
464 1489 576 1510 errores
587 1481 805 1518 discernebant3
828 1481 953 1518 optimas
969 1480 1109 1510 lectiones
1128 1478 1158 1507 in
1172 1484 1258 1505 manu
1273 1473 1390 1511 scriptis
1406 1473 1466 1502 suis
1484 1471 1591 1501 codici-

75 1526 132 1562 bus
148 1528 357 1558 vetustioribus
376 1531 582 1569 exquirebant3
601 1542 616 1561 a
631 1533 800 1570 quibusdam
817 1532 959 1562 scribendi
976 1530 1055 1561 vitiis
1072 1526 1308 1558 dehortabantur.
1348 1524 1420 1553 Non
1440 1524 1518 1554 omni
1534 1523 1588 1551 uti·

71 1576 151 1606 litate
168 1578 303 1608 destituta
317 1587 378 1610 erat
393 1590 490 1611 eorum
509 1584 667 1621 diligentIa.
706 1585 839 1614 Eximios
863 1584 976 1613 fructus
995 1588 1089 1611 tamen
1104 1588 1164 1610 non
1182 1577 1267 1607 facile
1283 1576 1359 1605 ferre
1371 1580 1484 1611 poterat
1503 1572 1584 1610 (8).

90 1645 92 1649 ,
114 1623 158 1657 De
178 1630 280 1658 melius
302 1630 479 1663 instituenda
505 1629 624 1664 Codicis
653 1636 733 1665 Sacri
761 1635 955 1673 explicatione
977 1639 1064 1669 atque
1089 1627 1347 1666 interpretatione.
1373 1625 1497 1654 Carolus
1521 1626 1586 1653 nul·

74 1677 133 1708 lum
149 1679 357 1717 praescriptum
374 1683 482 1713 directe
502 1685 592 1717 dedit.
631 1687 685 1717 Ad-
702 1695 762 1716 eam
787 1688 833 1716 vel
856 1685 1078 1718 emendandam,
1099 1683 1145 1710 vel
1169 1682 1247 1707 certe
1270 1675 1372 1718 majori
1395 1676 1464 1704 cura
1487 1675 1585 1704 elabo-

1524 1734 1589 1755 ran·

84 1810 175 1847 ·(:1)
198 1812 260 1840 vid.
278 1813 433 1848 Michaelis,
454 1816 523 1843 nint.
541 1817 565 1842 tn
579 1816 623 1844 die
642 1817 717 1844 cett.
736 1816 845 1845 schrift.
862 1816 906 1843 des
925 1818 962 1845 N.
984 1817 1016 1844 B.
1042 1823 1062 1844 t.
1077 1815 1098 1840 1.
1116 1822 1143 1847 p.
1156 1820 1215 1846 μυ.
1229 1819 1255 1838 ει
1272 1813 1298 1838 in
1314 1809 1383 1835 curis
1402 1808 1427 1833 in
1442 1807 1515 1835 Vers·
1529 1808 1583 1842 Syr·

72 1857 133 1884 Act.
148 1858 242 1890 Apost.
260 1867 288 1892 p.
303 1862 362 1893 176.

109 1903 173 1937 (2)
192 1904 225 1931 T.
239 1906 295 1931 XX·
314 1915 341 1939 p.
358 1909 415 1938 198.
433 1909 587 1935 Schmidium
604 1910 647 1936 ille
661 1910 775 1942 sequitur
788 1910 812 1935 in
834 1909 933 1936 Gesch.
950 1909 975 1935 d.
987 1907 1112 1934 Teutsch.
1131 1907 1148 1932 l.
1161 1906 1179 1932 l.
1197 1911 1224 1938 p.
1236 1910 1299 1936 4²9·

104 1948 169 1985 (3)
188 1951 321 1978 Schrockh
334 1973 342 1985 ,
362 1955 381 1981 l.
395 1950 530 1988 l.⁴p.3215.
603 1953 605 1955 ’
667 1954 737 1989 (4)
752 1954 909 1985 Schr6ckh‚
928 1956 947 1980 l.
961 1955 979 1981 1.
996 1962 1026 1987 p.
1039 1960 1098 1986 219.

103 1995 165 2030 (5)
186 1998 213 2023 1¹¹
228 1999 310 2031 praef.
326 2007 353 2032 p-
368 2001 394 2027 6.
408 2001 447 2028 ed.
467 2001 563 2029 Heum.
700 2001 763 2038 (6)
782 2004 804 2030 l.
819 2003 855 2030 11.
875 2010 900 2030 c.
914 2010 956 2036 3ο.
973 2011 1001 2036 p.
1018 2009 1067 2029 222
1089 2008 1146 2033 sqq.

105 2036 177 2078 (7)
191 2043 251 2073 vid.
270 2038 380 2079 simon,r
393 2048 412 2074 1.
427 2049 444 2075 ι.
462 2046 489 2081 p.
505 2054 572 2081 ιιι.
589 2056 647 2083 114.
760 2057 762 2060 ⁴
783 2048 853 2093 (8)
870 2049 926 2076 vid.
941 2049 1095 2080 Schtz->cm
1114 2047 1133 2074 1.
1151 2047 1170 2073 1.
1187 2053 1214 2079 p.
1235 2044 1297 2077 198,
1318 2049 1376 2074 199·

92 2099 108 2111 ²
340 2102 344 2109 ¹
468 2118 472 2120 -
652 2106 656 2110 ·
837 2096 864 2127 Ε
885 2103 905 2127 ⁴2·
