1919 2511
325 152 607 185 RESPONSIO
637 160 686 182 An
713 149 1095 190 QUAESTIONEM
1125 149 1383 180 MEDtoAM.
1588 158 1605 185 5

96 246 150 274 que
165 237 323 266 articularis
346 235 513 273 superficies
539 235 621 264 etiam
644 234 673 263 in
691 233 795 264 adultis
821 233 947 262 obducta
973 240 1017 263 est
1041 232 1224 269 cartilagine,
1246 240 1263 260 e
1287 240 1342 268 qua
1369 237 1460 259 totum
1491 231 1604 260 humeri

93 295 202 324 caput,
220 294 248 316 et
265 288 397 324 scapulae
419 286 558 315 cervicem
581 293 712 315 constare
732 285 864 314 nonnulli
884 284 1005 320 dicunt,
1026 285 1043 321 (
1054 283 1116 319 ιο)
1134 283 1219 320 cujus
1241 291 1312 311 vero
1328 281 1500 318 cartilaginis
1523 291 1605 312 natu-

91 346 149 366 ram
174 339 262 374 longe
282 338 362 366 aliam
391 345 453 366 esse
475 337 633 365 recentiora
654 337 846 373 experimenta
865 335 994 371 probare«
1010 334 1145 363 videntur
1164 334 1265 370 (11).

132 388 305 425 Ligamema
318 389 382 416 ossis
396 388 518 416 humeri.
529 388 544 423 (
552 387 602 424 12)
623 387 821 423 Ligamentum
837 386 992 422 capsulam,
1006 394 1032 415 s.
1043 384 1168 420 bursalc,
1187 383 1368 416 saccisorme,
1385 383 1533 412 connectit
1544 392 1605 412 sca-

94 440 177 474 pulae
194 445 220 466 et
235 438 310 466 ossis
326 437 435 466 humeri
453 445 597 473 extrema,
615 438 689 466 circa
705 437 857 473 marginem
878 436 1009 465 cervicis·
1021 437 1153 471 scapulae
1170 436 1280 463 ovalem
1298 441 1396 463 exorta
1407 455 1417 470 ‚
1440 441 1488 469 et,
1512 435 1604 470 capite

92 489 216 525 globoso
232 488 306 517 ossis
323 488 434 517 humeri
449 495 584 524 recepto,
603 488 767 517 firmissime
782 487 937 522 accrescit,
959 486 1009 515 ubi
1026 485 1195 522 superficies
1212 485 1291 514 illius
1305 485 1408 521 capitis
1424 485 1604 520 hemisphae-

92 537 148 566 rica
168 538 332 574 cartilagine
357 537 541 566 articulorum
567 539 712 567 communi
730 539 889 567 incrustata
908 546 970 566 esse
986 537 1090 566 desinit
1108 539 1121 572 (
1136 544 1169 572 13
1181 536 1210 572 ).
1247 536 1330 565 Intus
1354 543 1446 564 autem
1464 536 1534 565 illud
1552 535 1603 563 ob-

91 588 207 617 ductum
228 596 271 618 est
287 588 449 617 membrana
467 589 583 625 propria
603 589 767 624 synoviali‚
788 589 882 624 laevi,
902 588 1006 618 nullibi
1024 587 1168 623 perforata
1181 607 1190 622 ‚
1212 588 1262 616 sed
1281 588 1316 616 ad
1333 587 1478 624 ligamenti
1499 595 1604 623 capsu-

92 639 160 667 laris
175 639 269 675 fines,
293 640 335 667 nti
352 640 531 668 membranae
552 648 664 668 setosae
685 640 714 668 in
735 639 797 668 suis
814 639 986 668 cavitatibus
1000 659 1010 674 ‚
1032 639 1163 668 revoluta
1177 660 1186 672 ‚
1207 638 1244 667 ita
1268 646 1321 674 ut,
1343 639 1410 667 licet
1438 647 1453 666 a
1479 637 1603 666 musculi

87 689 220 726 Bicipitis
237 690 351 720 tendine
369 689 532 726 perforetur
549 690 673 719 exterior
695 693 812 726 capsula
825 711 835 726 ,
853 692 951 720 nullus
969 690 1062 718 exitus
1080 696 1231 719 contentae
1246 689 1384 725 synoviae
1400 689 1483 717 detur
1504 688 1599 724 (14).

125 740 325 776 Ligamentum
354 743 502 777 capsulare
525 750 585 771 non
607 741 715 777 ubique
739 749 782 772 est
810 742 937 780 ejusdem
967 741 1103 775 roboris,
1130 740 1328 769 tenuissimum
1355 739 1429 769 enim
1459 739 1488 768 in
1513 741 1600 768 latere

86 791 204 827 postico
224 791 378 827 exteriori,
408 792 460 820 ubi
479 792 603 820 musculi
626 791 859 829 infra-spinatus
885 800 913 821 et
936 798 1012 820 teres
1043 791 1136 820 minor
1162 791 1368 826 inveniuntur,
1397 789 1506 819 firmius
1530 799 1598 820 vero

86 839 117 869 in
140 842 226 870 latere
249 841 365 870 interno
381 841 532 878 inferiori,
555 842 604 871 ubi
621 851 660 872 m.
682 842 894 880 subscapularis
915 843 979 879 (15
989 843 1019 879 ).

124 893 204 921 Inter
218 894 384 921 accessorius
399 892 577 922 membranas
595 893 718 922 refertur
732 895 894 923 membrana
906 914 916 929 ‚
939 902 1009 929 quae
1027 893 1148 922 subinde
1165 893 1329 922 adnascitur
1350 892 1439 921 limbo
1458 893 1595 922 exteriori

85 942 232 979 liga-menti
250 943 452 980 triangularis,
474 945 490 981 (
499 945 577 980 quod
594 944 778 980 ligamentum
800 945 883 974 etiam
898 943 1003 973 dicitur
1023 945 1154 982 scapulae
1167 945 1318 983 proprium
1336 942 1489 979 anterius)
1510 943 1597 980 (16)

85 999 113 1021 et
128 1001 215 1029 super
239 993 422 1030 ligamentum
445 996 591 1032 capsulare
618 1003 649 1023 se
670 995 816 1031 expandit.

122 1044 290 1073 Firmiorem
315 1052 408 1074 autem
431 1047 518 1074 situm
537 1045 624 1082 capiti
649 1045 781 1081 humeri,
802 1045 947 1074 laxissima
976 1046 1062 1075 hacce
1084 1045 1246 1074 membrana
1271 1044 1436 1080 obvoluto,
1460 1045 1597 1080 praebent

85 1102 209 1130 quatuor
229 1096 374 1131 musculi,
403 1105 527 1132 quorum
553 1096 744 1125 extremitates
766 1098 916 1125 tendineae
942 1097 1169 1126 articulationem
1206 1095 1339 1131 firmant,
1368 1095 1501 1124 nimirum
1528 1095 1597 1123 sub-

85 1146 263 1182 scapularis,
285 1148 534 1184 supra-spinatus‚
554 1147 772 1185 infra-spinatus
792 1154 819 1177 et
838 1155 912 1177 teres
931 1148 1048 1185 minor,
1070 1149 1160 1185 (17)
1184 1148 1218 1176 de
1235 1147 1340 1183 quibus
1357 1154 1384 1176 et
1403 1146 1465 1176 aliis
1478 1147 1533 1183 jam
1551 1146 1596 1174 vi-

84 1196 206 1226 dendum
232 1205 288 1227 est.

671 1277 702 1313 §.
724 1287 753 1316 3.
793 1277 838 1306 De
859 1277 1007 1307 lisusculis.

118 1351 278 1381 Distinctio
307 1352 369 1382 fieri
390 1355 464 1382 solet
485 1353 559 1382 inter
580 1354 691 1383 humeri
715 1356 884 1390 musculos,
915 1354 964 1390 qui
987 1353 1066 1383 illius
1093 1352 1186 1382 motui
1215 1358 1324 1381 tantum
1351 1350 1536 1385 inserviunt,
1565 1358 1594 1380 et

83 1409 153 1437 eOS,
176 1402 226 1438 qui
250 1410 278 1432 et
297 1411 408 1433 motum
434 1410 462 1432 et
485 1404 694 1433 firmamentum
717 1405 925 1434 articulationis
951 1411 1061 1440 parant.
1083 1404 1167 1441 (18)
1194 1404 1240 1432 Ad
1265 1403 1319 1431 hos
1341 1400 1503 1430 referuntur
1524 1410 1592 1437 qua-

82 1457 149 1480 tuor
167 1454 290 1483 musculi
306 1463 392 1491 supra
409 1454 562 1490 recensiti,
582 1455 617 1484 ad
637 1457 704 1483 illos
727 1457 875 1484 musculus
900 1455 1052 1484 Delto'ides
1065 1474 1075 1489 ,
1097 1454 1211 1483 Coraco
1223 1470 1236 1477 —
1248 1452 1397 1482 brachialis
1409 1473 1419 1487 ,
1442 1461 1470 1481 et
1501 1452 1592 1481 Teres
1637 1454 1640 1457 ⁴

81 1503 184 1539 major.
225 1504 376 1542 Singulum
396 1512 490 1534 autem
514 1507 675 1534 musculum
689 1527 698 1539 ,
719 1506 772 1534 hac
796 1505 982 1535 distinctione
1004 1506 1142 1541 accepta,
1163 1504 1288 1533 breviter
1307 1511 1496 1539 exponamus-

123 1552 172 1583 Μ.
194 1554 377 1592 Deltoideus,
395 1557 485 1593 (19)
506 1556 911 1592 (sous-acromio-hume'ral.
951 1556 1121 1597 Chaussier.
1148 1553 1591 1585 sous-acromio-clavi-hame·

77 1607 138 1636 ral.
157 1606 301 1644 Dumas.)
321 1607 404 1644 quus
421 1606 641 1643 descr1ptionem
653 1608 709 1645 jam
722 1607 799 1636 dedit
814 1607 943 1637 Galenus
953 1627 968 1643 ,.
984 1606 1073 1645 (αο)
1094 1607 1232 1642 illiusque
1248 1613 1352 1635 nomen
1371 1613 1389 1633 a
1402 1603 1589 1633 similitudine

1558 1655 1593 1682 li·

112 1719 130 1754 (
140 1719 198 1754 ιο)
221 1720 282 1747 Alb.
301 1721 370 1748 icon.
388 1728 441 1748 oss.
458 1722 525 1748 foer.
547 1722 602 1748 tab.
616 1728 657 1754 13.
860 1720 876 1756 (
889 1722 946 1755 11)
966 1722 1057 1748 Bichat
1077 1723 1098 1749 1.
1113 1728 1137 1748 e.
1159 1729 1186 1754 p.
1200 1726 1245 1752 231
1266 1727 1322 1752 seq.

115 1765 132 1800 (
145 1766 203 1799 12)
221 1768 331 1799 Camper
353 1767 492 1796 demonstr.
509 1774 576 1795 anat.
601 1768 674 1795 Path.
692 1769 711 1796 1.
727 1774 751 1795 1.
777 1776 802 1795 c.
820 1775 844 1795 1.
870 1769 922 1796 tab.
941 1775 1034 1795 1—2.

116 1811 198 1847 (13)
223 1813 247 1846 J.
265 1813 423 1839 Weitbrecht
444 1815 609 1846 syndesmol.
632 1815 686 1841 sive
708 1815 777 1840 Hist-
803 1815 889 1846 ligam.
913 1821 968 1841 cet.
991 1821 1059 1841 sect.
1079 1822 1105 1840 2.
1136 1812 1165 1848 §-
1179 1821 1220 1839 20.
1247 1821 1275 1845 p.
1294 1817 1337 1843 23.
1365 1812 1497 1843 Petropol.
1516 1817 1589 1844 174²·

80 1864 136 1891 μοι
171 1858 253 1885 Conf.
271 1859 374 1886 Bichat.
391 1860 410 1886 1.
428 1867 453 1887 c.
477 1868 505 1893 p.
519 1862 566 1893 283
585 1868 641 1893 seq.

113 1903 130 1936 (
144 1902 199 1937 14)
221 1905 255 1931 C.
269 1903 350 1929 Bell's
374 1904 443 1937 syst.
460 1906 487 1934 d.
509 1913 608 1939 operat.
634 1906 753 1938 Chirurg.
774 1907 863 1933 fibers.
878 1914 907 1932 v.
926 1907 1061 1938 Kosmely.
1082 1911 1102 1932 t.
1115 1913 1139 1931 2.
1157 1913 1183 1937 p.
1205 1910 1262 1936 192.
1283 1904 1351 1930 Berl.
1370 1903 1442 1935 1815.

115 1947 200 1982 (¹5)
217 1949 396 1982 Weitbrecht,
416 1952 434 1977 1.
448 1958 474 1979 e.
495 1952 521 1985 S.
533 1960 578 1980 21.
714 1951 802 1985 (16)*
817 1952 885 1978 ldem
908 1953 926 1978 l.
941 1959 968 1980 c.
992 1961 1016 1979 e.
1035 1960 1076 1978 12.
1097 1960 1123 1984 p.
1143 1952 1183 1978 18.
1204 1957 1229 1976 et
1246 1950 1296 1976 tab.
1311 1957 1337 1976 2.
1355 1947 1398 1981 fig.
1410 1949 1436 1974 6.
1451 1955 1476 1981 7.
1492 1947 1515 1975 f.

115 1993 198 2029 (17)
218 1995 288 2021 [dem
305 1997 323 2022 l.
343 2004 367 2024 c.
391 1997 417 2030 §.
431 2004 475 2030 23.

115 2041 199 2075 (18)
216 2042 249 2068 A.
266 2044 388 2076 Cooper,
411 2044 540 2072 Abhandl.
562 2045 626 2070 iiber
643 2045 729 2071 luxat.
744 2043 795 2069 und
814 2044 927 2073 Fraktur.
950 2052 974 2072 a.
989 2044 1016 2073 d.
1037 2044 1117 2077 Engl.
1137 2051 1169 2077 p*
1181 2050 1223 2070 22.
1249 2042 1357 2068 Weimar
1374 2041 1447 2072 ι823·
1468 2040 1496 2066 8.

115 2085 199 2120 (19)
221 2087 283 2114 Alb.
305 2095 325 2115 t.
343 2089 385 2115 18.
406 2089 425 2117 f.
443 2096 483 2116 11.
506 2097 597 2117 a-n.—
617 2089 660 2122 fig.
676 2097 716 2116 12.
730 2097 818 2117 a—o.

113 2132 199 2167 (ao)
223 2135 329 2161 Comm.
341 2134 366 2161 1.
386 2135 411 2160 in
434 2136 516 2169 Hipp.
535 2136 566 2162 de
587 2137 660 2163 artic.
680 2137 780 2169 p.218.

917 2183 985 2220 Aa
