<?xml version="1.0" encoding="UTF-8"?>
<!DOCTYPE html PUBLIC "-//W3C//DTD XHTML 1.0 Transitional//EN"
    "http://www.w3.org/TR/xhtml1/DTD/xhtml1-transitional.dtd">
<html xmlns="http://www.w3.org/1999/xhtml" xml:lang="en" lang="en">
 <head>
  <title>
</title>
<meta http-equiv="Content-Type" content="text/html;charset=utf-8" />
  <meta name='ocr-system' content='tesseract 3.04.00' />
  <meta name='ocr-capabilities' content='ocr_page ocr_carea ocr_par ocr_line ocrx_word'/>
</head>
<body>
  <div class='ocr_page' id='page_1' title='image "annalesacademiae24rijk_0567.png"; bbox 0 0 1919 2511; ppageno 0'>
   <div class='ocr_carea' id='block_1_1' title="bbox 440 118 1393 164">
    <p class='ocr_par' dir='ltr' id='par_1_1' title="bbox 440 118 1393 164">
     <span class='ocr_line' id='line_1_1' title="bbox 440 118 1393 164; baseline 0.012 -13"><span class='ocrx_word' id='word_1_1' title='bbox 440 118 669 153; x_wconf 88' lang='lat' dir='ltr'>RESPONSIO</span> <span class='ocrx_word' id='word_1_2' title='bbox 699 131 741 155; x_wconf 79' lang='lat' dir='ltr'><em>An</em></span> <span class='ocrx_word' id='word_1_3' title='bbox 772 123 1083 164; x_wconf 86' lang='lat' dir='ltr'><strong>QUAEST10NEM</strong></span> <span class='ocrx_word' id='word_1_4' title='bbox 1112 126 1393 162; x_wconf 80' lang='lat' dir='ltr'><strong>LITERARIAM.</strong></span> 
     </span>
    </p>
   </div>
   <div class='ocr_carea' id='block_1_2' title="bbox 1629 143 1682 174">
    <p class='ocr_par' dir='ltr' id='par_1_2' title="bbox 1629 143 1682 174">
     <span class='ocr_line' id='line_1_2' title="bbox 1629 143 1682 174; baseline -0.019 -8"><span class='ocrx_word' id='word_1_5' title='bbox 1629 143 1682 174; x_wconf 82' lang='lat'><em>113</em></span> 
     </span>
    </p>
   </div>
   <div class='ocr_carea' id='block_1_3' title="bbox 159 200 1681 356">
    <p class='ocr_par' dir='ltr' id='par_1_3' title="bbox 159 200 1681 356">
     <span class='ocr_line' id='line_1_3' title="bbox 169 200 1681 248; baseline 0.012 -19"><span class='ocrx_word' id='word_1_6' title='bbox 169 219 191 237; x_wconf 79' lang='lat'><em>‚.,</em></span> <span class='ocrx_word' id='word_1_7' title='bbox 210 200 367 238; x_wconf 83' lang='lat' dir='ltr'><em>Crassum,</em></span> <span class='ocrx_word' id='word_1_8' title='bbox 387 204 471 240; x_wconf 81' lang='lat' dir='ltr'><em>quasi</em></span> <span class='ocrx_word' id='word_1_9' title='bbox 491 203 644 243; x_wconf 72' lang='lat' dir='ltr'><em>colligendi</em></span> <span class='ocrx_word' id='word_1_10' title='bbox 669 207 715 236; x_wconf 81' lang='lat' dir='ltr'><em>sui</em></span> <span class='ocrx_word' id='word_1_11' title='bbox 738 216 847 244; x_wconf 84' lang='lat' dir='ltr'><em>causa,</em></span> <span class='ocrx_word' id='word_1_12' title='bbox 873 216 901 236; x_wconf 85' lang='lat' dir='ltr'><em>se</em></span> <span class='ocrx_word' id='word_1_13' title='bbox 922 209 954 237; x_wconf 82' lang='lat' dir='ltr'><em>in</em></span> <span class='ocrx_word' id='word_1_14' title='bbox 979 208 1170 241; x_wconf 80' lang='lat' dir='ltr'><em>Tusculanum</em></span> <span class='ocrx_word' id='word_1_15' title='bbox 1194 213 1351 243; x_wconf 77' lang='lat' dir='ltr'><em>contulisse.</em></span> <span class='ocrx_word' id='word_1_16' title='bbox 1359 213 1379 227; x_wconf 82' lang='lat'><em>’³</em></span> <span class='ocrx_word' id='word_1_17' title='bbox 1420 212 1490 243; x_wconf 72' lang='lat' dir='ltr'><strong>vid.</strong></span> <span class='ocrx_word' id='word_1_18' title='bbox 1516 215 1630 248; x_wconf 82' lang='lat' dir='ltr'><strong>Ernesti</strong></span> <span class='ocrx_word' id='word_1_19' title='bbox 1652 218 1681 248; x_wconf 83' lang='lat' dir='ltr'><em>in</em></span> 
     </span>
     <span class='ocr_line' id='line_1_4' title="bbox 159 252 501 285; baseline 0.009 -3"><span class='ocrx_word' id='word_1_20' title='bbox 159 253 213 283; x_wconf 87' lang='lat' dir='ltr'><em>Cl.</em></span> <span class='ocrx_word' id='word_1_21' title='bbox 239 252 307 283; x_wconf 84' lang='lat' dir='ltr'><strong>Cic.</strong></span> <span class='ocrx_word' id='word_1_22' title='bbox 333 253 369 282; x_wconf 83' lang='lat' dir='ltr'><em>ad</em></span> <span class='ocrx_word' id='word_1_23' title='bbox 387 262 501 285; x_wconf 86' lang='lat' dir='ltr'><em>vocem.</em></span> 
     </span>
     <span class='ocr_line' id='line_1_5' title="bbox 201 303 1677 356; baseline 0.011 -24"><span class='ocrx_word' id='word_1_24' title='bbox 201 303 293 342; x_wconf 84' lang='lat' dir='ltr'><em>Jussa</em></span> <span class='ocrx_word' id='word_1_25' title='bbox 309 303 453 342; x_wconf 80' lang='lat' dir='ltr'><em>proferre.</em></span> <span class='ocrx_word' id='word_1_26' title='bbox 493 307 527 336; x_wconf 92' lang='lat' dir='ltr'><em>Id</em></span> <span class='ocrx_word' id='word_1_27' title='bbox 545 314 588 337; x_wconf 88' lang='lat' dir='ltr'><em>est</em></span> <span class='ocrx_word' id='word_1_28' title='bbox 598 308 766 346; x_wconf 78' lang='lat' dir='ltr'><em>publicare,</em></span> <span class='ocrx_word' id='word_1_29' title='bbox 781 309 845 339; x_wconf 85' lang='lat' dir='ltr'><em>scil.</em></span> <span class='ocrx_word' id='word_1_30' title='bbox 864 311 1033 342; x_wconf 86' lang='lat' dir='ltr'><em>remedium.</em></span> <span class='ocrx_word' id='word_1_31' title='bbox 1071 313 1138 343; x_wconf 86' lang='lat' dir='ltr'><strong>Cic.</strong></span> <span class='ocrx_word' id='word_1_32' title='bbox 1156 314 1248 344; x_wconf 90' lang='lat' dir='ltr'><strong>Acad.</strong></span> <span class='ocrx_word' id='word_1_33' title='bbox 1266 313 1333 346; x_wconf 93' lang='lat' dir='ltr'>Lib.</span> <span class='ocrx_word' id='word_1_34' title='bbox 1350 315 1403 345; x_wconf 90' lang='lat' dir='ltr'><em>1V.</em></span> <span class='ocrx_word' id='word_1_35' title='bbox 1430 325 1495 354; x_wconf 84' lang='lat' dir='ltr'><strong>cap.</strong></span> <span class='ocrx_word' id='word_1_36' title='bbox 1513 327 1538 349; x_wconf 89' lang='lat'><em>1.</em></span> <span class='ocrx_word' id='word_1_37' title='bbox 1572 340 1589 356; x_wconf 79' lang='lat'><em>‚‚</em></span> <span class='ocrx_word' id='word_1_38' title='bbox 1606 330 1654 348; x_wconf 82' lang='lat' dir='ltr'><em>ars</em></span> <span class='ocrx_word' id='word_1_39' title='bbox 1667 341 1677 356; x_wconf 94' lang='lat'><strong>,</strong></span> 
     </span>
    </p>
   </div>
   <div class='ocr_carea' id='block_1_4' title="bbox 165 358 1508 456">
    <p class='ocr_par' dir='ltr' id='par_1_4' title="bbox 165 358 1508 456">
     <span class='ocr_line' id='line_1_6' title="bbox 165 358 1508 404; baseline 0.01 -20"><span class='ocrx_word' id='word_1_40' title='bbox 165 374 185 392; x_wconf 82' lang='lat'><em>‚‚</em></span> <span class='ocrx_word' id='word_1_41' title='bbox 204 364 277 393; x_wconf 84' lang='lat' dir='ltr'><em>quae</em></span> <span class='ocrx_word' id='word_1_42' title='bbox 294 362 355 386; x_wconf 87' lang='lat' dir='ltr'><em>tum</em></span> <span class='ocrx_word' id='word_1_43' title='bbox 370 358 501 396; x_wconf 81' lang='lat' dir='ltr'><em>primum</em></span> <span class='ocrx_word' id='word_1_44' title='bbox 518 359 758 397; x_wconf 76' lang='lat' dir='ltr'><em>prcfierebatur.”</em></span> <span class='ocrx_word' id='word_1_45' title='bbox 799 361 921 392; x_wconf 81' lang='lat' dir='ltr'><em>Terent.</em></span> <span class='ocrx_word' id='word_1_46' title='bbox 945 363 1074 401; x_wconf 84' lang='lat' dir='ltr'><strong>Adelph.</strong></span> <span class='ocrx_word' id='word_1_47' title='bbox 1100 365 1172 395; x_wconf 88' lang='lat' dir='ltr'><strong>Act.</strong></span> <span class='ocrx_word' id='word_1_48' title='bbox 1191 368 1248 396; x_wconf 88' lang='lat'><em>111.</em></span> <span class='ocrx_word' id='word_1_49' title='bbox 1275 366 1325 396; x_wconf 78' lang='lat' dir='ltr'><em>Se.</em></span> <span class='ocrx_word' id='word_1_50' title='bbox 1341 376 1371 397; x_wconf 86' lang='lat'><em>2.</em></span> <span class='ocrx_word' id='word_1_51' title='bbox 1393 376 1438 398; x_wconf 89' lang='lat' dir='ltr'><em>vs.</em></span> <span class='ocrx_word' id='word_1_52' title='bbox 1458 377 1508 404; x_wconf 86' lang='lat'><em>41.</em></span> 
     </span>
     <span class='ocr_line' id='line_1_7' title="bbox 447 409 1330 456; baseline 0.011 -18"><span class='ocrx_word' id='word_1_53' title='bbox 447 409 537 439; x_wconf 79' lang='lat' dir='ltr'><em>Nune</em></span> <span class='ocrx_word' id='word_1_54' title='bbox 555 411 581 440; x_wconf 83' lang='lat' dir='ltr'><em>si</em></span> <span class='ocrx_word' id='word_1_55' title='bbox 598 411 650 440; x_wconf 83' lang='lat' dir='ltr'><em>hoc</em></span> <span class='ocrx_word' id='word_1_56' title='bbox 663 412 764 450; x_wconf 83' lang='lat' dir='ltr'><em>palam</em></span> <span class='ocrx_word' id='word_1_57' title='bbox 782 412 973 452; x_wconf 65' lang='lat' dir='ltr'><em>proferimus,</em></span> <span class='ocrx_word' id='word_1_58' title='bbox 990 417 1042 446; x_wconf 74' lang='lat' dir='ltr'><em>ille</em></span> <span class='ocrx_word' id='word_1_59' title='bbox 1059 417 1171 453; x_wconf 81' lang='lat' dir='ltr'><em>inficias</em></span> <span class='ocrx_word' id='word_1_60' title='bbox 1189 417 1263 456; x_wconf 75' lang='lat' dir='ltr'><em>ibit,</em></span> <span class='ocrx_word' id='word_1_61' title='bbox 1284 425 1330 448; x_wconf 82' lang='lat' dir='ltr'><em>sat</em></span> 
     </span>
    </p>
   </div>
   <div class='ocr_carea' id='block_1_5' title="bbox 271 485 306 497">
    <p class='ocr_par' dir='ltr' id='par_1_5' title="bbox 271 485 306 497">
     <span class='ocr_line' id='line_1_8' title="bbox 271 485 306 497; baseline 0 0"><span class='ocrx_word' id='word_1_62' title='bbox 271 485 306 497; x_wconf 45' lang='lat' dir='ltr'><em>⁵³-ss</em></span> 
     </span>
    </p>
   </div>
   <div class='ocr_carea' id='block_1_6' title="bbox 443 460 520 491">
    <p class='ocr_par' dir='ltr' id='par_1_6' title="bbox 443 460 520 491">
     <span class='ocr_line' id='line_1_9' title="bbox 443 460 520 491; baseline 0.026 -2"><span class='ocrx_word' id='word_1_63' title='bbox 443 460 520 491; x_wconf 77' lang='lat' dir='ltr'><em>Scio·</em></span> 
     </span>
    </p>
   </div>
   <div class='ocr_carea' id='block_1_7' title="bbox 855 572 987 583">
    <p class='ocr_par' dir='ltr' id='par_1_7' title="bbox 855 572 987 583">
     <span class='ocr_line' id='line_1_10' title="bbox 855 572 987 583; baseline 0 1928"><span class='ocrx_word' id='word_1_64' title='bbox 855 572 987 583; x_wconf 95' lang='lat' dir='ltr'><em> </em></span> 
     </span>
    </p>
   </div>
   <div class='ocr_carea' id='block_1_8' title="bbox 545 642 1279 680">
    <p class='ocr_par' dir='ltr' id='par_1_8' title="bbox 545 642 1279 680">
     <span class='ocr_line' id='line_1_11' title="bbox 545 642 1279 680; baseline 0.012 -9"><span class='ocrx_word' id='word_1_65' title='bbox 545 642 805 675; x_wconf 89' lang='lat' dir='ltr'>FABULA</span> <span class='ocrx_word' id='word_1_66' title='bbox 863 646 1279 680; x_wconf 88' lang='lat' dir='ltr'><strong>CENTESIMA.</strong></span> 
     </span>
    </p>
   </div>
   <div class='ocr_carea' id='block_1_9' title="bbox 638 739 1188 765">
    <p class='ocr_par' dir='ltr' id='par_1_9' title="bbox 638 739 1188 765">
     <span class='ocr_line' id='line_1_12' title="bbox 638 739 1188 765; baseline 0.015 -8"><span class='ocrx_word' id='word_1_67' title='bbox 638 739 772 765; x_wconf 78' lang='lat' dir='ltr'>PATER,</span> <span class='ocrx_word' id='word_1_68' title='bbox 808 740 939 762; x_wconf 74' lang='lat' dir='ltr'>FILIUS</span> <span class='ocrx_word' id='word_1_69' title='bbox 975 743 1016 764; x_wconf 78' lang='lat' dir='ltr'><em>ET</em></span> <span class='ocrx_word' id='word_1_70' title='bbox 1048 743 1188 765; x_wconf 71' lang='lat' dir='ltr'><strong>ASINUS.</strong></span> 
     </span>
    </p>
   </div>
   <div class='ocr_carea' id='block_1_10' title="bbox 426 811 1198 1412">
    <p class='ocr_par' dir='ltr' id='par_1_10' title="bbox 435 811 1198 1057">
     <span class='ocr_line' id='line_1_13' title="bbox 439 811 1066 854; baseline 0.014 -14"><span class='ocrx_word' id='word_1_71' title='bbox 439 811 532 841; x_wconf 80' lang='lat' dir='ltr'><em>Pater</em></span> <span class='ocrx_word' id='word_1_72' title='bbox 550 821 653 850; x_wconf 81' lang='lat' dir='ltr'><em>senex,</em></span> <span class='ocrx_word' id='word_1_73' title='bbox 673 822 702 844; x_wconf 86' lang='lat' dir='ltr'><em>et</em></span> <span class='ocrx_word' id='word_1_74' title='bbox 717 824 826 854; x_wconf 82' lang='lat' dir='ltr'><em>gnatus</em></span> <span class='ocrx_word' id='word_1_75' title='bbox 845 818 1066 849; x_wconf 81' lang='lat' dir='ltr'><em>adolescentulus</em></span> 
     </span>
     <span class='ocr_line' id='line_1_14' title="bbox 435 862 1198 907; baseline 0.016 -17"><span class='ocrx_word' id='word_1_76' title='bbox 435 862 570 892; x_wconf 86' lang='lat' dir='ltr'><em>Venalem</em></span> <span class='ocrx_word' id='word_1_77' title='bbox 592 866 709 896; x_wconf 83' lang='lat' dir='ltr'><em>asellum</em></span> <span class='ocrx_word' id='word_1_78' title='bbox 728 868 771 897; x_wconf 86' lang='lat' dir='ltr'><em>ad</em></span> <span class='ocrx_word' id='word_1_79' title='bbox 781 871 936 907; x_wconf 73' lang='lat' dir='ltr'><em>proximae</em></span> <span class='ocrx_word' id='word_1_80' title='bbox 952 870 1029 900; x_wconf 82' lang='lat' dir='ltr'><em>urbis</em></span> <span class='ocrx_word' id='word_1_81' title='bbox 1052 871 1198 902; x_wconf 79' lang='lat' dir='ltr'><em>nundinas</em></span> 
     </span>
     <span class='ocr_line' id='line_1_15' title="bbox 437 913 1140 957; baseline 0.016 -15"><span class='ocrx_word' id='word_1_82' title='bbox 437 913 534 943; x_wconf 85' lang='lat' dir='ltr'><em>Nulla</em></span> <span class='ocrx_word' id='word_1_83' title='bbox 551 923 709 953; x_wconf 69' lang='lat' dir='ltr'><em>gravatum</em></span> <span class='ocrx_word' id='word_1_84' title='bbox 723 926 800 956; x_wconf 80' lang='lat' dir='ltr'><em>prae</em></span> <span class='ocrx_word' id='word_1_85' title='bbox 819 931 847 947; x_wconf 82' lang='lat' dir='ltr'><em>se</em></span> <span class='ocrx_word' id='word_1_86' title='bbox 867 921 989 957; x_wconf 79' lang='lat' dir='ltr'><em>agebant</em></span> <span class='ocrx_word' id='word_1_87' title='bbox 1009 925 1140 953; x_wconf 78' lang='lat' dir='ltr'><em>sarcina.</em></span> 
     </span>
     <span class='ocr_line' id='line_1_16' title="bbox 435 963 1059 1007; baseline 0.013 -15"><span class='ocrx_word' id='word_1_88' title='bbox 435 963 496 993; x_wconf 88' lang='lat' dir='ltr'><em>Hos</em></span> <span class='ocrx_word' id='word_1_89' title='bbox 514 966 626 995; x_wconf 84' lang='lat' dir='ltr'><em>intuens</em></span> <span class='ocrx_word' id='word_1_90' title='bbox 637 988 649 1004; x_wconf 90' lang='lat'><strong>,</strong></span> <span class='ocrx_word' id='word_1_91' title='bbox 670 970 723 1005; x_wconf 83' lang='lat' dir='ltr'><em>qui</em></span> <span class='ocrx_word' id='word_1_92' title='bbox 731 968 814 1005; x_wconf 79' lang='lat' dir='ltr'><em>forte</em></span> <span class='ocrx_word' id='word_1_93' title='bbox 830 971 963 1007; x_wconf 81' lang='lat' dir='ltr'><em>proxime</em></span> <span class='ocrx_word' id='word_1_94' title='bbox 981 974 1059 1001; x_wconf 70' lang='lat' dir='ltr'><em>viam</em></span> 
     </span>
     <span class='ocr_line' id='line_1_17' title="bbox 436 1014 1001 1057; baseline 0.012 -15"><span class='ocrx_word' id='word_1_95' title='bbox 436 1014 557 1045; x_wconf 79' lang='lat' dir='ltr'><em>Arabat</em></span> <span class='ocrx_word' id='word_1_96' title='bbox 568 1037 579 1052; x_wconf 88' lang='lat'>,</span> <span class='ocrx_word' id='word_1_97' title='bbox 599 1018 727 1048; x_wconf 83' lang='lat' dir='ltr'><em>irridere</em></span> <span class='ocrx_word' id='word_1_98' title='bbox 745 1021 834 1057; x_wconf 82' lang='lat' dir='ltr'><em>coepit</em></span> <span class='ocrx_word' id='word_1_99' title='bbox 854 1021 979 1049; x_wconf 75' lang='lat' dir='ltr'><em>rusticus</em></span> <span class='ocrx_word' id='word_1_100' title='bbox 986 1029 1001 1049; x_wconf 83' lang='lat'><em>.·</em></span> 
     </span>
    </p>

    <p class='ocr_par' dir='ltr' id='par_1_11' title="bbox 428 1065 1122 1354">
     <span class='ocr_line' id='line_1_18' title="bbox 433 1065 1122 1109; baseline 0.01 -15"><span class='ocrx_word' id='word_1_101' title='bbox 433 1065 533 1103; x_wconf 67' lang='lat' dir='ltr'><em>Quod,</em></span> <span class='ocrx_word' id='word_1_102' title='bbox 554 1074 587 1096; x_wconf 85' lang='lat' dir='ltr'><em>ut</em></span> <span class='ocrx_word' id='word_1_103' title='bbox 607 1071 719 1099; x_wconf 86' lang='lat' dir='ltr'><em>tenellos</em></span> <span class='ocrx_word' id='word_1_104' title='bbox 734 1071 894 1109; x_wconf 76' lang='lat' dir='ltr'><em>paedagogi</em></span> <span class='ocrx_word' id='word_1_105' title='bbox 913 1071 994 1100; x_wconf 82' lang='lat' dir='ltr'><em>heros</em></span> <span class='ocrx_word' id='word_1_106' title='bbox 1012 1071 1122 1108; x_wconf 80' lang='lat' dir='ltr'><em>solent,</em></span> 
     </span>
     <span class='ocr_line' id='line_1_19' title="bbox 431 1115 1031 1159; baseline 0.012 -15"><span class='ocrx_word' id='word_1_107' title='bbox 431 1115 482 1145; x_wconf 88' lang='lat' dir='ltr'><em>lta</em></span> <span class='ocrx_word' id='word_1_108' title='bbox 500 1118 556 1156; x_wconf 80' lang='lat' dir='ltr'><em>ipsi</em></span> <span class='ocrx_word' id='word_1_109' title='bbox 573 1121 694 1150; x_wconf 84' lang='lat' dir='ltr'><em>asellum</em></span> <span class='ocrx_word' id='word_1_110' title='bbox 709 1121 856 1159; x_wconf 85' lang='lat' dir='ltr'><em>feriatum</em></span> <span class='ocrx_word' id='word_1_111' title='bbox 876 1121 1031 1158; x_wconf 75' lang='lat' dir='ltr'><em>ducerent,</em></span> 
     </span>
     <span class='ocr_line' id='line_1_20' title="bbox 433 1165 1114 1211; baseline 0.018 -20"><span class='ocrx_word' id='word_1_112' title='bbox 433 1165 524 1193; x_wconf 80' lang='lat' dir='ltr'><em>Alter</em></span> <span class='ocrx_word' id='word_1_113' title='bbox 542 1168 626 1196; x_wconf 72' lang='lat' dir='ltr'><em>senex</em></span> <span class='ocrx_word' id='word_1_114' title='bbox 639 1172 751 1208; x_wconf 82' lang='lat' dir='ltr'><em>plane,</em></span> <span class='ocrx_word' id='word_1_115' title='bbox 771 1173 850 1202; x_wconf 82' lang='lat' dir='ltr'><em>alter</em></span> <span class='ocrx_word' id='word_1_116' title='bbox 870 1172 1114 1211; x_wconf 78' lang='lat' dir='ltr'><em>adolescentulus,</em></span> 
     </span>
     <span class='ocr_line' id='line_1_21' title="bbox 433 1215 1102 1263; baseline 0.015 -19"><span class='ocrx_word' id='word_1_117' title='bbox 433 1215 541 1246; x_wconf 87' lang='lat' dir='ltr'><em>Aetate</em></span> <span class='ocrx_word' id='word_1_118' title='bbox 559 1225 697 1257; x_wconf 79' lang='lat' dir='ltr'><em>uterque,</em></span> <span class='ocrx_word' id='word_1_119' title='bbox 717 1224 765 1250; x_wconf 78' lang='lat' dir='ltr'><em>cui</em></span> <span class='ocrx_word' id='word_1_120' title='bbox 784 1224 908 1253; x_wconf 73' lang='lat' dir='ltr'><em>vehiculo</em></span> <span class='ocrx_word' id='word_1_121' title='bbox 928 1231 996 1263; x_wconf 81' lang='lat' dir='ltr'><em>opus</em></span> <span class='ocrx_word' id='word_1_122' title='bbox 1008 1223 1102 1261; x_wconf 79' lang='lat' dir='ltr'><em>foret·</em></span> 
     </span>
     <span class='ocr_line' id='line_1_22' title="bbox 430 1265 1082 1309; baseline 0.011 -15"><span class='ocrx_word' id='word_1_123' title='bbox 430 1265 512 1296; x_wconf 80' lang='lat' dir='ltr'><em>Haec</em></span> <span class='ocrx_word' id='word_1_124' title='bbox 527 1270 677 1306; x_wconf 79' lang='lat' dir='ltr'><em>perpulere</em></span> <span class='ocrx_word' id='word_1_125' title='bbox 696 1271 845 1298; x_wconf 75' lang='lat' dir='ltr'><em>obnoxium</em></span> <span class='ocrx_word' id='word_1_126' title='bbox 865 1274 946 1299; x_wconf 53' lang='lat' dir='ltr'><em>dati.»</em></span> <span class='ocrx_word' id='word_1_127' title='bbox 965 1282 1082 1309; x_wconf 73' lang='lat' dir='ltr'><em>patrem</em></span> 
     </span>
     <span class='ocr_line' id='line_1_23' title="bbox 428 1315 931 1354; baseline 0.012 -9"><span class='ocrx_word' id='word_1_128' title='bbox 428 1315 484 1345; x_wconf 75' lang='lat' dir='ltr'><em>Uti</em></span> <span class='ocrx_word' id='word_1_129' title='bbox 494 1317 610 1354; x_wconf 82' lang='lat' dir='ltr'><em>juberet</em></span> <span class='ocrx_word' id='word_1_130' title='bbox 624 1317 719 1354; x_wconf 83' lang='lat' dir='ltr'><em>filium</em></span> <span class='ocrx_word' id='word_1_131' title='bbox 739 1321 931 1354; x_wconf 78' lang='lat' dir='ltr'><em>conscendere.</em></span> 
     </span>
    </p>

    <p class='ocr_par' dir='ltr' id='par_1_12' title="bbox 426 1367 1013 1412">
     <span class='ocr_line' id='line_1_24' title="bbox 426 1367 1013 1412; baseline 0.014 -16"><span class='ocrx_word' id='word_1_132' title='bbox 426 1367 504 1397; x_wconf 86' lang='lat' dir='ltr'><em>Ecce</em></span> <span class='ocrx_word' id='word_1_133' title='bbox 521 1370 597 1399; x_wconf 80' lang='lat' dir='ltr'><em>alius</em></span> <span class='ocrx_word' id='word_1_134' title='bbox 615 1370 675 1399; x_wconf 86' lang='lat' dir='ltr'><em>illis</em></span> <span class='ocrx_word' id='word_1_135' title='bbox 694 1371 787 1401; x_wconf 69' lang='lat' dir='ltr'><em>obvius</em></span> <span class='ocrx_word' id='word_1_136' title='bbox 809 1374 1013 1412; x_wconf 83' lang='lat' dir='ltr'><em>reprehendere</em></span> 
     </span>
    </p>
   </div>
   <div class='ocr_carea' id='block_1_11' title="bbox 414 1418 1136 1466">
    <p class='ocr_par' dir='ltr' id='par_1_13' title="bbox 414 1418 1136 1466">
     <span class='ocr_line' id='line_1_25' title="bbox 414 1418 1136 1466; baseline 0.011 -18"><span class='ocrx_word' id='word_1_137' title='bbox 414 1418 526 1448; x_wconf 63' lang='lat' dir='ltr'><em>Senem</em></span> <span class='ocrx_word' id='word_1_138' title='bbox 544 1421 673 1458; x_wconf 77' lang='lat' dir='ltr'><em>institit,</em></span> <span class='ocrx_word' id='word_1_139' title='bbox 694 1423 771 1461; x_wconf 82' lang='lat' dir='ltr'><em>quod</em></span> <span class='ocrx_word' id='word_1_140' title='bbox 786 1424 931 1463; x_wconf 85' lang='lat' dir='ltr'><em>obsequens</em></span> <span class='ocrx_word' id='word_1_141' title='bbox 950 1427 1034 1455; x_wconf 82' lang='lat' dir='ltr'><em>nimis</em></span> <span class='ocrx_word' id='word_1_142' title='bbox 1047 1433 1136 1466; x_wconf 82' lang='lat' dir='ltr'><em>pater</em></span> 
     </span>
    </p>
   </div>
   <div class='ocr_carea' id='block_1_12' title="bbox 417 1469 1177 2028">
    <p class='ocr_par' dir='ltr' id='par_1_14' title="bbox 417 1469 1175 1717">
     <span class='ocr_line' id='line_1_26' title="bbox 418 1469 1175 1515; baseline 0.012 -16"><span class='ocrx_word' id='word_1_143' title='bbox 418 1469 585 1509; x_wconf 75' lang='lat' dir='ltr'><em>Juvenem,</em></span> <span class='ocrx_word' id='word_1_144' title='bbox 604 1479 691 1511; x_wconf 80' lang='lat' dir='ltr'><em>atque</em></span> <span class='ocrx_word' id='word_1_145' title='bbox 709 1475 840 1505; x_wconf 74' lang='lat' dir='ltr'><em>validum</em></span> <span class='ocrx_word' id='word_1_146' title='bbox 856 1475 951 1512; x_wconf 79' lang='lat' dir='ltr'><em>filium</em></span> <span class='ocrx_word' id='word_1_147' title='bbox 970 1479 1075 1507; x_wconf 80' lang='lat' dir='ltr'><em>sineret</em></span> <span class='ocrx_word' id='word_1_148' title='bbox 1093 1478 1175 1515; x_wconf 75' lang='lat' dir='ltr'><em>vehi,</em></span> 
     </span>
     <span class='ocr_line' id='line_1_27' title="bbox 421 1521 1084 1564; baseline 0.012 -14"><span class='ocrx_word' id='word_1_149' title='bbox 421 1521 486 1551; x_wconf 82' lang='lat' dir='ltr'><em>Iter</em></span> <span class='ocrx_word' id='word_1_150' title='bbox 501 1523 559 1562; x_wconf 82' lang='lat' dir='ltr'><em>ipse</em></span> <span class='ocrx_word' id='word_1_151' title='bbox 574 1523 692 1562; x_wconf 84' lang='lat' dir='ltr'><em>pedibus</em></span> <span class='ocrx_word' id='word_1_152' title='bbox 705 1526 822 1562; x_wconf 72' lang='lat' dir='ltr'><em>faceret</em></span> <span class='ocrx_word' id='word_1_153' title='bbox 841 1527 974 1564; x_wconf 78' lang='lat' dir='ltr'><em>infirmus</em></span> <span class='ocrx_word' id='word_1_154' title='bbox 992 1537 1084 1560; x_wconf 76' lang='lat' dir='ltr'><em>senex.</em></span> 
     </span>
     <span class='ocr_line' id='line_1_28' title="bbox 422 1572 1034 1617; baseline 0.013 -16"><span class='ocrx_word' id='word_1_155' title='bbox 422 1572 506 1602; x_wconf 83' lang='lat' dir='ltr'><em>Haec</em></span> <span class='ocrx_word' id='word_1_156' title='bbox 524 1582 593 1604; x_wconf 67' lang='lat' dir='ltr'><em>vera</em></span> <span class='ocrx_word' id='word_1_157' title='bbox 612 1577 674 1605; x_wconf 73' lang='lat' dir='ltr'><em>visa</em></span> <span class='ocrx_word' id='word_1_158' title='bbox 686 1597 696 1612; x_wconf 94' lang='lat'>‚</span> <span class='ocrx_word' id='word_1_159' title='bbox 716 1578 763 1606; x_wconf 82' lang='lat' dir='ltr'><em>hic</em></span> <span class='ocrx_word' id='word_1_160' title='bbox 775 1577 837 1613; x_wconf 85' lang='lat' dir='ltr'><em>filio</em></span> <span class='ocrx_word' id='word_1_161' title='bbox 849 1579 929 1615; x_wconf 69' lang='lat' dir='ltr'><em>jusso</em></span> <span class='ocrx_word' id='word_1_162' title='bbox 942 1585 1034 1617; x_wconf 83' lang='lat' dir='ltr'><em>pater</em></span> 
     </span>
     <span class='ocr_line' id='line_1_29' title="bbox 420 1624 1159 1668; baseline 0.008 -14"><span class='ocrx_word' id='word_1_163' title='bbox 420 1624 617 1663; x_wconf 78' lang='lat' dir='ltr'><em>Descendere,</em></span> <span class='ocrx_word' id='word_1_164' title='bbox 637 1629 697 1666; x_wconf 87' lang='lat' dir='ltr'><em>ipse</em></span> <span class='ocrx_word' id='word_1_165' title='bbox 713 1628 817 1658; x_wconf 80' lang='lat' dir='ltr'><em>insedit</em></span> <span class='ocrx_word' id='word_1_166' title='bbox 837 1639 923 1668; x_wconf 83' lang='lat' dir='ltr'><em>usque</em></span> <span class='ocrx_word' id='word_1_167' title='bbox 941 1630 983 1659; x_wconf 86' lang='lat' dir='ltr'><em>ad</em></span> <span class='ocrx_word' id='word_1_168' title='bbox 1000 1631 1159 1660; x_wconf 74' lang='lat' dir='ltr'><em>transitum</em></span> 
     </span>
     <span class='ocr_line' id='line_1_30' title="bbox 417 1674 1004 1717; baseline 0.01 -12"><span class='ocrx_word' id='word_1_169' title='bbox 417 1674 490 1705; x_wconf 69' lang='lat' dir='ltr'><em>Vici</em></span> <span class='ocrx_word' id='word_1_170' title='bbox 505 1677 547 1707; x_wconf 84' lang='lat' dir='ltr'><em>ad</em></span> <span class='ocrx_word' id='word_1_171' title='bbox 563 1679 640 1707; x_wconf 74' lang='lat' dir='ltr'><em>viam</em></span> <span class='ocrx_word' id='word_1_172' title='bbox 652 1679 799 1717; x_wconf 77' lang='lat' dir='ltr'><em>jacentis,·</em></span> <span class='ocrx_word' id='word_1_173' title='bbox 818 1680 877 1717; x_wconf 83' lang='lat' dir='ltr'><em>ejas</em></span> <span class='ocrx_word' id='word_1_174' title='bbox 895 1682 1004 1711; x_wconf 82' lang='lat' dir='ltr'><em>incolae</em></span> 
     </span>
    </p>

    <p class='ocr_par' dir='ltr' id='par_1_15' title="bbox 417 1727 1177 1871">
     <span class='ocr_line' id='line_1_31' title="bbox 420 1727 1088 1770; baseline 0.007 -14"><span class='ocrx_word' id='word_1_175' title='bbox 420 1727 536 1757; x_wconf 82' lang='lat' dir='ltr'><em>Notare</em></span> <span class='ocrx_word' id='word_1_176' title='bbox 549 1735 605 1767; x_wconf 86' lang='lat' dir='ltr'><em>pro</em></span> <span class='ocrx_word' id='word_1_177' title='bbox 624 1738 652 1758; x_wconf 88' lang='lat' dir='ltr'><em>se</em></span> <span class='ocrx_word' id='word_1_178' title='bbox 671 1732 787 1770; x_wconf 80' lang='lat' dir='ltr'><em>quisque</em></span> <span class='ocrx_word' id='word_1_179' title='bbox 806 1739 958 1769; x_wconf 82' lang='lat' dir='ltr'><em>coeperunt</em></span> <span class='ocrx_word' id='word_1_180' title='bbox 977 1740 1088 1768; x_wconf 85' lang='lat' dir='ltr'><em>senem,</em></span> 
     </span>
     <span class='ocr_line' id='line_1_32' title="bbox 423 1778 1177 1822; baseline 0.007 -14"><span class='ocrx_word' id='word_1_181' title='bbox 423 1778 507 1816; x_wconf 66' lang='lat' dir='ltr'><em>Quod</em></span> <span class='ocrx_word' id='word_1_182' title='bbox 522 1779 616 1810; x_wconf 80' lang='lat' dir='ltr'><em>adhuc</em></span> <span class='ocrx_word' id='word_1_183' title='bbox 633 1782 742 1812; x_wconf 70' lang='lat' dir='ltr'><em>virenti</em></span> <span class='ocrx_word' id='word_1_184' title='bbox 760 1790 856 1812; x_wconf 78' lang='lat' dir='ltr'><em>aetate</em></span> <span class='ocrx_word' id='word_1_185' title='bbox 875 1785 925 1813; x_wconf 75' lang='lat' dir='ltr'><em>vir</em></span> <span class='ocrx_word' id='word_1_186' title='bbox 944 1784 1062 1820; x_wconf 84' lang='lat' dir='ltr'><em>alacer,</em></span> <span class='ocrx_word' id='word_1_187' title='bbox 1082 1784 1177 1822; x_wconf 72' lang='lat' dir='ltr'><em>vigens</em></span> 
     </span>
     <span class='ocr_line' id='line_1_33' title="bbox 417 1830 1048 1871; baseline 0.005 -10"><span class='ocrx_word' id='word_1_188' title='bbox 417 1830 453 1861; x_wconf 83' lang='lat' dir='ltr'><em>V</em></span> <span class='ocrx_word' id='word_1_189' title='bbox 448 1831 581 1860; x_wconf 82' lang='lat' dir='ltr'><em>eheretur</em></span> <span class='ocrx_word' id='word_1_190' title='bbox 597 1834 657 1871; x_wconf 78' lang='lat' dir='ltr'><em>ipse</em></span> <span class='ocrx_word' id='word_1_191' title='bbox 667 1843 680 1870; x_wconf 81' lang='grc'><em>,-</em></span> <span class='ocrx_word' id='word_1_192' title='bbox 699 1840 733 1862; x_wconf 83' lang='lat' dir='ltr'><em>at</em></span> <span class='ocrx_word' id='word_1_193' title='bbox 747 1834 843 1869; x_wconf 80' lang='lat' dir='ltr'><em>filium</em></span> <span class='ocrx_word' id='word_1_194' title='bbox 862 1835 1026 1864; x_wconf 81' lang='lat' dir='ltr'><em>tenellulum</em></span> <span class='ocrx_word' id='word_1_195' title='bbox 1036 1855 1048 1871; x_wconf 88' lang='lat'><strong>,</strong></span> 
     </span>
    </p>

    <p class='ocr_par' dir='ltr' id='par_1_16' title="bbox 418 1885 1117 2028">
     <span class='ocr_line' id='line_1_34' title="bbox 420 1885 1117 1925; baseline 0.001 -11"><span class='ocrx_word' id='word_1_196' title='bbox 420 1885 482 1914; x_wconf 74' lang='lat' dir='ltr'><em>Per</em></span> <span class='ocrx_word' id='word_1_197' title='bbox 501 1891 616 1914; x_wconf 83' lang='lat' dir='ltr'><em>tantum</em></span> <span class='ocrx_word' id='word_1_198' title='bbox 635 1887 749 1915; x_wconf 83' lang='lat' dir='ltr'><em>itineris</em></span> <span class='ocrx_word' id='word_1_199' title='bbox 768 1893 877 1925; x_wconf 78' lang='lat' dir='ltr'><em>cogeret</em></span> <span class='ocrx_word' id='word_1_200' title='bbox 891 1885 1008 1925; x_wconf 86' lang='lat' dir='ltr'><em>pedibus</em></span> <span class='ocrx_word' id='word_1_201' title='bbox 1026 1887 1117 1924; x_wconf 80' lang='lat' dir='ltr'><em>sequi.</em></span> 
     </span>
     <span class='ocr_line' id='line_1_35' title="bbox 421 1936 1055 1969; baseline 0.006 -4"><span class='ocrx_word' id='word_1_202' title='bbox 421 1936 507 1966; x_wconf 78' lang='lat' dir='ltr'><em>Hanc</em></span> <span class='ocrx_word' id='word_1_203' title='bbox 524 1937 574 1965; x_wconf 81' lang='lat' dir='ltr'><em>ille</em></span> <span class='ocrx_word' id='word_1_204' title='bbox 592 1943 706 1966; x_wconf 85' lang='lat' dir='ltr'><em>tantam</em></span> <span class='ocrx_word' id='word_1_205' title='bbox 726 1941 865 1968; x_wconf 79' lang='lat' dir='ltr'><em>sustinere</em></span> <span class='ocrx_word' id='word_1_206' title='bbox 884 1949 938 1968; x_wconf 86' lang='lat' dir='ltr'><em>non</em></span> <span class='ocrx_word' id='word_1_207' title='bbox 957 1940 1055 1969; x_wconf 70' lang='lat' dir='ltr'><em>valens</em></span> 
     </span>
     <span class='ocr_line' id='line_1_36' title="bbox 418 1986 1068 2028; baseline 0.006 -12"><span class='ocrx_word' id='word_1_208' title='bbox 418 1986 565 2017; x_wconf 71' lang='lat' dir='ltr'><em>Invidiam</em></span> <span class='ocrx_word' id='word_1_209' title='bbox 577 2007 587 2022; x_wconf 90' lang='lat'><strong>,</strong></span> <span class='ocrx_word' id='word_1_210' title='bbox 607 1989 689 2017; x_wconf 82' lang='lat' dir='ltr'><em>aselli</em></span> <span class='ocrx_word' id='word_1_211' title='bbox 706 1990 835 2018; x_wconf 84' lang='lat' dir='ltr'><em>clunibus</em></span> <span class='ocrx_word' id='word_1_212' title='bbox 849 1996 972 2028; x_wconf 79' lang='lat' dir='ltr'><em>gnatum</em></span> <span class='ocrx_word' id='word_1_213' title='bbox 983 1990 1068 2028; x_wconf 81' lang='lat' dir='ltr'><em>jubet</em></span> 
     </span>
    </p>
   </div>
   <div class='ocr_carea' id='block_1_13' title="bbox 420 2036 1156 2122">
    <p class='ocr_par' dir='ltr' id='par_1_17' title="bbox 420 2036 1156 2122">
     <span class='ocr_line' id='line_1_37' title="bbox 420 2036 1156 2081; baseline 0.008 -14"><span class='ocrx_word' id='word_1_214' title='bbox 420 2036 491 2067; x_wconf 66' lang='lat' dir='ltr'><em>Post</em></span> <span class='ocrx_word' id='word_1_215' title='bbox 508 2046 538 2068; x_wconf 74' lang='lat' dir='ltr'><em>se</em></span> <span class='ocrx_word' id='word_1_216' title='bbox 556 2039 690 2076; x_wconf 62' lang='lat' dir='ltr'><em>wsilire,</em></span> <span class='ocrx_word' id='word_1_217' title='bbox 712 2045 799 2078; x_wconf 82' lang='lat' dir='ltr'><em>atque</em></span> <span class='ocrx_word' id='word_1_218' title='bbox 819 2050 901 2071; x_wconf 83' lang='lat' dir='ltr'><em>onere</em></span> <span class='ocrx_word' id='word_1_219' title='bbox 918 2041 1063 2081; x_wconf 83' lang='lat' dir='ltr'><em>duplicato</em></span> <span class='ocrx_word' id='word_1_220' title='bbox 1081 2042 1156 2073; x_wconf 70' lang='lat' dir='ltr'><em>vehi.</em></span> 
     </span>
     <span class='ocr_line' id='line_1_38' title="bbox 938 2092 962 2122; baseline 0 0"><span class='ocrx_word' id='word_1_221' title='bbox 938 2092 962 2122; x_wconf 86' lang='lat' dir='ltr'>P</span> 
     </span>
    </p>
   </div>
   <div class='ocr_carea' id='block_1_14' title="bbox 1597 2093 1641 2122">
    <p class='ocr_par' dir='ltr' id='par_1_18' title="bbox 1597 2093 1641 2122">
     <span class='ocr_line' id='line_1_39' title="bbox 1597 2093 1641 2122; baseline 0 -1"><span class='ocrx_word' id='word_1_222' title='bbox 1597 2093 1641 2122; x_wconf 54' lang='lat' dir='ltr'><em>lla*</em></span> 
     </span>
    </p>
   </div>
  </div>
 </body>
</html>
