1919 2511
304 152 343 175 12
697 144 745 176 M.
810 146 841 176 J.
908 144 1366 187 MACQUELYN

303 231 412 262 Marte
438 236 648 272 construere,
678 236 771 264 etex
795 231 895 263 meris
921 229 1150 274 opinionibus,
1181 242 1323 276 quarum
1348 238 1537 266 commenta
1560 233 1644 266 delet
1670 234 1763 276 dies,-

302 286 449 317 Naturae
469 287 597 329 regulas
622 297 764 329 ponere,
789 292 821 319 et
842 287 926 330 leges
942 287 1005 329 ipsi
1029 286 1109 319 dare
1127 298 1196 320 non
1219 289 1340 322 veritos
1363 289 1485 322 fuisse:
1510 289 1569 322 sed
1584 289 1766 323 damnosos

302 339 424 373 horum
446 343 599 374 omnium
625 352 752 374 errores
773 343 914 376 Divinae
935 342 1024 374 Artis
1045 343 1192 375 Historia
1215 344 1385 387 patefecit,
1409 345 1531 378 damna
1559 345 1600 377 ab
1625 345 1677 378 his
1691 347 1764 378 Arti

303 396 492 429 salutiferae
509 397 595 430 facta
611 399 798 438 resarcivit,
822 403 855 430 et
871 400 1018 430 Naturae
1032 397 1152 439 judicia
1171 400 1360 443 triumphali
1375 403 1498 444 pompa
1515 401 1732 434 confirmavit.

344 453 408 484 Sed
431 459 600 495 praeterea
617 464 684 486 non
710 453 782 486 sine
799 455 959 486 moeroris
979 463 1079 486 sensu
1100 453 1344 489 observandum
1358 481 1369 498 ,
1392 458 1618 500 posteritatem
1639 468 1765 501 paren-

302 513 374 540 tum
395 508 543 541 cladibus
560 520 657 552 saepe
682 521 750 543 non
773 509 925 543 edoctam
943 510 1064 551 Fuisse,
1086 521 1156 544 non
1176 512 1314 544 meliora
1335 513 1504 555 sapuisse,
1534 523 1596 546 nec
1618 513 1675 547 hic
1699 514 1765 547 illic

301 564 492 597 adhucdum
510 566 628 598 melius
644 576 771 609 sapere.

345 624 412 653 Ista
435 622 522 654 enim
549 623 723 664 posteritas
745 622 788 655 ad
813 625 960 657 Naturae
982 635 1098 658 vocem
1116 624 1150 656 in
1170 623 1405 665 observandis,
1429 624 1655 668 explicandis,
1677 625 1761 659 diri-

301 676 431 720 gendis,
465 676 677 719 adjuvandiS,
708 679 758 712 vel
780 680 969 712 coercendis
995 682 1115 715 virium
1139 680 1288 713 vitalium
1302 680 1467 722 motibus,
1491 687 1522 713 et
1538 681 1765 714 moliminibus

299 735 336 766 in
362 739 450 766 statu
476 732 634 766 morboso
659 734 780 776 surda,
814 735 858 767 ad
879 736 1014 768 lectulos
1044 737 1284 779 aegrotantium
1318 737 1546 769 autonomiam
1576 747 1652 770 culn
1676 737 1766 770 fastu

300 789 446 832 quodam
480 788 543 821 sibi
577 791 717 831 creavit,
754 796 786 824 et
818 792 1034 824 modestiores
1063 792 1154 823 Artis
1188 792 1364 834 Magistros
1381 816 1390 833 ‚
1422 792 1584 825 inferioris
1621 792 1766 825 subsellii

299 855 402 889 genus
418 845 579 888 vituperio
595 845 713 878 habuit
724 871 733 888 ,
758 851 790 879 et
812 847 900 891 quod
917 848 1098 880 Doctrinae
1121 851 1152 879 et
1169 847 1401 889 Experientiae
1422 848 1574 880 rationali
1595 849 1669 881 istis
1684 849 1767 882 de'e'-

298 907 368 942 rat,
392 902 642 934 nomenclatura
660 903 897 946 sesquipedali,
919 903 1020 936 medii
1038 904 1110 937 aevi
1127 902 1318 936 barbariem
1331 902 1511 944 redolenti,
1533 904 1592 937 sed
1614 907 1648 937 τὸ
1672 905 1765 942 θεῖον,

299 955 446 990 divinam
466 958 501 989 in
516 957 640 990 morbis
659 964 816 991 naturam
833 970 901 992 non
915 971 955 992 eo
975 959 1092 991 melius
1117 959 1366 1001 interpretanti,
1390 969 1605 1002 compensare
1627 960 1768 994 studuit.v

344 1016 484 1046 Crassos
508 1019 610 1047 testor
640 1016 789 1049 BroWnii
815 1022 1016 1057 sectatores,
1048 1025 1192 1058 quorum
1218 1014 1395 1057 imperium
1419 1020 1495 1047 ante
1514 1016 1636 1059 aliquot
1660 1016 1766 1050 lustra

300 1068 415 1102 orbem
438 1068 606 1102 medicum
632 1070 809 1114 subjugum
839 1072 968 1103 mittere
996 1070 1194 1110 videbatur,
1215 1069 1274 1101 sed
1302 1070 1359 1112 qui
1385 1080 1425 1102 ex
1441 1071 1512 1113 ipso
1528 1070 1591 1103 hoc
1612 1078 1766 1115 suggestu

300 1137 320 1158 a
331 1126 529 1159 Venerando
548 1128 764 1169 Praeceptore
781 1137 856 1159 meo
868 1125 1040 1159 Paradisio
1059 1126 1180 1169 egregie
1199 1124 1398 1168 vapularunt
1412 1123 1482 1169 (*).
1504 1128 1625 1160 Testor
1637 1130 1767 1161 Brous-

299 1182 382 1215 savii
399 1188 497 1215 antea
521 1183 696 1215 memorati
717 1182 923 1224 doctrinam,
945 1183 981 1215 in
997 1187 1128 1215 tantum
1149 1192 1218 1214 non
1233 1179 1390 1213 omnihus
1410 1181 1577 1222 febribus,
1597 1183 1766 1227 encepha-

300 1237 445 1279 litidem,
476 1244 508 1271 et
535 1239 571 1271 in
601 1237 726 1270 morbis
749 1237 1037 1279 abdominalibus,
1059 1236 1280 1281 gastritidem,
1304 1241 1336 1269 et
1358 1238 1564 1270 enteritidem
1591 1238 1767 1274 observare

300 1292 366 1326 sibi
385 1293 658 1336 persuadentem,
681 1299 713 1326 et
737 1293 868 1327 fictitios
886 1293 987 1326 hosce
1005 1293 1141 1326 morbos
1159 1293 1322 1327 immenso
1341 1294 1616 1337 sanguisugarum
1638 1296 1768 1338 agmine

301 1348 530 1382 debellantem.
577 1352 697 1382 Testor
714 1349 855 1393 denique
880 1350 1021 1382 recentis
1046 1349 1171 1393 periodi
1198 1347 1369 1390 Medico5,
1402 1351 1596 1392 praesertim
1619 1352 1766 1384 Germa-

300 1415 379 1447 nOS,
404 1411 435 1438 et
453 1405 514 1438 hos
532 1406 618 1438 inter
641 1405 749 1446 viros,
771 1405 891 1449 ingenii
918 1406 1073 1438 acumine
1098 1397 1397 1445 commendabiles»,
1421 1404 1480 1437 sed
1502 1415 1521 1437 a
1540 1405 1651 1440 divina
1676 1407 1766 1440 Artis

299 1462 509 1505 simplicitate
528 1461 610 1494 adeo
639 1467 803 1502 remotos,
827 1467 864 1494 ut
883 1459 1017 1502 Kanffi,
1042 1460 1179 1501 Fichtii,
1203 1459 1448 1504 Schellingiique
1472 1460 1678 1504 doctrinam,
1700 1462 1765 1495 suh

299 1516 383 1550 bello
410 1515 642 1558 Philosophiae
667 1517 835 1551 Naturalis
857 1517 951 1550 titulo
976 1518 1011 1550 in
1038 1517 1224 1550 Medicinae
1246 1527 1314 1549 non
1335 1522 1466 1550 tantum
1492 1516 1681 1560 theoriam,
1706 1518 1766 1552 sed

301 1572 392 1616 quod
415 1573 488 1616 plus
512 1574 642 1615 nocuit,
665 1574 699 1606 in
724 1574 833 1616 ipsam
850 1574 991 1615 pren-jn,
1013 1574 1047 1606 in
1074 1575 1292 1606 institutiones
1314 1574 1466 1614 clinicaS,
1496 1573 1532 1605 in
1566 1579 1765 1617 apparatum

299 1628 580 1671 medicaminum,
604 1635 637 1662 et
657 1629 817 1662 innescio
838 1637 921 1671 quas
937 1629 1063 1672 regulas
1084 1629 1284 1671 hygieinicas
1308 1628 1471 1661 indefesso
1494 1627 1628 1670 labore,
1652 1635 1683 1662 et
1699 1637 1766 1663 no-1

300 1685 501 1718 menclatura
519 1684 741 1727 hyperborea,
763 1683 900 1716 auribus
915 1684 1054 1717 Medicis
1076 1685 1201 1717 insueta
1218 1694 1278 1727 per
1291 1684 1341 1716 fas
1361 1689 1393 1716 et
1413 1683 1506 1716 nefas
1521 1684 1710 1727 intrudere,
1733 1691 1766 1720 et

302 1740 360 1775 hic
383 1741 448 1774 illic
471 1739 601 1773 scholas
625 1740 884 1783 Therapeuticas
898 1764 908 1781 ,
931 1739 1020 1773 hisce
1044 1740 1268 1773 fundamentis
1290 1744 1537 1783 superstructas
1561 1740 1683 1784 erigere
1705 1751 1766 1774 co-·

301 1797 372 1830 nati
392 1796 514 1829 fuerint
526 1808 536 1836 3
560 1798 653 1838 cujus
671 1806 748 1830 vero
767 1795 868 1837 labis,
891 1801 1053 1840 quantum
1080 1795 1232 1839 equidem
1256 1796 1345 1837 scio,
1368 1796 1537 1828 immunes
1559 1796 1668 1829 adhuc
1693 1807 1765 1831 esse

302 1852 435 1885 Patriae
456 1857 588 1885 nostrae
611 1852 825 1894 Academias,
856 1863 934 1884 cum
958 1851 1053 1885 bonis
1083 1851 1237 1885 omnibus
1262 1852 1465 1895 gaudemuS,
1485 1862 1548 1884 nec
1570 1852 1606 1885 in
1632 1852 1764 1885 illarum

301 1907 564 1941 Institutionibus
587 1910 750 1941 Naturam
770 1907 814 1941 ad
839 1908 1068 1951 Philosophiae
1096 1909 1144 1940 sic
1162 1907 1268 1941 dictae
1290 1908 1459 1940 Naturalis
1479 1912 1669 1940 commenta
1693 1913 1764 1941 tor-

302 1963 419 2007 queri,
441 1975 504 1996 nec
523 1964 725 1997 Medicinam
742 1964 826 2008 cogi,
849 1969 886 1997 ut
903 1964 1042 1998 istorum
1059 1964 1108 2004 (si
1124 1964 1185 1996 Dis
1201 1964 1323 2007 placet)
1350 1962 1627 2007 Philosophorum
1653 1969 1763 1998 castra

305 2019 405 2054 invite
429 2023 599 2063 sequatur!

1701 2062 1766 2096 sed

328 2133 373 2164 (1)
393 2132 421 2156 Iu
432 2132 542 2155 Oratione
555 2131 584 2155 de
598 2133 726 2161 Cognitioae
743 2133 854 2156 Historiae
866 2132 1011 2163 nkdmme,
1024 2135 1071 2155 etc·
1088 2131 1166 2155 hahita
1181 2130 1257 2162 Lugd.
1269 2131 1347 2155 Batav.
1356 2139 1377 2157 a.
1389 2130 1414 2156 d.
1423 2138 1492 2155 xxvu
1501 2130 1564 2164 Sept.
1573 2130 1634 2155 Anu.
1648 2128 1767 2153 MDCCC.
