<?xml version="1.0" encoding="UTF-8"?>
<!DOCTYPE html PUBLIC "-//W3C//DTD XHTML 1.0 Transitional//EN"
    "http://www.w3.org/TR/xhtml1/DTD/xhtml1-transitional.dtd">
<html xmlns="http://www.w3.org/1999/xhtml" xml:lang="en" lang="en">
 <head>
  <title>
</title>
<meta http-equiv="Content-Type" content="text/html;charset=utf-8" />
  <meta name='ocr-system' content='tesseract 3.04.00' />
  <meta name='ocr-capabilities' content='ocr_page ocr_carea ocr_par ocr_line ocrx_word'/>
</head>
<body>
  <div class='ocr_page' id='page_1' title='image "annalesacademiae24rijk_0443.png"; bbox 0 0 1919 2511; ppageno 0'>
   <div class='ocr_carea' id='block_1_1' title="bbox 592 120 596 137">
    <p class='ocr_par' dir='ltr' id='par_1_1' title="bbox 592 120 596 137">
     <span class='ocr_line' id='line_1_1' title="bbox 592 120 596 137; baseline 0 0"><span class='ocrx_word' id='word_1_1' title='bbox 592 120 596 137; x_wconf 84' lang='lat' dir='ltr'>i</span> 
     </span>
    </p>
   </div>
   <div class='ocr_carea' id='block_1_2' title="bbox 361 190 1608 236">
    <p class='ocr_par' dir='ltr' id='par_1_2' title="bbox 361 190 1608 236">
     <span class='ocr_line' id='line_1_2' title="bbox 361 190 1608 236; baseline -0.001 -12"><span class='ocrx_word' id='word_1_2' title='bbox 361 191 590 224; x_wconf 88' lang='lat' dir='ltr'>RESPONSIO</span> <span class='ocrx_word' id='word_1_3' title='bbox 617 201 660 223; x_wconf 79' lang='lat' dir='ltr'>AD</span> <span class='ocrx_word' id='word_1_4' title='bbox 691 190 1001 231; x_wconf 76' lang='lat' dir='ltr'><strong>QUAESTIONEM</strong></span> <span class='ocrx_word' id='word_1_5' title='bbox 1023 193 1246 224; x_wconf 83' lang='lat' dir='ltr'>PHYSICAM.</span> <span class='ocrx_word' id='word_1_6' title='bbox 1570 209 1608 236; x_wconf 67' lang='lat'>45</span> 
     </span>
    </p>
   </div>
   <div class='ocr_carea' id='block_1_3' title="bbox 89 262 1640 1332">
    <p class='ocr_par' dir='ltr' id='par_1_3' title="bbox 98 262 1602 364">
     <span class='ocr_line' id='line_1_3' title="bbox 98 262 1602 315; baseline 0.003 -11"><span class='ocrx_word' id='word_1_7' title='bbox 98 273 278 312; x_wconf 83' lang='lat' dir='ltr'>moriuntur,</span> <span class='ocrx_word' id='word_1_8' title='bbox 313 262 465 312; x_wconf 85' lang='lat' dir='ltr'>putredine</span> <span class='ocrx_word' id='word_1_9' title='bbox 493 275 712 312; x_wconf 84' lang='lat' dir='ltr'>corripiuntur,</span> <span class='ocrx_word' id='word_1_10' title='bbox 742 281 769 303; x_wconf 88' lang='lat' dir='ltr'>et</span> <span class='ocrx_word' id='word_1_11' title='bbox 794 283 974 310; x_wconf 75' lang='lat' dir='ltr'>unoquoque</span> <span class='ocrx_word' id='word_1_12' title='bbox 1001 284 1076 304; x_wconf 87' lang='lat' dir='ltr'>anno</span> <span class='ocrx_word' id='word_1_13' title='bbox 1104 277 1242 313; x_wconf 78' lang='lat' dir='ltr'>adaugent</span> <span class='ocrx_word' id='word_1_14' title='bbox 1266 277 1396 306; x_wconf 85' lang='lat' dir='ltr'>materies</span> <span class='ocrx_word' id='word_1_15' title='bbox 1416 298 1427 313; x_wconf 89' lang='lat'>,</span> <span class='ocrx_word' id='word_1_16' title='bbox 1457 288 1471 307; x_wconf 91' lang='lat' dir='ltr'>e</span> <span class='ocrx_word' id='word_1_17' title='bbox 1498 281 1602 315; x_wconf 76' lang='lat' dir='ltr'>quibus</span> 
     </span>
     <span class='ocr_line' id='line_1_4' title="bbox 99 316 405 364; baseline 0.01 -11"><span class='ocrx_word' id='word_1_18' title='bbox 99 316 202 354; x_wconf 82' lang='lat' dir='ltr'>humus</span> <span class='ocrx_word' id='word_1_19' title='bbox 230 325 263 355; x_wconf 89' lang='lat' dir='ltr'>fit</span> <span class='ocrx_word' id='word_1_20' title='bbox 283 327 362 364; x_wconf 84' lang='grc'>(1).</span> <span class='ocrx_word' id='word_1_21' title='bbox 400 338 405 339; x_wconf 56' lang='grc'><em>’</em></span> 
     </span>
    </p>

    <p class='ocr_par' dir='ltr' id='par_1_4' title="bbox 89 375 1640 1229">
     <span class='ocr_line' id='line_1_5' title="bbox 137 375 1606 418; baseline 0.005 -15"><span class='ocrx_word' id='word_1_22' title='bbox 137 375 269 405; x_wconf 85' lang='lat' dir='ltr'><strong>Vidimus</strong></span> <span class='ocrx_word' id='word_1_23' title='bbox 297 383 388 405; x_wconf 89' lang='lat' dir='ltr'>autem</span> <span class='ocrx_word' id='word_1_24' title='bbox 417 378 533 406; x_wconf 89' lang='lat' dir='ltr'>humum</span> <span class='ocrx_word' id='word_1_25' title='bbox 556 379 692 415; x_wconf 81' lang='lat' dir='ltr'><strong>pinguem</strong></span> <span class='ocrx_word' id='word_1_26' title='bbox 716 383 843 407; x_wconf 84' lang='lat' dir='ltr'>extracto</span> <span class='ocrx_word' id='word_1_27' title='bbox 866 377 1029 413; x_wconf 67' lang='lat' dir='ltr'>abundare,</span> <span class='ocrx_word' id='word_1_28' title='bbox 1051 379 1129 414; x_wconf 82' lang='lat' dir='ltr'>quod</span> <span class='ocrx_word' id='word_1_29' title='bbox 1159 380 1193 408; x_wconf 85' lang='lat' dir='ltr'>ab</span> <span class='ocrx_word' id='word_1_30' title='bbox 1215 381 1290 416; x_wconf 76' lang='lat' dir='ltr'>aqua</span> <span class='ocrx_word' id='word_1_31' title='bbox 1313 380 1491 417; x_wconf 79' lang='lat' dir='ltr'>suscipitur,</span> <span class='ocrx_word' id='word_1_32' title='bbox 1515 384 1606 418; x_wconf 69' lang='lat' dir='ltr'>quod-</span> 
     </span>
     <span class='ocr_line' id='line_1_6' title="bbox 94 426 1605 467; baseline 0.005 -13"><span class='ocrx_word' id='word_1_33' title='bbox 94 434 155 462; x_wconf 81' lang='lat' dir='ltr'>que</span> <span class='ocrx_word' id='word_1_34' title='bbox 173 426 215 455; x_wconf 86' lang='lat' dir='ltr'>sic</span> <span class='ocrx_word' id='word_1_35' title='bbox 228 435 241 455; x_wconf 85' lang='lat' dir='ltr'>a</span> <span class='ocrx_word' id='word_1_36' title='bbox 258 428 418 463; x_wconf 68' lang='lat' dir='ltr'>plantarum</span> <span class='ocrx_word' id='word_1_37' title='bbox 439 429 581 458; x_wconf 74' lang='lat' dir='ltr'>radicibus</span> <span class='ocrx_word' id='word_1_38' title='bbox 603 430 771 465; x_wconf 86' lang='lat' dir='ltr'>absorptum</span> <span class='ocrx_word' id='word_1_39' title='bbox 799 428 944 465; x_wconf 75' lang='lat' dir='ltr'>egregium</span> <span class='ocrx_word' id='word_1_40' title='bbox 971 429 1089 465; x_wconf 84' lang='lat' dir='ltr'><strong>praebet</strong></span> <span class='ocrx_word' id='word_1_41' title='bbox 1118 431 1226 466; x_wconf 78' lang='lat' dir='ltr'>plantiS</span> <span class='ocrx_word' id='word_1_42' title='bbox 1243 432 1393 467; x_wconf 84' lang='lat' dir='ltr'>pabulum.</span> <span class='ocrx_word' id='word_1_43' title='bbox 1434 432 1605 461; x_wconf 81' lang='lat' dir='ltr'>Saussurius</span> 
     </span>
     <span class='ocr_line' id='line_1_7' title="bbox 99 475 1602 519; baseline 0.005 -15"><span class='ocrx_word' id='word_1_44' title='bbox 99 476 173 506; x_wconf 85' lang='lat' dir='ltr'>enim</span> <span class='ocrx_word' id='word_1_45' title='bbox 192 477 220 506; x_wconf 91' lang='lat' dir='ltr'>in</span> <span class='ocrx_word' id='word_1_46' title='bbox 240 478 381 515; x_wconf 86' lang='lat' dir='ltr'>ejusmodi</span> <span class='ocrx_word' id='word_1_47' title='bbox 395 475 514 508; x_wconf 82' lang='lat' dir='ltr'>extracti</span> <span class='ocrx_word' id='word_1_48' title='bbox 538 480 683 509; x_wconf 83' lang='lat' dir='ltr'>solutione</span> <span class='ocrx_word' id='word_1_49' title='bbox 699 481 809 516; x_wconf 75' lang='lat' dir='ltr'>plantas</span> <span class='ocrx_word' id='word_1_50' title='bbox 833 481 906 509; x_wconf 87' lang='lat' dir='ltr'>laete</span> <span class='ocrx_word' id='word_1_51' title='bbox 926 487 1053 508; x_wconf 84' lang='lat' dir='ltr'>crescere</span> <span class='ocrx_word' id='word_1_52' title='bbox 1079 480 1170 516; x_wconf 84' lang='lat' dir='ltr'>vidit,</span> <span class='ocrx_word' id='word_1_53' title='bbox 1191 488 1406 518; x_wconf 80' lang='lat' dir='ltr'>extractumque</span> <span class='ocrx_word' id='word_1_54' title='bbox 1425 483 1496 519; x_wconf 86' lang='lat' dir='ltr'>ipsis</span> <span class='ocrx_word' id='word_1_55' title='bbox 1522 486 1602 519; x_wconf 86' lang='lat' dir='ltr'>plan·</span> 
     </span>
     <span class='ocr_line' id='line_1_8' title="bbox 95 528 1606 569; baseline 0.005 -14"><span class='ocrx_word' id='word_1_56' title='bbox 95 533 185 555; x_wconf 86' lang='lat' dir='ltr'>tarum</span> <span class='ocrx_word' id='word_1_57' title='bbox 214 528 356 558; x_wconf 81' lang='lat' dir='ltr'>radicibus</span> <span class='ocrx_word' id='word_1_58' title='bbox 380 531 487 559; x_wconf 85' lang='lat' dir='ltr'>hauriri</span> <span class='ocrx_word' id='word_1_59' title='bbox 508 531 587 568; x_wconf 66' lang='grc' dir='ltr'>(η).</span> <span class='ocrx_word' id='word_1_60' title='bbox 628 531 716 569; x_wconf 89' lang='lat' dir='ltr'>Quod</span> <span class='ocrx_word' id='word_1_61' title='bbox 741 531 824 559; x_wconf 89' lang='lat' dir='ltr'>etiam</span> <span class='ocrx_word' id='word_1_62' title='bbox 848 529 1084 559; x_wconf 78' lang='lat' dir='ltr'>Hassenfratzius</span> <span class='ocrx_word' id='word_1_63' title='bbox 1109 532 1295 567; x_wconf 77' lang='lat' dir='ltr'>observavit,</span> <span class='ocrx_word' id='word_1_64' title='bbox 1320 533 1369 568; x_wconf 86' lang='lat' dir='ltr'>qui</span> <span class='ocrx_word' id='word_1_65' title='bbox 1396 540 1489 562; x_wconf 86' lang='lat' dir='ltr'>tamen</span> <span class='ocrx_word' id='word_1_66' title='bbox 1513 535 1606 563; x_wconf 83' lang='lat' dir='ltr'>minus</span> 
     </span>
     <span class='ocr_line' id='line_1_9' title="bbox 95 579 1611 620; baseline 0.006 -15"><span class='ocrx_word' id='word_1_67' title='bbox 95 584 173 606; x_wconf 84' lang='lat' dir='ltr'>recte</span> <span class='ocrx_word' id='word_1_68' title='bbox 196 579 354 613; x_wconf 84' lang='lat' dir='ltr'>existimat,</span> <span class='ocrx_word' id='word_1_69' title='bbox 376 589 459 610; x_wconf 88' lang='lat' dir='ltr'>omne</span> <span class='ocrx_word' id='word_1_70' title='bbox 482 581 671 618; x_wconf 87' lang='lat' dir='ltr'>carbonium,</span> <span class='ocrx_word' id='word_1_71' title='bbox 701 582 779 618; x_wconf 89' lang='lat' dir='ltr'>quod</span> <span class='ocrx_word' id='word_1_72' title='bbox 804 583 917 618; x_wconf 80' lang='lat' dir='ltr'>plantae</span> <span class='ocrx_word' id='word_1_73' title='bbox 944 580 1094 610; x_wconf 89' lang='lat' dir='ltr'>continent</span> <span class='ocrx_word' id='word_1_74' title='bbox 1111 602 1121 617; x_wconf 87' lang='lat'>‚</span> <span class='ocrx_word' id='word_1_75' title='bbox 1144 591 1190 612; x_wconf 87' lang='lat' dir='ltr'>eas</span> <span class='ocrx_word' id='word_1_76' title='bbox 1210 592 1243 611; x_wconf 85' lang='lat' dir='ltr'>ex</span> <span class='ocrx_word' id='word_1_77' title='bbox 1266 585 1340 612; x_wconf 64' lang='lat' dir='ltr'>terra</span> <span class='ocrx_word' id='word_1_78' title='bbox 1362 591 1458 620; x_wconf 81' lang='lat' dir='ltr'>petere</span> <span class='ocrx_word' id='word_1_79' title='bbox 1478 585 1611 615; x_wconf 79' lang='lat' dir='ltr'>haurien—</span> 
     </span>
     <span class='ocr_line' id='line_1_10' title="bbox 94 628 1606 673; baseline 0.005 -17"><span class='ocrx_word' id='word_1_80' title='bbox 94 628 139 657; x_wconf 87' lang='lat' dir='ltr'>dis</span> <span class='ocrx_word' id='word_1_81' title='bbox 164 629 334 659; x_wconf 86' lang='lat' dir='ltr'>humoribus</span> <span class='ocrx_word' id='word_1_82' title='bbox 362 632 527 661; x_wconf 76' lang='lat' dir='ltr'>extractivis</span> <span class='ocrx_word' id='word_1_83' title='bbox 543 653 553 669; x_wconf 90' lang='lat'>‚</span> <span class='ocrx_word' id='word_1_84' title='bbox 583 641 658 669; x_wconf 87' lang='lat' dir='ltr'>quos</span> <span class='ocrx_word' id='word_1_85' title='bbox 686 641 759 668; x_wconf 89' lang='lat' dir='ltr'>aqua</span> <span class='ocrx_word' id='word_1_86' title='bbox 782 633 899 662; x_wconf 87' lang='lat' dir='ltr'>humum</span> <span class='ocrx_word' id='word_1_87' title='bbox 925 639 953 660; x_wconf 87' lang='lat' dir='ltr'>et</span> <span class='ocrx_word' id='word_1_88' title='bbox 983 631 1080 660; x_wconf 88' lang='lat' dir='ltr'>fimum</span> <span class='ocrx_word' id='word_1_89' title='bbox 1105 633 1187 662; x_wconf 86' lang='lat' dir='ltr'>etiam</span> <span class='ocrx_word' id='word_1_90' title='bbox 1213 636 1322 663; x_wconf 80' lang='lat' dir='ltr'>alluens</span> <span class='ocrx_word' id='word_1_91' title='bbox 1349 636 1483 671; x_wconf 85' lang='lat' dir='ltr'>producit</span> <span class='ocrx_word' id='word_1_92' title='bbox 1511 637 1557 673; x_wconf 85' lang='lat'>(3</span> <span class='ocrx_word' id='word_1_93' title='bbox 1578 637 1606 672; x_wconf 88' lang='lat'>).</span> 
     </span>
     <span class='ocr_line' id='line_1_11' title="bbox 95 679 1610 724; baseline 0.005 -17"><span class='ocrx_word' id='word_1_94' title='bbox 95 679 295 716; x_wconf 89' lang='lat' dir='ltr'>Quae&#39;omnia</span> <span class='ocrx_word' id='word_1_95' title='bbox 315 681 349 710; x_wconf 90' lang='lat' dir='ltr'>ab</span> <span class='ocrx_word' id='word_1_96' title='bbox 377 683 569 724; x_wconf 84' lang='lat' dir='ltr'>antiquiorum</span> <span class='ocrx_word' id='word_1_97' title='bbox 596 683 784 719; x_wconf 87' lang='lat' dir='ltr'>physicorum</span> <span class='ocrx_word' id='word_1_98' title='bbox 811 682 1013 720; x_wconf 81' lang='lat' dir='ltr'>experimentis</span> <span class='ocrx_word' id='word_1_99' title='bbox 1040 683 1217 721; x_wconf 86' lang='lat' dir='ltr'>probantur,</span> <span class='ocrx_word' id='word_1_100' title='bbox 1241 686 1290 721; x_wconf 91' lang='lat' dir='ltr'>qui</span> <span class='ocrx_word' id='word_1_101' title='bbox 1318 686 1431 722; x_wconf 89' lang='lat' dir='ltr'>quidem</span> <span class='ocrx_word' id='word_1_102' title='bbox 1459 687 1543 723; x_wconf 84' lang='lat' dir='ltr'>hujus</span> <span class='ocrx_word' id='word_1_103' title='bbox 1562 696 1610 723; x_wconf 78' lang='lat' dir='ltr'>ge-</span> 
     </span>
     <span class='ocr_line' id='line_1_12' title="bbox 94 730 1611 770; baseline 0.004 -10"><span class='ocrx_word' id='word_1_104' title='bbox 94 730 171 760; x_wconf 86' lang='lat' dir='ltr'>neris</span> <span class='ocrx_word' id='word_1_105' title='bbox 189 732 362 761; x_wconf 86' lang='lat' dir='ltr'>solutionem</span> <span class='ocrx_word' id='word_1_106' title='bbox 385 742 401 761; x_wconf 89' lang='lat' dir='ltr'>a</span> <span class='ocrx_word' id='word_1_107' title='bbox 425 734 530 770; x_wconf 88' lang='lat' dir='ltr'>plantis</span> <span class='ocrx_word' id='word_1_108' title='bbox 555 734 704 763; x_wconf 83' lang='lat' dir='ltr'>absorberi</span> <span class='ocrx_word' id='word_1_109' title='bbox 728 733 882 769; x_wconf 88' lang='lat' dir='ltr'>videbant,</span> <span class='ocrx_word' id='word_1_110' title='bbox 913 742 1031 769; x_wconf 83' lang='lat' dir='ltr'>verum,</span> <span class='ocrx_word' id='word_1_111' title='bbox 1061 743 1125 763; x_wconf 88' lang='lat' dir='ltr'>cum</span> <span class='ocrx_word' id='word_1_112' title='bbox 1155 735 1190 764; x_wconf 86' lang='lat' dir='ltr'>iis</span> <span class='ocrx_word' id='word_1_113' title='bbox 1216 737 1295 765; x_wconf 88' lang='lat' dir='ltr'>humi</span> <span class='ocrx_word' id='word_1_114' title='bbox 1318 745 1417 766; x_wconf 81' lang='lat' dir='ltr'>natura</span> <span class='ocrx_word' id='word_1_115' title='bbox 1448 746 1506 766; x_wconf 91' lang='lat' dir='ltr'>non</span> <span class='ocrx_word' id='word_1_116' title='bbox 1535 745 1611 766; x_wconf 87' lang='lat' dir='ltr'>esset</span> 
     </span>
     <span class='ocr_line' id='line_1_13' title="bbox 94 781 1611 822; baseline 0.005 -13"><span class='ocrx_word' id='word_1_117' title='bbox 94 781 227 818; x_wconf 77' lang='lat' dir='ltr'>cognita,</span> <span class='ocrx_word' id='word_1_118' title='bbox 248 783 329 811; x_wconf 82' lang='lat' dir='ltr'>aliam</span> <span class='ocrx_word' id='word_1_119' title='bbox 352 792 472 820; x_wconf 88' lang='lat' dir='ltr'>eamque</span> <span class='ocrx_word' id='word_1_120' title='bbox 492 786 587 814; x_wconf 87' lang='lat' dir='ltr'>minus</span> <span class='ocrx_word' id='word_1_121' title='bbox 608 790 711 813; x_wconf 88' lang='lat' dir='ltr'>rectam</span> <span class='ocrx_word' id='word_1_122' title='bbox 735 793 770 812; x_wconf 86' lang='lat' dir='ltr'>ex</span> <span class='ocrx_word' id='word_1_123' title='bbox 789 784 843 820; x_wconf 81' lang='lat' dir='ltr'>iis,</span> <span class='ocrx_word' id='word_1_124' title='bbox 864 793 936 820; x_wconf 90' lang='lat' dir='ltr'>quae</span> <span class='ocrx_word' id='word_1_125' title='bbox 952 784 1100 819; x_wconf 85' lang='lat' dir='ltr'>viderant,</span> <span class='ocrx_word' id='word_1_126' title='bbox 1125 787 1260 822; x_wconf 84' lang='lat' dir='ltr'>petebant</span> <span class='ocrx_word' id='word_1_127' title='bbox 1282 788 1513 817; x_wconf 83' lang='lat' dir='ltr'>conclusionem.</span> <span class='ocrx_word' id='word_1_128' title='bbox 1556 788 1611 816; x_wconf 84' lang='lat' dir='ltr'>Ni-</span> 
     </span>
     <span class='ocr_line' id='line_1_14' title="bbox 94 832 1611 875; baseline 0.005 -15"><span class='ocrx_word' id='word_1_129' title='bbox 94 832 198 861; x_wconf 86' lang='lat' dir='ltr'>mirum</span> <span class='ocrx_word' id='word_1_130' title='bbox 220 832 374 864; x_wconf 74' lang='lat' dir='ltr'>credebant</span> <span class='ocrx_word' id='word_1_131' title='bbox 397 834 459 872; x_wconf 81' lang='lat' dir='ltr'>ini,</span> <span class='ocrx_word' id='word_1_132' title='bbox 481 836 580 865; x_wconf 89' lang='lat' dir='ltr'>fimum</span> <span class='ocrx_word' id='word_1_133' title='bbox 603 844 662 864; x_wconf 86' lang='lat' dir='ltr'>eam</span> <span class='ocrx_word' id='word_1_134' title='bbox 679 835 716 864; x_wconf 93' lang='lat' dir='ltr'>ob</span> <span class='ocrx_word' id='word_1_135' title='bbox 732 843 860 864; x_wconf 81' lang='lat' dir='ltr'>caussam</span> <span class='ocrx_word' id='word_1_136' title='bbox 875 835 950 872; x_wconf 85' lang='lat' dir='ltr'>agris</span> <span class='ocrx_word' id='word_1_137' title='bbox 972 835 1105 872; x_wconf 85' lang='lat' dir='ltr'>praebere</span> <span class='ocrx_word' id='word_1_138' title='bbox 1122 836 1319 873; x_wconf 77' lang='lat' dir='ltr'>fertilitatem,</span> <span class='ocrx_word' id='word_1_139' title='bbox 1344 839 1476 874; x_wconf 86' lang='lat' dir='ltr'>quoniam</span> <span class='ocrx_word' id='word_1_140' title='bbox 1497 841 1611 875; x_wconf 77' lang='lat' dir='ltr'>plantae</span> 
     </span>
     <span class='ocr_line' id='line_1_15' title="bbox 92 884 1612 925; baseline 0.005 -14"><span class='ocrx_word' id='word_1_141' title='bbox 92 891 112 911; x_wconf 84' lang='lat' dir='ltr'>e</span> <span class='ocrx_word' id='word_1_142' title='bbox 137 885 221 919; x_wconf 80' lang='lat' dir='ltr'>solo,</span> <span class='ocrx_word' id='word_1_143' title='bbox 243 885 291 913; x_wconf 91' lang='lat' dir='ltr'>cui</span> <span class='ocrx_word' id='word_1_144' title='bbox 317 884 403 914; x_wconf 87' lang='lat' dir='ltr'>fimus</span> <span class='ocrx_word' id='word_1_145' title='bbox 428 885 567 915; x_wconf 85' lang='lat' dir='ltr'>admistus</span> <span class='ocrx_word' id='word_1_146' title='bbox 594 894 657 922; x_wconf 88' lang='lat' dir='ltr'>est,</span> <span class='ocrx_word' id='word_1_147' title='bbox 686 887 822 915; x_wconf 88' lang='lat' dir='ltr'>humores</span> <span class='ocrx_word' id='word_1_148' title='bbox 852 885 972 914; x_wconf 86' lang='lat' dir='ltr'>maxime</span> <span class='ocrx_word' id='word_1_149' title='bbox 997 895 1193 923; x_wconf 84' lang='lat' dir='ltr'>saponaceos,</span> <span class='ocrx_word' id='word_1_150' title='bbox 1225 897 1297 924; x_wconf 87' lang='lat' dir='ltr'>quos</span> <span class='ocrx_word' id='word_1_151' title='bbox 1321 890 1482 925; x_wconf 75' lang='lat' dir='ltr'>vocabant,</span> <span class='ocrx_word' id='word_1_152' title='bbox 1513 890 1612 918; x_wconf 75' lang='lat' dir='ltr'>absor-</span> 
     </span>
     <span class='ocr_line' id='line_1_16' title="bbox 93 934 1608 975; baseline 0.005 -14"><span class='ocrx_word' id='word_1_153' title='bbox 93 934 216 970; x_wconf 81' lang='lat' dir='ltr'>berent,</span> <span class='ocrx_word' id='word_1_154' title='bbox 238 944 347 971; x_wconf 86' lang='lat' dir='ltr'>eosque</span> <span class='ocrx_word' id='word_1_155' title='bbox 369 944 503 966; x_wconf 86' lang='lat' dir='ltr'>constare</span> <span class='ocrx_word' id='word_1_156' title='bbox 523 937 663 974; x_wconf 88' lang='lat' dir='ltr'>putabant</span> <span class='ocrx_word' id='word_1_157' title='bbox 682 946 716 966; x_wconf 80' lang='lat' dir='ltr'>ex</span> <span class='ocrx_word' id='word_1_158' title='bbox 742 939 806 966; x_wconf 86' lang='lat' dir='ltr'>oleo</span> <span class='ocrx_word' id='word_1_159' title='bbox 833 936 957 972; x_wconf 83' lang='lat' dir='ltr'>quodam</span> <span class='ocrx_word' id='word_1_160' title='bbox 984 944 1011 964; x_wconf 91' lang='lat' dir='ltr'>et</span> <span class='ocrx_word' id='word_1_161' title='bbox 1035 938 1093 965; x_wconf 83' lang='lat' dir='ltr'>sale</span> <span class='ocrx_word' id='word_1_162' title='bbox 1116 939 1160 966; x_wconf 86' lang='lat' dir='ltr'>vel</span> <span class='ocrx_word' id='word_1_163' title='bbox 1187 939 1287 974; x_wconf 75' lang='lat' dir='ltr'>alcaIi,</span> <span class='ocrx_word' id='word_1_164' title='bbox 1312 940 1446 975; x_wconf 82' lang='lat' dir='ltr'>quoniam</span> <span class='ocrx_word' id='word_1_165' title='bbox 1476 941 1559 969; x_wconf 86' lang='lat' dir='ltr'>fimus</span> <span class='ocrx_word' id='word_1_166' title='bbox 1585 942 1608 968; x_wconf 52' lang='lat' dir='ltr'>si</span> 
     </span>
     <span class='ocr_line' id='line_1_17' title="bbox 92 986 1609 1026; baseline 0.003 -13"><span class='ocrx_word' id='word_1_167' title='bbox 92 992 248 1021; x_wconf 87' lang='lat' dir='ltr'>ureretur,</span> <span class='ocrx_word' id='word_1_168' title='bbox 269 986 423 1023; x_wconf 84' lang='lat' dir='ltr'>praebebat</span> <span class='ocrx_word' id='word_1_169' title='bbox 443 989 550 1017; x_wconf 87' lang='lat' dir='ltr'>oleum.</span> <span class='ocrx_word' id='word_1_170' title='bbox 591 989 648 1017; x_wconf 91' lang='lat' dir='ltr'>Sed</span> <span class='ocrx_word' id='word_1_171' title='bbox 674 987 954 1017; x_wconf 82' lang='lat' dir='ltr'>animadvertendum</span> <span class='ocrx_word' id='word_1_172' title='bbox 975 995 1018 1016; x_wconf 89' lang='lat' dir='ltr'>est</span> <span class='ocrx_word' id='word_1_173' title='bbox 1042 987 1113 1016; x_wconf 77' lang='lat' dir='ltr'>inud</span> <span class='ocrx_word' id='word_1_174' title='bbox 1139 990 1234 1017; x_wconf 89' lang='lat' dir='ltr'>oleum</span> <span class='ocrx_word' id='word_1_175' title='bbox 1257 998 1291 1018; x_wconf 79' lang='lat' dir='ltr'>ex</span> <span class='ocrx_word' id='word_1_176' title='bbox 1315 990 1405 1026; x_wconf 82' lang='lat' dir='ltr'>fimo,</span> <span class='ocrx_word' id='word_1_177' title='bbox 1427 992 1468 1020; x_wconf 89' lang='lat' dir='ltr'>uti</span> <span class='ocrx_word' id='word_1_178' title='bbox 1493 1001 1526 1020; x_wconf 77' lang='lat' dir='ltr'>ex</span> <span class='ocrx_word' id='word_1_179' title='bbox 1554 993 1609 1020; x_wconf 87' lang='lat' dir='ltr'>hu-</span> 
     </span>
     <span class='ocr_line' id='line_1_18' title="bbox 91 1027 1640 1078; baseline 0.005 -15"><span class='ocrx_word' id='word_1_180' title='bbox 91 1027 140 1063; x_wconf 88' lang='lat' dir='ltr'>mo</span> <span class='ocrx_word' id='word_1_181' title='bbox 164 1036 246 1064; x_wconf 85' lang='lat' dir='ltr'>etiam</span> <span class='ocrx_word' id='word_1_182' title='bbox 263 1056 273 1069; x_wconf 90' lang='lat'><strong>,</strong></span> <span class='ocrx_word' id='word_1_183' title='bbox 305 1039 400 1066; x_wconf 86' lang='lat' dir='ltr'>calore</span> <span class='ocrx_word' id='word_1_184' title='bbox 423 1037 535 1066; x_wconf 89' lang='lat' dir='ltr'>demum</span> <span class='ocrx_word' id='word_1_185' title='bbox 565 1038 704 1074; x_wconf 84' lang='lat' dir='ltr'>formari,</span> <span class='ocrx_word' id='word_1_186' title='bbox 732 1046 827 1073; x_wconf 86' lang='lat' dir='ltr'>neque</span> <span class='ocrx_word' id='word_1_187' title='bbox 852 1037 894 1066; x_wconf 82' lang='lat' dir='ltr'>sic</span> <span class='ocrx_word' id='word_1_188' title='bbox 921 1044 1002 1066; x_wconf 83' lang='lat' dir='ltr'>antea</span> <span class='ocrx_word' id='word_1_189' title='bbox 1032 1038 1062 1067; x_wconf 90' lang='lat' dir='ltr'>in</span> <span class='ocrx_word' id='word_1_190' title='bbox 1095 1039 1134 1067; x_wconf 87' lang='lat' dir='ltr'>iis.</span> <span class='ocrx_word' id='word_1_191' title='bbox 1157 1038 1301 1076; x_wconf 81' lang='lat' dir='ltr'>adfuisse3</span> <span class='ocrx_word' id='word_1_192' title='bbox 1336 1048 1363 1069; x_wconf 89' lang='lat' dir='ltr'>et</span> <span class='ocrx_word' id='word_1_193' title='bbox 1390 1049 1553 1078; x_wconf 85' lang='lat' dir='ltr'>praeterea,</span> <span class='ocrx_word' id='word_1_194' title='bbox 1585 1043 1610 1070; x_wconf 75' lang='lat' dir='ltr'>si</span> <span class='ocrx_word' id='word_1_195' title='bbox 1637 1062 1640 1063; x_wconf 29' lang='grc' dir='ltr'><em>ν</em></span> 
     </span>
     <span class='ocr_line' id='line_1_19' title="bbox 91 1079 1608 1129; baseline 0.004 -15"><span class='ocrx_word' id='word_1_196' title='bbox 91 1079 180 1115; x_wconf 62' lang='grc' dir='ltr'>Ῑοῑῑέ</span> <span class='ocrx_word' id='word_1_197' title='bbox 194 1088 290 1116; x_wconf 85' lang='lat' dir='ltr'>oleum</span> <span class='ocrx_word' id='word_1_198' title='bbox 315 1087 456 1124; x_wconf 80' lang='lat' dir='ltr'>quoddam</span> <span class='ocrx_word' id='word_1_199' title='bbox 478 1089 553 1118; x_wconf 83' lang='lat' dir='ltr'>adsit</span> <span class='ocrx_word' id='word_1_200' title='bbox 575 1089 605 1118; x_wconf 89' lang='lat' dir='ltr'>in</span> <span class='ocrx_word' id='word_1_201' title='bbox 630 1089 698 1118; x_wconf 75' lang='lat' dir='ltr'>fimo</span> <span class='ocrx_word' id='word_1_202' title='bbox 719 1089 853 1125; x_wconf 82' lang='lat' dir='ltr'>integro,</span> <span class='ocrx_word' id='word_1_203' title='bbox 876 1095 990 1117; x_wconf 86' lang='lat' dir='ltr'>constat</span> <span class='ocrx_word' id='word_1_204' title='bbox 1016 1089 1087 1118; x_wconf 83' lang='lat' dir='ltr'>illud</span> <span class='ocrx_word' id='word_1_205' title='bbox 1109 1097 1142 1118; x_wconf 87' lang='lat' dir='ltr'>ut</span> <span class='ocrx_word' id='word_1_206' title='bbox 1169 1097 1278 1120; x_wconf 81' lang='lat' dir='ltr'>ceteras</span> <span class='ocrx_word' id='word_1_207' title='bbox 1305 1091 1365 1120; x_wconf 87' lang='lat' dir='ltr'>fimi</span> <span class='ocrx_word' id='word_1_208' title='bbox 1388 1092 1521 1121; x_wconf 83' lang='lat' dir='ltr'>animales</span> <span class='ocrx_word' id='word_1_209' title='bbox 1545 1102 1608 1129; x_wconf 79' lang='lat' dir='ltr'>par-</span> 
     </span>
     <span class='ocr_line' id='line_1_20' title="bbox 89 1136 1607 1177; baseline 0.004 -12"><span class='ocrx_word' id='word_1_210' title='bbox 89 1143 135 1165; x_wconf 87' lang='lat' dir='ltr'>tes</span> <span class='ocrx_word' id='word_1_211' title='bbox 158 1136 377 1168; x_wconf 86' lang='lat' dir='ltr'>fermentatione</span> <span class='ocrx_word' id='word_1_212' title='bbox 400 1140 515 1175; x_wconf 74' lang='lat' dir='ltr'>putrida</span> <span class='ocrx_word' id='word_1_213' title='bbox 541 1140 667 1176; x_wconf 84' lang='lat' dir='ltr'>primum</span> <span class='ocrx_word' id='word_1_214' title='bbox 693 1140 796 1169; x_wconf 84' lang='lat' dir='ltr'>debere</span> <span class='ocrx_word' id='word_1_215' title='bbox 826 1146 854 1168; x_wconf 94' lang='lat' dir='ltr'>et</span> <span class='ocrx_word' id='word_1_216' title='bbox 880 1138 988 1167; x_wconf 87' lang='lat' dir='ltr'>destrui</span> <span class='ocrx_word' id='word_1_217' title='bbox 1017 1146 1046 1168; x_wconf 89' lang='lat' dir='ltr'>et</span> <span class='ocrx_word' id='word_1_218' title='bbox 1069 1140 1207 1174; x_wconf 86' lang='lat' dir='ltr'>dissolvi,</span> <span class='ocrx_word' id='word_1_219' title='bbox 1236 1148 1322 1177; x_wconf 83' lang='lat' dir='ltr'>atque</span> <span class='ocrx_word' id='word_1_220' title='bbox 1347 1142 1376 1171; x_wconf 91' lang='lat' dir='ltr'>in</span> <span class='ocrx_word' id='word_1_221' title='bbox 1405 1144 1523 1172; x_wconf 85' lang='lat' dir='ltr'>humum</span> <span class='ocrx_word' id='word_1_222' title='bbox 1547 1153 1607 1172; x_wconf 81' lang='lat' dir='ltr'>mu-</span> 
     </span>
     <span class='ocr_line' id='line_1_21' title="bbox 91 1187 1342 1229; baseline 0.004 -13"><span class='ocrx_word' id='word_1_223' title='bbox 91 1187 169 1223; x_wconf 82' lang='lat' dir='ltr'>tati,</span> <span class='ocrx_word' id='word_1_224' title='bbox 189 1194 339 1225; x_wconf 85' lang='lat' dir='ltr'>antequam</span> <span class='ocrx_word' id='word_1_225' title='bbox 367 1190 474 1227; x_wconf 85' lang='lat' dir='ltr'>plantis</span> <span class='ocrx_word' id='word_1_226' title='bbox 499 1191 586 1226; x_wconf 74' lang='lat' dir='ltr'>utiIes</span> <span class='ocrx_word' id='word_1_227' title='bbox 608 1191 746 1219; x_wconf 89' lang='lat' dir='ltr'>humores</span> <span class='ocrx_word' id='word_1_228' title='bbox 764 1189 961 1219; x_wconf 78' lang='lat' dir='ltr'>absorbendos</span> <span class='ocrx_word' id='word_1_229' title='bbox 981 1190 1120 1225; x_wconf 82' lang='lat' dir='ltr'>praebere</span> <span class='ocrx_word' id='word_1_230' title='bbox 1144 1197 1242 1227; x_wconf 86' lang='lat' dir='ltr'>potest</span> <span class='ocrx_word' id='word_1_231' title='bbox 1266 1193 1342 1229; x_wconf 86' lang='lat'><strong>(4).</strong></span> 
     </span>
    </p>

    <p class='ocr_par' dir='ltr' id='par_1_5' title="bbox 96 1232 1606 1332">
     <span class='ocr_line' id='line_1_22' title="bbox 127 1232 1606 1281; baseline 0.004 -14"><span class='ocrx_word' id='word_1_232' title='bbox 127 1232 286 1269; x_wconf 86' lang='lat' dir='ltr'>Enimvero</span> <span class='ocrx_word' id='word_1_233' title='bbox 312 1232 407 1278; x_wconf 81' lang='lat' dir='ltr'>magni</span> <span class='ocrx_word' id='word_1_234' title='bbox 430 1242 569 1271; x_wconf 87' lang='lat' dir='ltr'>momenti</span> <span class='ocrx_word' id='word_1_235' title='bbox 596 1250 661 1270; x_wconf 84' lang='lat' dir='ltr'>esse</span> <span class='ocrx_word' id='word_1_236' title='bbox 688 1247 846 1270; x_wconf 83' lang='lat' dir='ltr'>extractum</span> <span class='ocrx_word' id='word_1_237' title='bbox 875 1239 956 1269; x_wconf 87' lang='lat' dir='ltr'>humi</span> <span class='ocrx_word' id='word_1_238' title='bbox 982 1242 1142 1276; x_wconf 88' lang='lat' dir='ltr'>plantarum</span> <span class='ocrx_word' id='word_1_239' title='bbox 1172 1241 1350 1272; x_wconf 87' lang='lat' dir='ltr'>incremento</span> <span class='ocrx_word' id='word_1_240' title='bbox 1382 1244 1483 1273; x_wconf 85' lang='lat' dir='ltr'>exinde</span> <span class='ocrx_word' id='word_1_241' title='bbox 1509 1252 1606 1281; x_wconf 73' lang='lat' dir='ltr'>patet,</span> 
     </span>
     <span class='ocr_line' id='line_1_23' title="bbox 96 1289 1606 1332; baseline 0.006 -15"><span class='ocrx_word' id='word_1_242' title='bbox 96 1289 174 1324; x_wconf 90' lang='lat' dir='ltr'>quod</span> <span class='ocrx_word' id='word_1_243' title='bbox 198 1291 311 1326; x_wconf 86' lang='lat' dir='ltr'>plantae</span> <span class='ocrx_word' id='word_1_244' title='bbox 334 1292 427 1321; x_wconf 87' lang='lat' dir='ltr'>multo</span> <span class='ocrx_word' id='word_1_245' title='bbox 453 1292 555 1322; x_wconf 85' lang='lat' dir='ltr'>melius</span> <span class='ocrx_word' id='word_1_246' title='bbox 580 1299 713 1322; x_wconf 88' lang='lat' dir='ltr'>crescunt</span> <span class='ocrx_word' id='word_1_247' title='bbox 739 1292 768 1322; x_wconf 90' lang='lat' dir='ltr'>in</span> <span class='ocrx_word' id='word_1_248' title='bbox 791 1292 881 1321; x_wconf 85' lang='lat' dir='ltr'>humo</span> <span class='ocrx_word' id='word_1_249' title='bbox 908 1290 1019 1328; x_wconf 75' lang='lat' dir='ltr'>integra</span> <span class='ocrx_word' id='word_1_250' title='bbox 1046 1300 1129 1327; x_wconf 88' lang='lat' dir='ltr'>quam</span> <span class='ocrx_word' id='word_1_251' title='bbox 1159 1293 1189 1321; x_wconf 91' lang='lat' dir='ltr'>in</span> <span class='ocrx_word' id='word_1_252' title='bbox 1213 1294 1309 1322; x_wconf 67' lang='lat' dir='ltr'>efldem</span> <span class='ocrx_word' id='word_1_253' title='bbox 1337 1295 1442 1328; x_wconf 87' lang='lat' dir='ltr'>humo,</span> <span class='ocrx_word' id='word_1_254' title='bbox 1471 1303 1498 1325; x_wconf 88' lang='lat' dir='ltr'>at</span> <span class='ocrx_word' id='word_1_255' title='bbox 1523 1298 1606 1332; x_wconf 79' lang='lat' dir='ltr'>aquis</span> 
     </span>
    </p>
   </div>
   <div class='ocr_carea' id='block_1_4' title="bbox 90 1338 1607 1434">
    <p class='ocr_par' dir='ltr' id='par_1_6' title="bbox 90 1338 1607 1434">
     <span class='ocr_line' id='line_1_24' title="bbox 90 1338 1607 1383; baseline 0.004 -16"><span class='ocrx_word' id='word_1_256' title='bbox 90 1338 280 1376; x_wconf 84' lang='lat' dir='ltr'>decoquendo</span> <span class='ocrx_word' id='word_1_257' title='bbox 312 1349 369 1371; x_wconf 86' lang='lat' dir='ltr'>suo</span> <span class='ocrx_word' id='word_1_258' title='bbox 401 1350 529 1374; x_wconf 84' lang='lat' dir='ltr'>extracto</span> <span class='ocrx_word' id='word_1_259' title='bbox 563 1344 674 1382; x_wconf 82' lang='lat' dir='ltr'>privata</span> <span class='ocrx_word' id='word_1_260' title='bbox 708 1344 760 1382; x_wconf 82' lang='lat'>(5</span> <span class='ocrx_word' id='word_1_261' title='bbox 778 1343 808 1381; x_wconf 89' lang='grc'>).</span> <span class='ocrx_word' id='word_1_262' title='bbox 858 1341 916 1371; x_wconf 87' lang='lat' dir='ltr'>Sed</span> <span class='ocrx_word' id='word_1_263' title='bbox 944 1349 1110 1380; x_wconf 85' lang='lat' dir='ltr'>praeterea,</span> <span class='ocrx_word' id='word_1_264' title='bbox 1147 1349 1180 1372; x_wconf 92' lang='lat' dir='ltr'>ut</span> <span class='ocrx_word' id='word_1_265' title='bbox 1214 1344 1308 1381; x_wconf 83' lang='lat' dir='ltr'>primo</span> <span class='ocrx_word' id='word_1_266' title='bbox 1338 1344 1442 1382; x_wconf 86' lang='lat' dir='ltr'>Capite</span> <span class='ocrx_word' id='word_1_267' title='bbox 1473 1347 1607 1383; x_wconf 81' lang='lat' dir='ltr'>probavi-</span> 
     </span>
     <span class='ocr_line' id='line_1_25' title="bbox 1519 1406 1605 1434; baseline 0.012 -9"><span class='ocrx_word' id='word_1_268' title='bbox 1519 1406 1582 1426; x_wconf 85' lang='lat' dir='ltr'>mus</span> <span class='ocrx_word' id='word_1_269' title='bbox 1595 1419 1605 1434; x_wconf 62' lang='lat'><em>2</em></span> 
     </span>
    </p>
   </div>
   <div class='ocr_carea' id='block_1_5' title="bbox 78 1460 1605 2150">
    <p class='ocr_par' dir='ltr' id='par_1_7' title="bbox 81 1460 1605 1965">
     <span class='ocr_line' id='line_1_26' title="bbox 123 1460 1603 1504; baseline 0.003 -14"><span class='ocrx_word' id='word_1_270' title='bbox 123 1460 187 1496; x_wconf 79' lang='grc'>(1)</span> <span class='ocrx_word' id='word_1_271' title='bbox 206 1465 344 1498; x_wconf 82' lang='lat' dir='ltr'>Eleganter</span> <span class='ocrx_word' id='word_1_272' title='bbox 360 1466 408 1493; x_wconf 85' lang='lat' dir='ltr'>hac</span> <span class='ocrx_word' id='word_1_273' title='bbox 426 1466 459 1495; x_wconf 86' lang='lat' dir='ltr'>de</span> <span class='ocrx_word' id='word_1_274' title='bbox 474 1476 501 1495; x_wconf 85' lang='lat' dir='ltr'>re</span> <span class='ocrx_word' id='word_1_275' title='bbox 517 1469 630 1503; x_wconf 77' lang='lat' dir='ltr'>disputat</span> <span class='ocrx_word' id='word_1_276' title='bbox 644 1470 813 1504; x_wconf 63' lang='lat' dir='ltr'>ommatius,</span> <span class='ocrx_word' id='word_1_277' title='bbox 832 1469 939 1495; x_wconf 48' lang='lat' dir='ltr'>Chimie*</span> <span class='ocrx_word' id='word_1_278' title='bbox 952 1468 1052 1500; x_wconf 83' lang='lat' dir='ltr'>appliq.</span> <span class='ocrx_word' id='word_1_279' title='bbox 1068 1468 1082 1494; x_wconf 74' lang='lat' dir='ltr'>a</span> <span class='ocrx_word' id='word_1_280' title='bbox 1096 1467 1249 1501; x_wconf 66' lang='lat' dir='ltr'>i’Agricul‘t.</span> <span class='ocrx_word' id='word_1_281' title='bbox 1267 1476 1330 1496; x_wconf 88' lang='lat' dir='ltr'>tom.</span> <span class='ocrx_word' id='word_1_282' title='bbox 1348 1469 1369 1495; x_wconf 93' lang='lat' dir='ltr'>I.</span> <span class='ocrx_word' id='word_1_283' title='bbox 1388 1476 1416 1502; x_wconf 91' lang='lat' dir='ltr'>p.</span> <span class='ocrx_word' id='word_1_284' title='bbox 1431 1469 1479 1501; x_wconf 85' lang='lat'>36,</span> <span class='ocrx_word' id='word_1_285' title='bbox 1499 1476 1524 1495; x_wconf 86' lang='lat' dir='ltr'>et</span> <span class='ocrx_word' id='word_1_286' title='bbox 1540 1471 1603 1495; x_wconf 82' lang='lat' dir='ltr'>Bor-</span> 
     </span>
     <span class='ocr_line' id='line_1_27' title="bbox 88 1510 1605 1547; baseline 0.005 -14"><span class='ocrx_word' id='word_1_287' title='bbox 88 1515 149 1541; x_wconf 84' lang='lat' dir='ltr'>ryus</span> <span class='ocrx_word' id='word_1_288' title='bbox 173 1510 462 1546; x_wconf 77' lang='lat' dir='ltr'>Sancto-vincemus,</span> <span class='ocrx_word' id='word_1_289' title='bbox 490 1517 678 1544; x_wconf 81' lang='lat' dir='ltr'>celeberrimus</span> <span class='ocrx_word' id='word_1_290' title='bbox 702 1517 745 1542; x_wconf 88' lang='lat' dir='ltr'>ille</span> <span class='ocrx_word' id='word_1_291' title='bbox 766 1517 901 1542; x_wconf 86' lang='lat' dir='ltr'>insularum</span> <span class='ocrx_word' id='word_1_292' title='bbox 926 1515 1028 1540; x_wconf 86' lang='lat' dir='ltr'>Marum</span> <span class='ocrx_word' id='word_1_293' title='bbox 1056 1514 1159 1540; x_wconf 89' lang='lat' dir='ltr'>Africae</span> <span class='ocrx_word' id='word_1_294' title='bbox 1187 1521 1318 1540; x_wconf 86' lang='lat' dir='ltr'>scrutator</span> <span class='ocrx_word' id='word_1_295' title='bbox 1344 1515 1417 1547; x_wconf 75' lang='lat' dir='ltr'>quus</span> <span class='ocrx_word' id='word_1_296' title='bbox 1450 1516 1528 1541; x_wconf 91' lang='lat' dir='ltr'>verba</span> <span class='ocrx_word' id='word_1_297' title='bbox 1554 1517 1605 1541; x_wconf 87' lang='lat' dir='ltr'>hoc</span> 
     </span>
     <span class='ocr_line' id='line_1_28' title="bbox 86 1555 1604 1596; baseline 0.004 -16"><span class='ocrx_word' id='word_1_298' title='bbox 86 1555 149 1582; x_wconf 88' lang='lat' dir='ltr'>loco</span> <span class='ocrx_word' id='word_1_299' title='bbox 172 1556 285 1583; x_wconf 86' lang='lat' dir='ltr'>inserere</span> <span class='ocrx_word' id='word_1_300' title='bbox 310 1565 404 1591; x_wconf 83' lang='lat' dir='ltr'>operae</span> <span class='ocrx_word' id='word_1_301' title='bbox 431 1562 542 1593; x_wconf 88' lang='lat' dir='ltr'>pretium</span> <span class='ocrx_word' id='word_1_302' title='bbox 567 1569 623 1588; x_wconf 85' lang='lat' dir='ltr'>est:</span> <span class='ocrx_word' id='word_1_303' title='bbox 653 1562 746 1596; x_wconf 83' lang='lat' dir='ltr'>Quand</span> <span class='ocrx_word' id='word_1_304' title='bbox 765 1561 946 1595; x_wconf 80' lang='lat' dir='ltr'>j&#39;herborisais</span> <span class='ocrx_word' id='word_1_305' title='bbox 968 1560 1030 1586; x_wconf 89' lang='lat' dir='ltr'>dans</span> <span class='ocrx_word' id='word_1_306' title='bbox 1055 1561 1093 1585; x_wconf 84' lang='lat' dir='ltr'>les</span> <span class='ocrx_word' id='word_1_307' title='bbox 1118 1561 1199 1586; x_wconf 71' lang='lat' dir='ltr'>forets</span> <span class='ocrx_word' id='word_1_308' title='bbox 1223 1568 1343 1593; x_wconf 83' lang='lat' dir='ltr'>sauvages</span> <span class='ocrx_word' id='word_1_309' title='bbox 1366 1561 1398 1586; x_wconf 90' lang='lat' dir='ltr'>de</span> <span class='ocrx_word' id='word_1_310' title='bbox 1416 1561 1558 1592; x_wconf 84' lang='lat' dir='ltr'>Bourbon,</span> <span class='ocrx_word' id='word_1_311' title='bbox 1579 1569 1604 1586; x_wconf 89' lang='lat' dir='ltr'>et</span> 
     </span>
     <span class='ocr_line' id='line_1_29' title="bbox 85 1604 1604 1641; baseline 0.005 -15"><span class='ocrx_word' id='word_1_312' title='bbox 85 1608 137 1633; x_wconf 81' lang='lat' dir='ltr'>que</span> <span class='ocrx_word' id='word_1_313' title='bbox 159 1609 220 1627; x_wconf 87' lang='lat' dir='ltr'>sous</span> <span class='ocrx_word' id='word_1_314' title='bbox 243 1604 298 1629; x_wconf 82' lang='lat' dir='ltr'>leur</span> <span class='ocrx_word' id='word_1_315' title='bbox 321 1606 441 1639; x_wconf 86' lang='lat' dir='ltr'>ombrage</span> <span class='ocrx_word' id='word_1_316' title='bbox 457 1607 560 1634; x_wconf 86' lang='lat' dir='ltr'>humide</span> <span class='ocrx_word' id='word_1_317' title='bbox 573 1609 709 1641; x_wconf 80' lang='lat' dir='ltr'>j&#39;admirais</span> <span class='ocrx_word' id='word_1_318' title='bbox 727 1609 765 1634; x_wconf 76' lang='lat' dir='ltr'>ies</span> <span class='ocrx_word' id='word_1_319' title='bbox 784 1610 883 1641; x_wconf 87' lang='lat' dir='ltr'>plantes</span> <span class='ocrx_word' id='word_1_320' title='bbox 903 1607 949 1639; x_wconf 87' lang='lat' dir='ltr'>qui</span> <span class='ocrx_word' id='word_1_321' title='bbox 972 1605 1110 1632; x_wconf 72' lang='lat' dir='ltr'>s&#39;offraieut</span> <span class='ocrx_word' id='word_1_322' title='bbox 1128 1608 1142 1631; x_wconf 74' lang='lat' dir='ltr'>a</span> <span class='ocrx_word' id='word_1_323' title='bbox 1158 1608 1225 1637; x_wconf 84' lang='lat' dir='ltr'>moi,</span> <span class='ocrx_word' id='word_1_324' title='bbox 1242 1614 1291 1632; x_wconf 89' lang='lat' dir='ltr'>une</span> <span class='ocrx_word' id='word_1_325' title='bbox 1315 1613 1385 1632; x_wconf 83' lang='lat' dir='ltr'>sorte</span> <span class='ocrx_word' id='word_1_326' title='bbox 1408 1607 1543 1634; x_wconf 72' lang='lat' dir='ltr'>d&#39;instinCt</span> <span class='ocrx_word' id='word_1_327' title='bbox 1562 1615 1604 1633; x_wconf 84' lang='lat' dir='ltr'>me</span> 
     </span>
     <span class='ocr_line' id='line_1_30' title="bbox 84 1644 1603 1688; baseline 0.005 -17"><span class='ocrx_word' id='word_1_328' title='bbox 84 1646 174 1673; x_wconf 81' lang='lat' dir='ltr'>disait=</span> <span class='ocrx_word' id='word_1_329' title='bbox 192 1644 239 1675; x_wconf 59' lang='lat' dir='ltr'>‘les</span> <span class='ocrx_word' id='word_1_330' title='bbox 260 1648 356 1676; x_wconf 76' lang='lat' dir='ltr'>lichens</span> <span class='ocrx_word' id='word_1_331' title='bbox 373 1652 595 1686; x_wconf 72' lang='lat' dir='ltr'>decomposerent</span> <span class='ocrx_word' id='word_1_332' title='bbox 618 1656 658 1681; x_wconf 78' lang='lat' dir='ltr'>les</span> <span class='ocrx_word' id='word_1_333' title='bbox 684 1656 814 1688; x_wconf 87' lang='lat' dir='ltr'>premiers</span> <span class='ocrx_word' id='word_1_334' title='bbox 839 1656 863 1679; x_wconf 90' lang='lat' dir='ltr'>le</span> <span class='ocrx_word' id='word_1_335' title='bbox 886 1655 925 1679; x_wconf 87' lang='lat' dir='ltr'>sol</span> <span class='ocrx_word' id='word_1_336' title='bbox 945 1660 996 1686; x_wconf 86' lang='lat' dir='ltr'>que</span> <span class='ocrx_word' id='word_1_337' title='bbox 1020 1659 1051 1678; x_wconf 80' lang='lat' dir='ltr'>tu</span> <span class='ocrx_word' id='word_1_338' title='bbox 1067 1653 1173 1683; x_wconf 80' lang='lat' dir='ltr'>foules3</span> <span class='ocrx_word' id='word_1_339' title='bbox 1192 1654 1267 1686; x_wconf 75' lang='lat' dir='ltr'>apres</span> <span class='ocrx_word' id='word_1_340' title='bbox 1291 1660 1358 1684; x_wconf 82' lang='lat' dir='ltr'>eux,</span> <span class='ocrx_word' id='word_1_341' title='bbox 1377 1654 1413 1678; x_wconf 79' lang='lat' dir='ltr'>les</span> <span class='ocrx_word' id='word_1_342' title='bbox 1428 1662 1530 1679; x_wconf 76' lang='lat' dir='ltr'>mousses</span> <span class='ocrx_word' id='word_1_343' title='bbox 1548 1657 1603 1679; x_wconf 81' lang='lat' dir='ltr'>vin-</span> 
     </span>
     <span class='ocr_line' id='line_1_31' title="bbox 85 1694 1605 1734; baseline -0.001 -8"><span class='ocrx_word' id='word_1_344' title='bbox 85 1700 142 1719; x_wconf 67' lang='lat' dir='ltr'>resst</span> <span class='ocrx_word' id='word_1_345' title='bbox 155 1700 173 1726; x_wconf 75' lang='lat' dir='ltr'>Y</span> <span class='ocrx_word' id='word_1_346' title='bbox 194 1694 293 1720; x_wconf 61' lang='lat' dir='ltr'>former</span> <span class='ocrx_word' id='word_1_347' title='bbox 312 1703 345 1722; x_wconf 71' lang='grc' dir='ltr'>ΠΗ</span> <span class='ocrx_word' id='word_1_348' title='bbox 366 1695 455 1725; x_wconf 73' lang='lat' dir='ltr'>humus</span> <span class='ocrx_word' id='word_1_349' title='bbox 472 1701 529 1733; x_wconf 82' lang='lat' dir='ltr'>plus</span> <span class='ocrx_word' id='word_1_350' title='bbox 548 1702 632 1734; x_wconf 74' lang='lat' dir='ltr'>epais,</span> <span class='ocrx_word' id='word_1_351' title='bbox 651 1710 686 1728; x_wconf 85' lang='lat' dir='ltr'>ou</span> <span class='ocrx_word' id='word_1_352' title='bbox 706 1702 753 1728; x_wconf 86' lang='lat' dir='ltr'>des</span> <span class='ocrx_word' id='word_1_353' title='bbox 768 1701 884 1734; x_wconf 60' lang='lat' dir='ltr'>fougeres</span> <span class='ocrx_word' id='word_1_354' title='bbox 902 1706 948 1725; x_wconf 84' lang='lat' dir='ltr'>ont</span> <span class='ocrx_word' id='word_1_355' title='bbox 965 1699 1064 1724; x_wconf 79' lang='lat' dir='ltr'>ensuite</span> <span class='ocrx_word' id='word_1_356' title='bbox 1085 1699 1197 1730; x_wconf 72' lang='lat' dir='ltr'>vegete,</span> <span class='ocrx_word' id='word_1_357' title='bbox 1216 1705 1241 1724; x_wconf 86' lang='lat' dir='ltr'>et</span> <span class='ocrx_word' id='word_1_358' title='bbox 1260 1706 1312 1730; x_wconf 89' lang='lat' dir='ltr'>que</span> <span class='ocrx_word' id='word_1_359' title='bbox 1330 1700 1372 1725; x_wconf 85' lang='lat' dir='ltr'>des</span> <span class='ocrx_word' id='word_1_360' title='bbox 1390 1700 1513 1731; x_wconf 79' lang='lat' dir='ltr'>palmiers</span> <span class='ocrx_word' id='word_1_361' title='bbox 1533 1700 1605 1725; x_wconf 82' lang='lat' dir='ltr'>n’ont</span> 
     </span>
     <span class='ocr_line' id='line_1_32' title="bbox 83 1740 1604 1780; baseline -0.001 -7"><span class='ocrx_word' id='word_1_362' title='bbox 83 1740 204 1778; x_wconf 57' lang='grc' dir='ltr'>θωῖἓῐθὲέ</span> <span class='ocrx_word' id='word_1_363' title='bbox 219 1747 285 1767; x_wconf 81' lang='lat' dir='ltr'>avec</span> <span class='ocrx_word' id='word_1_364' title='bbox 302 1742 410 1770; x_wconf 88' lang='lat' dir='ltr'>d&#39;autres</span> <span class='ocrx_word' id='word_1_365' title='bbox 428 1747 514 1772; x_wconf 78' lang='lat' dir='ltr'>arbres</span> <span class='ocrx_word' id='word_1_366' title='bbox 538 1747 661 1780; x_wconf 78' lang='lat' dir='ltr'>qu&#39;apres</span> <span class='ocrx_word' id='word_1_367' title='bbox 676 1748 735 1774; x_wconf 84' lang='lat' dir='ltr'>bien</span> <span class='ocrx_word' id='word_1_368' title='bbox 751 1748 783 1774; x_wconf 88' lang='lat' dir='ltr'>de</span> <span class='ocrx_word' id='word_1_369' title='bbox 800 1748 912 1775; x_wconf 78' lang='lat' dir='ltr'>Siecles;</span> <span class='ocrx_word' id='word_1_370' title='bbox 937 1746 955 1771; x_wconf 90' lang='lat' dir='ltr'>il</span> <span class='ocrx_word' id='word_1_371' title='bbox 980 1751 1022 1770; x_wconf 89' lang='lat' dir='ltr'>est</span> <span class='ocrx_word' id='word_1_372' title='bbox 1039 1745 1216 1770; x_wconf 80' lang='lat' dir='ltr'>certainement</span> <span class='ocrx_word' id='word_1_373' title='bbox 1236 1744 1409 1776; x_wconf 71' lang='lat' dir='ltr'>remarquable</span> <span class='ocrx_word' id='word_1_374' title='bbox 1429 1752 1482 1777; x_wconf 86' lang='lat' dir='ltr'>que</span> <span class='ocrx_word' id='word_1_375' title='bbox 1502 1747 1527 1771; x_wconf 79' lang='lat' dir='ltr'>la</span> <span class='ocrx_word' id='word_1_376' title='bbox 1542 1748 1604 1771; x_wconf 82' lang='lat' dir='ltr'>moi-</span> 
     </span>
     <span class='ocr_line' id='line_1_33' title="bbox 83 1785 1599 1826; baseline 0.002 -12"><span class='ocrx_word' id='word_1_377' title='bbox 83 1787 118 1812; x_wconf 73' lang='lat' dir='ltr'>tie</span> <span class='ocrx_word' id='word_1_378' title='bbox 139 1785 170 1811; x_wconf 84' lang='lat' dir='ltr'>de</span> <span class='ocrx_word' id='word_1_379' title='bbox 188 1787 211 1811; x_wconf 78' lang='lat' dir='ltr'>la</span> <span class='ocrx_word' id='word_1_380' title='bbox 229 1786 311 1812; x_wconf 80' lang='lat' dir='ltr'>Flore·</span> <span class='ocrx_word' id='word_1_381' title='bbox 326 1788 358 1813; x_wconf 84' lang='lat' dir='ltr'>de</span> <span class='ocrx_word' id='word_1_382' title='bbox 374 1790 494 1818; x_wconf 83' lang='lat' dir='ltr'>Maurice</span> <span class='ocrx_word' id='word_1_383' title='bbox 514 1801 541 1820; x_wconf 85' lang='lat' dir='ltr'>et</span> <span class='ocrx_word' id='word_1_384' title='bbox 555 1793 589 1820; x_wconf 86' lang='lat' dir='ltr'>de</span> <span class='ocrx_word' id='word_1_385' title='bbox 610 1795 790 1826; x_wconf 82' lang='lat' dir='ltr'>Mascareigne</span> <span class='ocrx_word' id='word_1_386' title='bbox 805 1793 857 1819; x_wconf 88' lang='lat' dir='ltr'>soit</span> <span class='ocrx_word' id='word_1_387' title='bbox 876 1791 977 1817; x_wconf 77' lang='lat' dir='ltr'>formee</span> <span class='ocrx_word' id='word_1_388' title='bbox 992 1797 1037 1822; x_wconf 83' lang='lat' dir='ltr'>pat</span> <span class='ocrx_word' id='word_1_389' title='bbox 1057 1790 1104 1816; x_wconf 89' lang='lat' dir='ltr'>des</span> <span class='ocrx_word' id='word_1_390' title='bbox 1115 1791 1235 1823; x_wconf 56' lang='lat' dir='ltr'>fougeres</span> <span class='ocrx_word' id='word_1_391' title='bbox 1253 1796 1279 1816; x_wconf 88' lang='lat' dir='ltr'>et</span> <span class='ocrx_word' id='word_1_392' title='bbox 1298 1797 1343 1823; x_wconf 89' lang='lat' dir='ltr'>par</span> <span class='ocrx_word' id='word_1_393' title='bbox 1362 1789 1405 1816; x_wconf 86' lang='lat' dir='ltr'>des</span> <span class='ocrx_word' id='word_1_394' title='bbox 1423 1797 1599 1824; x_wconf 75' lang='lat' dir='ltr'>cryptogames.</span> 
     </span>
     <span class='ocr_line' id='line_1_34' title="bbox 81 1831 1599 1872; baseline 0.003 -13"><span class='ocrx_word' id='word_1_395' title='bbox 81 1831 123 1859; x_wconf 82' lang='lat' dir='ltr'>La</span> <span class='ocrx_word' id='word_1_396' title='bbox 143 1833 263 1859; x_wconf 82' lang='lat' dir='ltr'>nouvelle</span> <span class='ocrx_word' id='word_1_397' title='bbox 280 1834 410 1868; x_wconf 66' lang='lat' dir='ltr'>Zelande,</span> <span class='ocrx_word' id='word_1_398' title='bbox 436 1838 460 1863; x_wconf 87' lang='lat' dir='ltr'>la</span> <span class='ocrx_word' id='word_1_399' title='bbox 479 1839 585 1872; x_wconf 84' lang='lat' dir='ltr'>piupart</span> <span class='ocrx_word' id='word_1_400' title='bbox 602 1840 647 1866; x_wconf 88' lang='lat' dir='ltr'>des</span> <span class='ocrx_word' id='word_1_401' title='bbox 668 1841 714 1866; x_wconf 76' lang='lat' dir='ltr'>iles</span> <span class='ocrx_word' id='word_1_402' title='bbox 738 1839 771 1866; x_wconf 85' lang='lat' dir='ltr'>de</span> <span class='ocrx_word' id='word_1_403' title='bbox 788 1840 811 1865; x_wconf 87' lang='lat' dir='ltr'>la</span> <span class='ocrx_word' id='word_1_404' title='bbox 832 1844 887 1864; x_wconf 86' lang='lat' dir='ltr'>mer</span> <span class='ocrx_word' id='word_1_405' title='bbox 904 1836 939 1862; x_wconf 93' lang='lat' dir='ltr'>du</span> <span class='ocrx_word' id='word_1_406' title='bbox 956 1836 1008 1863; x_wconf 89' lang='lat' dir='ltr'>sud</span> <span class='ocrx_word' id='word_1_407' title='bbox 1026 1843 1052 1862; x_wconf 91' lang='lat' dir='ltr'>et</span> <span class='ocrx_word' id='word_1_408' title='bbox 1070 1844 1130 1863; x_wconf 86' lang='lat' dir='ltr'>tous</span> <span class='ocrx_word' id='word_1_409' title='bbox 1154 1838 1190 1862; x_wconf 87' lang='lat' dir='ltr'>les</span> <span class='ocrx_word' id='word_1_410' title='bbox 1210 1843 1272 1869; x_wconf 86' lang='lat' dir='ltr'>pays</span> <span class='ocrx_word' id='word_1_411' title='bbox 1294 1844 1430 1862; x_wconf 80' lang='lat' dir='ltr'>nouveaux</span> <span class='ocrx_word' id='word_1_412' title='bbox 1448 1838 1599 1869; x_wconf 64' lang='lat' dir='ltr'>presentent</span> 
     </span>
     <span class='ocr_line' id='line_1_35' title="bbox 81 1879 1597 1919; baseline 0.004 -15"><span class='ocrx_word' id='word_1_413' title='bbox 81 1880 107 1904; x_wconf 86' lang='lat' dir='ltr'>le</span> <span class='ocrx_word' id='word_1_414' title='bbox 127 1879 210 1905; x_wconf 73' lang='lat' dir='ltr'>meme</span> <span class='ocrx_word' id='word_1_415' title='bbox 235 1879 290 1907; x_wconf 87' lang='lat' dir='ltr'>fait.</span> <span class='ocrx_word' id='word_1_416' title='bbox 325 1880 386 1909; x_wconf 82' lang='lat' dir='ltr'>Vid.</span> <span class='ocrx_word' id='word_1_417' title='bbox 403 1882 510 1918; x_wconf 85' lang='lat' dir='ltr'>Voyage</span> <span class='ocrx_word' id='word_1_418' title='bbox 530 1884 591 1912; x_wconf 85' lang='lat' dir='ltr'>dans</span> <span class='ocrx_word' id='word_1_419' title='bbox 613 1887 652 1911; x_wconf 85' lang='lat' dir='ltr'>les</span> <span class='ocrx_word' id='word_1_420' title='bbox 679 1893 768 1919; x_wconf 85' lang='lat' dir='ltr'>quatre</span> <span class='ocrx_word' id='word_1_421' title='bbox 788 1885 946 1917; x_wconf 84' lang='lat' dir='ltr'>Principales</span> <span class='ocrx_word' id='word_1_422' title='bbox 970 1882 1023 1909; x_wconf 81' lang='lat' dir='ltr'>nes</span> <span class='ocrx_word' id='word_1_423' title='bbox 1046 1883 1090 1908; x_wconf 86' lang='lat' dir='ltr'>des</span> <span class='ocrx_word' id='word_1_424' title='bbox 1113 1883 1192 1909; x_wconf 88' lang='lat' dir='ltr'>Mers</span> <span class='ocrx_word' id='word_1_425' title='bbox 1217 1882 1375 1915; x_wconf 83' lang='lat' dir='ltr'>d&#39;Asrique‚</span> <span class='ocrx_word' id='word_1_426' title='bbox 1398 1889 1452 1915; x_wconf 85' lang='lat' dir='ltr'>part</span> <span class='ocrx_word' id='word_1_427' title='bbox 1470 1884 1494 1917; x_wconf 86' lang='lat' dir='ltr'>J.</span> <span class='ocrx_word' id='word_1_428' title='bbox 1512 1884 1543 1910; x_wconf 85' lang='grc' dir='ltr'>Β.</span> <span class='ocrx_word' id='word_1_429' title='bbox 1563 1883 1597 1910; x_wconf 87' lang='lat' dir='ltr'>G.</span> 
     </span>
     <span class='ocr_line' id='line_1_36' title="bbox 82 1925 1110 1965; baseline 0.004 -14"><span class='ocrx_word' id='word_1_430' title='bbox 82 1925 126 1952; x_wconf 89' lang='lat' dir='ltr'>M.</span> <span class='ocrx_word' id='word_1_431' title='bbox 143 1926 215 1958; x_wconf 83' lang='lat' dir='ltr'>Bo&#39;ry</span> <span class='ocrx_word' id='word_1_432' title='bbox 234 1926 267 1952; x_wconf 88' lang='lat' dir='ltr'>de</span> <span class='ocrx_word' id='word_1_433' title='bbox 284 1926 469 1957; x_wconf 84' lang='lat' dir='ltr'>St-Viucent.</span> <span class='ocrx_word' id='word_1_434' title='bbox 488 1938 501 1956; x_wconf 91' lang='lat' dir='ltr'>a</span> <span class='ocrx_word' id='word_1_435' title='bbox 518 1931 586 1957; x_wconf 84' lang='lat' dir='ltr'>Paris</span> <span class='ocrx_word' id='word_1_436' title='bbox 605 1932 679 1965; x_wconf 80' lang='lat'>1804.</span> <span class='ocrx_word' id='word_1_437' title='bbox 707 1931 785 1958; x_wconf 87' lang='lat' dir='ltr'>Tom.</span> <span class='ocrx_word' id='word_1_438' title='bbox 803 1931 854 1957; x_wconf 85' lang='lat'><em>111.</em></span> <span class='ocrx_word' id='word_1_439' title='bbox 871 1937 930 1964; x_wconf 86' lang='lat' dir='ltr'>pag.</span> <span class='ocrx_word' id='word_1_440' title='bbox 946 1931 991 1958; x_wconf 77' lang='lat'>168</span> <span class='ocrx_word' id='word_1_441' title='bbox 1009 1937 1034 1956; x_wconf 87' lang='lat' dir='ltr'>et</span> <span class='ocrx_word' id='word_1_442' title='bbox 1052 1929 1110 1961; x_wconf 85' lang='lat'>169.</span> 
     </span>
    </p>

    <p class='ocr_par' dir='ltr' id='par_1_8' title="bbox 115 1970 587 2010">
     <span class='ocr_line' id='line_1_37' title="bbox 115 1970 587 2010; baseline 0.019 -14"><span class='ocrx_word' id='word_1_443' title='bbox 115 1970 180 2005; x_wconf 69' lang='grc' dir='ltr'>(Ω)</span> <span class='ocrx_word' id='word_1_444' title='bbox 198 1972 259 1999; x_wconf 80' lang='lat' dir='ltr'>vid..</span> <span class='ocrx_word' id='word_1_445' title='bbox 277 1972 398 2000; x_wconf 87' lang='lat' dir='ltr'>Saussure</span> <span class='ocrx_word' id='word_1_446' title='bbox 414 1975 431 2002; x_wconf 84' lang='grc' dir='ltr'>Ι.</span> <span class='ocrx_word' id='word_1_447' title='bbox 449 1977 469 2003; x_wconf 89' lang='grc'><strong>1.</strong></span> <span class='ocrx_word' id='word_1_448' title='bbox 484 1985 512 2010; x_wconf 85' lang='lat' dir='ltr'>p.</span> <span class='ocrx_word' id='word_1_449' title='bbox 528 1978 587 2010; x_wconf 78' lang='lat'>448.</span> 
     </span>
    </p>

    <p class='ocr_par' dir='ltr' id='par_1_9' title="bbox 113 2016 1046 2057">
     <span class='ocr_line' id='line_1_38' title="bbox 113 2016 1046 2057; baseline 0.009 -15"><span class='ocrx_word' id='word_1_450' title='bbox 113 2017 181 2051; x_wconf 84' lang='lat'>(3)</span> <span class='ocrx_word' id='word_1_451' title='bbox 198 2016 260 2045; x_wconf 83' lang='lat' dir='ltr'>vid.</span> <span class='ocrx_word' id='word_1_452' title='bbox 278 2018 456 2050; x_wconf 83' lang='lat' dir='ltr'>Hassenfratz.</span> <span class='ocrx_word' id='word_1_453' title='bbox 473 2024 584 2050; x_wconf 84' lang='lat' dir='ltr'>Annales</span> <span class='ocrx_word' id='word_1_454' title='bbox 605 2023 637 2050; x_wconf 89' lang='lat' dir='ltr'>de</span> <span class='ocrx_word' id='word_1_455' title='bbox 656 2024 761 2051; x_wconf 82' lang='lat' dir='ltr'>Chimie</span> <span class='ocrx_word' id='word_1_456' title='bbox 787 2030 851 2051; x_wconf 87' lang='lat' dir='ltr'>tom.</span> <span class='ocrx_word' id='word_1_457' title='bbox 867 2023 939 2050; x_wconf 80' lang='lat' dir='ltr'><strong>xlv.</strong></span> <span class='ocrx_word' id='word_1_458' title='bbox 962 2031 988 2057; x_wconf 85' lang='lat' dir='ltr'>p.</span> <span class='ocrx_word' id='word_1_459' title='bbox 1002 2028 1046 2055; x_wconf 81' lang='grc'>55.</span> 
     </span>
    </p>

    <p class='ocr_par' dir='ltr' id='par_1_10' title="bbox 78 2062 1593 2150">
     <span class='ocr_line' id='line_1_39' title="bbox 114 2062 1593 2103; baseline 0.003 -13"><span class='ocrx_word' id='word_1_460' title='bbox 114 2062 179 2098; x_wconf 83' lang='grc'>(4)</span> <span class='ocrx_word' id='word_1_461' title='bbox 198 2064 263 2092; x_wconf 84' lang='lat' dir='ltr'>Vid.</span> <span class='ocrx_word' id='word_1_462' title='bbox 279 2065 404 2093; x_wconf 87' lang='lat' dir='ltr'>Schrader</span> <span class='ocrx_word' id='word_1_463' title='bbox 428 2069 453 2094; x_wconf 84' lang='lat' dir='ltr'>in</span> <span class='ocrx_word' id='word_1_464' title='bbox 477 2070 588 2097; x_wconf 82' lang='lat' dir='ltr'>Archiv.</span> <span class='ocrx_word' id='word_1_465' title='bbox 611 2069 657 2096; x_wconf 91' lang='lat' dir='ltr'>der</span> <span class='ocrx_word' id='word_1_466' title='bbox 680 2070 769 2103; x_wconf 84' lang='lat' dir='ltr'>Agric.</span> <span class='ocrx_word' id='word_1_467' title='bbox 788 2069 883 2097; x_wconf 86' lang='lat' dir='ltr'>Chem.</span> <span class='ocrx_word' id='word_1_468' title='bbox 901 2076 953 2096; x_wconf 86' lang='lat' dir='ltr'>von</span> <span class='ocrx_word' id='word_1_469' title='bbox 970 2067 1136 2095; x_wconf 77' lang='lat' dir='ltr'>Hermbstadt</span> <span class='ocrx_word' id='word_1_470' title='bbox 1162 2067 1196 2094; x_wconf 86' lang='lat' dir='ltr'>B.</span> <span class='ocrx_word' id='word_1_471' title='bbox 1211 2066 1280 2099; x_wconf 87' lang='lat' dir='ltr'>VII,</span> <span class='ocrx_word' id='word_1_472' title='bbox 1308 2075 1335 2100; x_wconf 90' lang='lat' dir='ltr'>p.</span> <span class='ocrx_word' id='word_1_473' title='bbox 1352 2073 1409 2100; x_wconf 80' lang='grc'><strong>315.</strong></span> <span class='ocrx_word' id='word_1_474' title='bbox 1433 2073 1458 2093; x_wconf 83' lang='lat' dir='ltr'>et</span> <span class='ocrx_word' id='word_1_475' title='bbox 1476 2068 1593 2099; x_wconf 82' lang='lat' dir='ltr'>egregius</span> 
     </span>
     <span class='ocr_line' id='line_1_40' title="bbox 78 2112 763 2150; baseline 0.01 -15"><span class='ocrx_word' id='word_1_476' title='bbox 78 2112 151 2136; x_wconf 75' lang='lat' dir='ltr'>iocus</span> <span class='ocrx_word' id='word_1_477' title='bbox 170 2117 207 2136; x_wconf 91' lang='lat' dir='ltr'>est</span> <span class='ocrx_word' id='word_1_478' title='bbox 226 2112 379 2144; x_wconf 85' lang='lat' dir='ltr'>Bergmanni</span> <span class='ocrx_word' id='word_1_479' title='bbox 398 2114 450 2147; x_wconf 87' lang='lat' dir='ltr'>Op.</span> <span class='ocrx_word' id='word_1_480' title='bbox 468 2115 536 2143; x_wconf 83' lang='lat' dir='ltr'>laud.</span> <span class='ocrx_word' id='word_1_481' title='bbox 560 2123 579 2142; x_wconf 84' lang='lat' dir='ltr'>t.</span> <span class='ocrx_word' id='word_1_482' title='bbox 600 2117 633 2143; x_wconf 91' lang='lat' dir='ltr'>V.</span> <span class='ocrx_word' id='word_1_483' title='bbox 656 2125 684 2150; x_wconf 89' lang='lat' dir='ltr'>p.</span> <span class='ocrx_word' id='word_1_484' title='bbox 704 2122 763 2150; x_wconf 79' lang='lat'>105.</span> 
     </span>
    </p>
   </div>
   <div class='ocr_carea' id='block_1_6' title="bbox 111 2154 943 2235">
    <p class='ocr_par' dir='ltr' id='par_1_11' title="bbox 111 2154 943 2235">
     <span class='ocr_line' id='line_1_41' title="bbox 111 2154 943 2233; baseline 0.017 -52"><span class='ocrx_word' id='word_1_485' title='bbox 111 2154 176 2192; x_wconf 86' lang='grc'>(5)</span> <span class='ocrx_word' id='word_1_486' title='bbox 196 2157 259 2184; x_wconf 84' lang='lat' dir='ltr'>Vid.</span> <span class='ocrx_word' id='word_1_487' title='bbox 278 2158 399 2186; x_wconf 77' lang='lat' dir='ltr'>saussure</span> <span class='ocrx_word' id='word_1_488' title='bbox 416 2161 435 2188; x_wconf 89' lang='lat' dir='ltr'>l.</span> <span class='ocrx_word' id='word_1_489' title='bbox 453 2162 471 2188; x_wconf 85' lang='grc'><strong>1.</strong></span> <span class='ocrx_word' id='word_1_490' title='bbox 493 2169 521 2194; x_wconf 83' lang='lat' dir='ltr'>p.</span> <span class='ocrx_word' id='word_1_491' title='bbox 542 2169 600 2195; x_wconf 89' lang='lat'>171.</span> <span class='ocrx_word' id='word_1_492' title='bbox 927 2203 943 2233; x_wconf 69' lang='lat'>3</span> 
     </span>
     <span class='ocr_line' id='line_1_42' title="bbox 883 2205 907 2235; baseline 0 0"><span class='ocrx_word' id='word_1_493' title='bbox 883 2205 907 2235; x_wconf 82' lang='lat' dir='ltr'>F</span> 
     </span>
    </p>
   </div>
  </div>
 </body>
</html>
