1919 2511
287 179 306 206 4
594 163 775 196 ANTONII
792 163 970 196 HENRICI
988 172 1055 195 vau
1075 172 1144 195 mm
1165 165 1283 196 BOON
1302 164 1448 196 MESCH

266 249 382 280 nonnisi
406 249 565 279 mechanice
584 258 694 278 arenam
720 248 749 278 in
773 249 896 277 humum·
912 256 994 285 agere
1011 248 1182 278 credendum
1207 255 1271 284 est,
1295 249 1404 286 quippe
1425 247 1496 286 quae
1518 249 1579 287 ejus
1608 251 1714 289 partes]
1740 251 1784 282 di.

266 302 358 337 vidit,
384 301 453 329 adeo
480 308 512 329 ut
534 301 580 329 aer
603 300 686 329 facile
711 300 845 336 accedat,
874 306 964 336 utque
987 308 1021 329 eo
1051 306 1080 329 et
1103 308 1176 335 aqua
1202 300 1307 329 humus
1338 300 1460 329 celerius
1488 306 1631 335 mutetur,
1660 302 1774 334 acidum

266 352 448 381 carbonicum
474 351 587 381 facilius
613 352 798 388 protrudatut
817 358 902 387 atque
928 349 1007 379 humi
1032 358 1189 380 extractum
1213 350 1366 381 formetur.

304 403 350 432 Ex
370 403 415 432 his
444 403 530 439 igitur
554 403 609 439 jain
634 408 755 439 apparet
779 401 866 439 hujus
894 401 1006 438 generis
1026 403 1121 431 solum
1148 411 1211 431 esse
1234 401 1350 437 fertile,
1382 402 1407 431 si
1429 402 1515 431 modo
1541 403 1657 432 accedat
1692 403 1786 432 humi-

267 454 358 489 ditas,
390 462 490 482 verum
511 453 597 481 simul
623 458 723 488 patet,
752 453 813 490 ejus
836 451 1013 481 fertilitatem
1035 452 1157 481 celerius
1181 453 1264 482 etiam
1287 453 1429 488 diminui,
1460 453 1539 482 humi
1564 454 1715 491 principiis
1738 454 1781 484 fa·

266 506 349 534 cilius
378 504 497 533 solutis.
538 503 626 541 Quod
651 502 768 531 Thacrii
792 502 979 532 confirmatur
1000 504 1217 540 experimento,
1240 504 1289 540 qui
1316 511 1400 540 agros
1425 503 1532 532 vidisse
1559 504 1677 541 scribit,
1708 513 1780 541 quo-

267 565 327 584 rum
353 564 435 584 arena
453 554 537 589 aquis
562 553 718 582 fluentibus
738 553 866 589 deposita
892 561 920 583 et
936 561 1109 592 congregata
1126 556 1247 583 multum
1272 554 1438 584 continebat
1455 555 1554 591 humi,
1576 563 1644 592 post
1667 556 1780 592 aliquot

265 615 356 636 annos
384 606 501 635 omnino
529 606 562 634 ea
586 605 724 642 privatam
748 614 811 634 esse
839 611 866 634 et
891 606 963 635 nihil
989 606 1120 635 relictum
1143 606 1199 635 nisi
1224 614 1335 635 arenam
1358 606 1450 635 albam
1472 606 1552 643 (1).
1591 607 1653 644 Jam
1674 607 1780 637 intelli-

267 659 344 693 gitur
368 666 454 693 quare
478 656 620 693 ejusmodi
644 659 706 686 sola
731 656 844 693 saepius
871 656 930 686 sint
955 657 1158 693 stercoranda3
1192 663 1220 686 et
1239 656 1366 685 diversae
1390 656 1514 686 rationes
1541 658 1645 694 etiam,
1672 659 1780 695 quibus

267 708 457 744 agriculturae
475 714 503 736 et
521 708 603 737 laetis
621 708 766 745 segetibus
789 708 899 743 aptiora
923 708 1095 744 reddantur,
1117 708 1189 737 hanc
1209 708 1380 737 confirmant
1401 708 1569 737 sententiam
1593 710 1672 747 (2).
1711 711 1782 740 Inde

268 759 350 787 etiam
379 758 509 795 egregius
539 767 637 789 arenae
662 768 732 789 usus
756 759 791 788 ad
814 767 901 796 agros
927 759 1133 795 corrigendos,
1165 759 1216 795 qui
1239 759 1325 788 nimia
1349 765 1377 787 et
1401 767 1572 796 congregata
1593 760 1682 789 humo
1711 770 1782 792 con-

267 816 362 845 stant,
395 809 529 845 quoniam
553 809 594 838 sic
622 811 682 847 ejus
704 817 801 848 partes
827 810 916 848 magis
943 809 1169 847 disjunguntur,
1202 811 1336 848 majorem
1362 811 1523 846 plantarum
1551 811 1784 841 sustinendarum

265 860 323 888 vim
347 860 522 896 acquirunt,
542 867 627 897 atque
650 861 734 891 nimis
758 870 860 898 magna
886 869 977 898 aquae
995 860 1166 889 inhibendae
1192 867 1220 889 et
1241 861 1377 890 tenendae
1400 861 1536 890 facultate
1562 867 1590 890 et
1616 861 1786 892 humiditate

267 911 417 947 priventur
448 913 463 948 (
475 912 542 949 333⁷
571 913 645 943 unde
669 913 745 942 illam
781 913 862 942 etiam
894 912 1031 942 adhibent
1054 912 1195 948 agricolae
1219 912 1254 940 ad
1285 921 1369 949 agros
1397 913 1560 953 cespitosos
1583 912 1787 950 corrigendos,

267 963 313 991 Sic
341 964 426 1000 Angli
447 964 529 992 etiam
551 965 663 1001 pulveri
687 965 850 1002 cespitum,
874 963 1006 1001 inprimis
1029 972 1127 992 eorum
1150 963 1200 999 qui
1218 963 1290 992 acidi
1311 964 1368 993 vim
1395 963 1523 993 referunt
1539 985 1549 999 ,
1570 963 1672 992 addere
1693 964 1789 992 solent

266 1023 377 1043 arenam
402 1021 430 1043 et
453 1023 556 1051 magno
585 1017 779 1045 emolumento
803 1023 947 1052 tamquam
977 1015 1046 1045 fimo
1079 1022 1212 1045 utuntur.
1253 1016 1324 1044 Non
1351 1017 1527 1045 adsentimur
1552 1022 1646 1045 tamen
1671 1015 1785 1044 Pfeiffe-

266 1075 297 1094 ro
329 1066 412 1103 (4)
443 1066 614 1097 existimanti
645 1067 787 1105 ejusmodi
809 1067 935 1104 cespites
956 1075 1041 1096 arena
1070 1073 1127 1096 tam
1152 1066 1282 1095 celeriter
1310 1067 1412 1095 mutari
1445 1074 1473 1095 et
1504 1066 1661 1103 dissolvi,
1699 1074 1786 1103 quam

267 1119 356 1147 calce.
921 1123 924 1127 “

304 1170 351 1198 Ex
380 1169 425 1198 his
452 1178 520 1206 ergo
549 1171 605 1207 jam
633 1177 735 1207 patet,
762 1171 909 1207 quomodo
941 1169 1036 1207 ipsius
1064 1169 1120 1198 soli
1148 1175 1248 1198 natura
1274 1175 1301 1198 et
1326 1168 1437 1198 indoles
1458 1168 1535 1198 varia
1559 1167 1597 1197 sit
1621 1161 1674 1205 pro
1705 1168 1783 1198 varia

266 1221 345 1249 humi
369 1221 455 1257 copizl
480 1227 508 1248 et
535 1229 587 1256 pro
613 1221 700 1249 variis
720 1221 805 1251 terris
832 1221 936 1257 quibus
961 1220 1069 1257 mixtag,
1099 1226 1127 1249 et
1152 1220 1179 1261 si
1204 1221 1388 1249 consulamus
1414 1220 1606 1257 experimenta
1630 1219 1784 1256 Bergman-

267 1273 316 1307 ni,
347 1272 451 1306 Davii‚
481 1272 627 1309 Chaptalii
649 1272 850 1309 aliorumque,
878 1272 1051 1301 concludere
1077 1261 1251 1307 possumus,
1272 1270 1447 1300 diversarum
1473 1278 1609 1300 terrarum
1636 1271 1784 1300 miseelam

266 1323 451 1352 necessariam
478 1332 541 1353 esse
567 1325 602 1353 ad
627 1313 723 1353 solum
749 1323 845 1353 fertile
869 1322 1049 1354 faciendum,
1072 1321 1182 1358 quippe
1207 1322 1307 1351 harum
1332 1321 1402 1351 vitia
1426 1322 1484 1351 illis
1509 1321 1714 1359 corriguntur,
1735 1323 1782 1351 vel

265 1375 377 1404 illarum
404 1375 525 1404 virtutes
552 1383 712 1412 augentur;
747 1385 830 1412 quam
855 1375 998 1405 miscelam
1024 1373 1165 1401 diversam
1192 1381 1259 1414 erge)
1288 1382 1350 1402 esse
1377 1373 1470 1402 voluit
1497 1380 1597 1401 natura
1623 1381 1676 1409 pro
1700 1372 1781 1402 vario

267 1427 360 1456 coelo.
401 1426 448 1455 Sic
473 1434 504 1456 v.
527 1435 558 1463 g·
577 1433 666 1456 terrae
689 1427 775 1456 calcis
800 1433 828 1456 et
850 1427 959 1455 siliciae
982 1425 1048 1461 plus
1064 1430 1165 1461 potest
1189 1433 1253 1454 esse
1275 1425 1362 1453 humo
1389 1424 1511 1453 admixta
1536 1424 1566 1453 in
1588 1423 1779 1460 regionibus,

267 1477 318 1505 ubi
338 1479 449 1505 coelum
472 1485 515 1506 est
540 1478 699 1507 humidum.
740 1477 874 1514 Inprimis
904 1484 997 1506 autern
1022 1477 1070 1507 hic
1096 1477 1189 1514 agitur
1209 1479 1244 1507 de
1262 1478 1390 1515 physicis
1405 1477 1649 1515 proprietatibus,
1675 1485 1780 1514 secun-

267 1527 334 1555 dum
365 1536 434 1563 quas
464 1527 638 1558 fertilitatem
669 1529 726 1558 soli
750 1529 898 1567 dijudicari
926 1538 1042 1566 posse,
1070 1528 1202 1565 inprimis
1227 1530 1327 1558 docuit
1362 1529 1558 1564 Schublerus.,
1589 1536 1674 1564 quem
1700 1527 1781 1556 dein·

267 1586 337 1613 ceps
359 1587 426 1614 prae
451 1579 512 1607 aliis
537 1580 628 1609 Cadet
656 1581 690 1609 de
719 1581 892 1609 Gassicourt
923 1588 1039 1610 secutus
1065 1587 1115 1611 est.
1169 1580 1249 1618 Quas
1273 1580 1407 1617 physicas
1428 1579 1622 1616 proprietates
1649 1578 1777 1607 omnium

269 1635 405 1657 terrarum
446 1630 486 1658 sic
521 1631 603 1659 etiam
642 1632 721 1660 humi
760 1632 935 1660 Schublerus
968 1633 1041 1662 inter
1074 1641 1105 1660 se
1136 1632 1337 1667 comparavit,
1374 1632 1520 1668 hujusque
1561 1628 1791 1665 comparationis?

270 1688 406 1708 suminam
425 1680 454 1709 in
477 1680 592 1710 Tabula
619 1683 783 1719 exposuit,
814 1692 897 1718 quam
922 1683 988 1711 huic
1014 1689 1116 1712 nostro
1149 1684 1293 1719 opusculo
1312 1682 1489 1716 addidimus,
1522 1681 1631 1717 quippe
1656 1688 1712 1715 qua
1738 1678 1780 1707 sic

269 1730 405 1760 facillime
438 1737 467 1759 et
498 1739 557 1760 uno
580 1733 732 1761 oculorum
764 1733 845 1769 quasi
869 1733 975 1762 obtutu
1002 1742 1067 1762 cum
1099 1733 1192 1770 ipsius
1227 1732 1307 1762 humi
1328 1732 1465 1769 physicae
1487 1731 1678 1769 proprietates
1709 1737 1780 1758 con-

1728 1788 1786 1816 spr-

306 1861 321 1896 (
336 1862 374 1897 ι)
392 1863 455 1890 Vid.
472 1863 563 1892 Thaer.
581 1866 597 1891 Ι.
616 1866 634 1891 1.
654 1874 681 1898 p.
703 1873 748 1892 ιη
768 1873 792 1892 at
811 1873 869 1899 ¹25.
888 1873 914 1892 et
931 1866 1092 1898 Schubarth,
1110 1868 1128 1894 1.
1145 1868 1163 1893 l.
1180 1875 1207 1900 p.
1222 1875 1267 1899 42.

307 1909 345 1942 (2
360 1909 375 1943 )
395 1910 475 1936 Conf.
493 1911 628 1939 Verhand.
645 1920 693 1937 van
710 1912 742 1937 de
760 1913 946 1945 Maatschappij
965 1920 1014 1938 van
1036 1913 1134 1941 Landb.
1150 1920 1176 1940 te
1197 1912 1355 1940 Amsterdam
1376 1919 1439 1939 tom.
1454 1911 1517 1939 V11.
1542 1917 1576 1938 st.
1593 1918 1618 1944 3.
1644 1908 1779 1936 Verband·

271 1964 318 1981 van
337 1957 369 1981 de
389 1957 576 1990 Maatschappij
600 1964 626 1982 te
646 1959 763 1984 Haarletn
785 1965 848 1985 torn.
865 1959 915 1985 111.
938 1964 971 1987 st.
988 1968 1014 1987 2.
1051 1960 1086 1986 Et
1105 1961 1145 1988 111.
1164 1961 1198 1987 G·
1217 1961 1251 1988 K.
1274 1967 1322 1987 van
1345 1958 1500 1992 l-Iogendorp
1524 1957 1660 1991 Bijdragen
1686 1962 1725 1982 tot
1747 1954 1780 1981 de

270 2004 356 2030 huish.
374 2010 422 2028 van
440 2003 507 2029 Stant
524 2011 588 2029 tom.
603 2005 653 2031 111.
671 2013 698 2037 p.
714 2012 746 2037 29
760 2011 786 2030 et
800 2011 848 2038 73.⁷

307 2047 370 2082 (3)
390 2049 448 2080 Vid,
470 2050 570 2080 Thaer,
591 2051 609 2076 l.
628 2052 660 2081 1.‚
682 2060 708 2083 p.
728 2058 785 2077 112.

308 2093 375 2129 (4)
395 2096 455 2123 Vid.
476 2096 591 2123 Pfeiffers
603 2115 611 2129 ‚
630 2097 758 2124 Critische
773 2097 876 2124 Briefen
893 2105 920 2131 Ρ.
934 2103 977 2130 25.
