1919 2511
423 170 653 203 RESPONSIO
674 179 717 202 An
739 171 1050 213 QUAESTIONEM
1072 170 1295 202 PHYSICAM-
1555 178 1591 209 17

83 256 168 293 quod
203 254 314 284 urendo
348 254 564 292 comperimus;
605 255 784 285 obtinuimus
818 256 893 285 enim
931 255 1027 283 eadem
1055 254 1197 291 principia
1229 259 1314 289 atque
1341 251 1455 281 alterius
1487 259 1596 281 extrac-

85 307 119 336 ti.
170 306 248 336 Illud
273 311 366 334 autem
392 304 572 341 relinquebat
597 305 720 335 leviores
750 306 905 344 particulas
940 305 1036 342 nigras
1068 312 1096 334 et
1128 304 1251 333 carbone
1277 303 1470 339 abundantes,
1500 312 1589 339 quae,

83 364 117 387 ut
155 357 254 386 docuit
290 355 441 392 Kortius,
468 365 529 386 non
562 357 632 386 adeo
662 356 746 386 facile
784 357 814 386 in
845 356 955 386 cineres
991 356 1159 393 rediguntur
1191 355 1276 392 (ι).
1333 353 1433 389 Atque
1465 355 1592 391 ejusmo-

80 408 113 438 di
137 414 182 436 est
208 407 255 436 illa
285 416 351 443 pars
381 407 491 443 humi,
525 417 609 445 quam
641 408 740 438 alcalia
772 409 911 441 solvunt,
941 415 1083 443 quamque
1110 406 1159 435 alii
1184 411 1357 434 exsti-actum
1387 403 1466 432 humi
1496 405 1590 434 alcali-

80 460 136 489 bus
166 457 291 487 solubile
316 457 439 494 dicunt,
468 458 515 487 alii
541 458 658 487 humum
691 459 841 496 oxydatam
876 459 892 496 (
907 457 1039 495 oxydirte
1055 458 1084 494 ).
1132 456 1270 494 Ejusdem
1297 462 1413 485 naturae
1445 455 1588 484 materiem

80 509 164 539 etiam
202 507 358 544 reperimus
390 508 420 537 in
453 509 541 538 humo
573 517 611 538 ex
641 508 720 538 foliis
751 517 910 545 quercuum
936 515 965 537 et
998 508 1132 546 pinorum
1160 506 1256 542 factm
1286 505 1316 534 in
1349 505 1401 533 hac
1431 505 1518 534 humo
1545 512 1588 535 ta-

79 569 145 590 men
171 568 229 588 eam
250 559 495 588 concomitabatur
521 559 696 597 principium
723 560 888 590 coriarium.
928 559 1008 595 Sed,
1036 566 1068 588 ut
1098 559 1128 588 id
1155 559 1210 587 hoc
1239 559 1306 586 loco
1336 565 1464 585 moneam
1480 577 1491 591 ,
1518 556 1588 586 Bra-

79 617 225 642 connotus
241 630 253 647 ,
281 611 345 639 usta
374 618 472 640 rasura
496 610 567 649 ligni
595 620 658 641 cum
685 612 831 648 potassa,
859 609 1035 647 comparavit
1059 608 1223 644 materiem,
1255 615 1339 644 quam
1369 608 1519 636 ztlminium
1546 608 1589 637 di-

76 663 121 693 xit
142 663 233 701 (2);
263 669 328 690 cum
352 661 400 690 illa
429 661 544 691 materie
568 662 647 692 notis
677 661 834 692 convenire
859 661 1007 697 quamdam
1041 660 1122 688 humi
1154 659 1297 689 materiem
1326 665 1425 696 postea
1455 659 1586 695 invenit,

77 715 207 750 adeoque
230 711 376 749 perhibuit
398 719 462 740 esse
488 711 519 741 in
552 713 642 742 humo
668 714 819 743 ulmlnium
845 711 932 749 (3),
964 720 1017 749 ego
1047 718 1141 740 autem
1165 711 1239 740 hanc
1269 710 1349 738 humi
1373 711 1516 739 materiem
1541 720 1590 740 ex·

76 770 214 794 stracturn
238 762 320 792 humi
344 763 421 798 dixi,
452 770 558 800 atque,
582 771 647 794 usta
676 773 773 793 rasura
796 763 867 800 ligni
895 771 960 792 cum
989 763 1126 799 potassa,
1147 769 1212 791 cum
1236 760 1353 790 omnino
1383 760 1433 790 fiat
1460 763 1589 791 materies

77 815 146 845 huic
170 820 312 844 exstracto
330 813 410 842 humi
433 813 598 850 simillima,
620 822 773 851 propterea
794 814 915 844 dicimus
932 814 989 842 hoc
1008 814 1095 843 modo
1120 821 1135 841 e
1152 813 1232 849 ligno
1258 812 1321 840 fieri
1344 818 1514 841 exstractum
1534 814 1588 842 hu-

77 866 130 896 mi·
169 864 359 895 Praeferimus
383 870 476 893 autem
499 865 644 901 antiquam
667 875 768 896 vocem
793 871 970 895 exstractam
989 864 1069 893 humi
1088 872 1156 901 prae
1175 872 1250 893 nova
1270 864 1404 900 ulminii‚·
1427 864 1534 901 quippe
1550 866 1586 894 il-

76 917 129 947 lud
153 915 330 946 Braconnoti
355 915 505 945 ulminium
530 916 625 946 differt
650 918 728 947 notis
744 917 780 946 ab
801 916 849 946 illa
868 915 1002 952 materie,
1026 923 1099 951 quae
1116 915 1239 951 primum
1261 915 1336 943 dicta
1357 921 1401 943 est
1419 916 1591 952 ulminium,

76 968 108 997 id
130 974 190 1002 est,
211 967 307 996 differt
334 966 368 995 ab
392 967 535 1003 ulminio,
565 968 644 1004 quod
665 968 742 998 inest
762 968 792 997 in
812 968 934 996 alburno
958 967 1048 1004 ligni,
1069 965 1199 1003 inprimis
1225 966 1256 995 in
1286 965 1395 994 cortice
1422 966 1513 1003 ulmi3
1535 976 1590 996 no-

75 1026 143 1055 tae,
166 1018 273 1054 quibus
295 1017 411 1053 differt,
433 1018 553 1047 maxime
569 1019 622 1047 hae
647 1025 736 1055 sunt3
756 1018 908 1048 ulminium
922 1017 1038 1046 ¹alburni
1053 1023 1081 1046 et
1097 1017 1168 1046 ulmi
1184 1016 1308 1046 solvitur
1323 1018 1418 1052 aqua,
1440 1025 1468 1047 et
1486 1018 1589 1048 tribuit

77 1077 169 1106 aquae
191 1068 429 1105 spissitudinem,
451 1069 561 1098 nullum
584 1076 679 1099 autem
697 1071 845 1106 colorem3
865 1076 896 1098 at
919 1077 988 1098 vero
1008 1067 1158 1097 ulminiurn
1182 1068 1376 1105 Braconnoti,
1398 1068 1427 1097 id
1449 1077 1510 1105 est,
1531 1071 1589 1100 usti

78 1120 152 1158 ligni
177 1126 206 1150 et
229 1119 330 1155 humi,
357 1120 482 1150 solvitur
506 1121 601 1156 aqua,
630 1129 684 1149 nec
705 1127 799 1150 tamen
825 1121 894 1150 huic
918 1119 1136 1156 spissitudinem
1162 1118 1285 1155 tribuit,
1316 1126 1345 1148 at
1364 1128 1434 1149 vero
1462 1122 1588 1150 colorem

79 1171 201 1204 flavum,
222 1169 392 1199 subfuscum
414 1170 497 1208 (4).
540 1170 571 1199 Si
593 1171 682 1208 igitur
704 1171 763 1201 sint
787 1178 918 1200 auctores
931 1190 942 1207 ,
965 1171 1014 1206 qui
1033 1170 1123 1199 velint
1144 1169 1238 1198 inesse
1260 1170 1290 1199 in
1310 1170 1396 1199 humo
1415 1171 1564 1201 ulminium
1577 1193 1589 1209 ,

79 1221 111 1251 hi
136 1219 301 1257 significent
324 1220 472 1250 ulminium
495 1220 692 1258 Braconnoti‚
711 1230 771 1251 non
791 1221 939 1250 ulminium
959 1221 1071 1250 alburni
1094 1226 1122 1249 et
1142 1220 1224 1249 ulmi.
1267 1221 1344 1250 Hinc
1365 1222 1448 1251 etiam
1469 1224 1591 1260 explica·

79 1278 126 1302 tur
152 1271 201 1301 illa
226 1270 380 1308 confusio,
410 1280 481 1308 quae
507 1272 584 1309 apud
611 1279 743 1302 auctores
766 1273 800 1302 de
821 1272 942 1302 ulminio
969 1271 1116 1301 invenitur
1135 1271 1228 1308 (5),
1248 1280 1314 1300 cum
1341 1272 1410 1302 duas
1435 1273 1588 1304 dissimiles

1523 1335 1588 1363 res,

110 1406 130 1441 (
141 1405 177 1442 x)
193 1405 255 1434 Vid.
274 1407 357 1433 Korte
372 1406 394 1433 l.
410 1406 429 1434 1.
446 1414 504 1441 pag.
519 1411 549 1440 93
566 1415 591 1435 et
606 1413 651 1441 94.
689 1408 812 1436 Cromme
829 1409 848 1435 1.
864 1407 884 1434 l.
901 1413 959 1440 pag.
972 1404 1032 1438 363.

110 1452 130 1489 (
142 1453 184 1486 ι)
210 1452 272 1479 Vid.
292 1453 382 1478 Annai.
397 1452 430 1478 de
449 1453 536 1480 Chim.
553 1460 577 1479 et
592 1453 625 1480 de
641 1454 722 1486 Phys.
749 1454 828 1480 Tom.
842 1452 888 1479 XI.
904 1461 932 1486 p.
948 1458 1006 1485 172.

113 1495 184 1534 (3)
209 1498 269 1524 Vid.
286 1497 379 1524 Annal.
397 1498 429 1524 de
449 1499 546 1530 Chim,
564 1507 598 1525 ou
612 1499 726 1526 Recueil
741 1500 774 1527 de
795 1501 876 1526 Mem.
891 1505 1046 1525 concernant
1058 1499 1083 1524 ia
1099 1498 1188 1525 Chim.
1208 1503 1234 1523 et
1251 1497 1291 1523 les
1310 1499 1372 1525 Arts
1383 1517 1392 1531 ‚
1412 1506 1437 1525 et
1452 1500 1474 1525 la
1489 1500 1588 1528 Pharin.

77 1552 124 1579 par
144 1546 254 1578 Guyton
269 1550 323 1569 etc.
344 1544 423 1570 Tem.
437 1544 508 1572 LXI.
525 1554 552 1578 p.
571 1552 629 1578 191.

111 1590 181 1626 (4)
202 1590 262 1616 Vid.
285 1589 494 1623 Jahres-Bericht
515 1591 584 1617 siber
597 1591 642 1617 die
667 1592 840 1619 Fortschritte
857 1591 905 1617 der
926 1590 1088 1624 Physischen
1104 1590 1321 1616 wissenschaften
1344 1598 1396 1616 von
1415 1592 1440 1625 J.
1455 1593 1588 1620 Berzelius

77 1645 121 1664 aus
135 1636 185 1662 den
206 1635 409 1662 Schwedischen
424 1636 547 1663 iibersezt
566 1645 619 1663 von
638 1639 671 1665 C.
685 1639 724 1664 Ἐξ.
742 1639 857 1665 Gmelin.
884 1638 908 1664 1.
925 1637 1051 1672 Jahrgang
1068 1637 1143 1663 1822.
1166 1644 1195 1669 p.
1213 1638 1268 1663 108.
1285 1638 1328 1662 ubi
1345 1638 1456 1670 legitur;
1476 1640 1589 1666 Bracon.

78 1690 124 1710 not
144 1683 199 1715 gibt
221 1683 313 1709 weiter
328 1689 376 1713 an,
395 1681 451 1707 dass
474 1689 534 1707 wen
555 1690 611 1708 man
627 1684 773 1716 sagespiine
795 1684 842 1710 mit
866 1683 984 1716 gleichen
1004 1683 1115 1708 Theilen
1131 1682 1307 1709 kaustischem
1330 1683 1386 1710 Kali
1410 1685 1459 1710 und
1484 1687 1528 1711 mit
1553 1694 1589 1713 et·

76 1736 129 1755 was
147 1729 247 1754 Wasser
270 1728 388 1758 mischt‚
413 1727 466 1753 und
490 1727 533 1754 die
561 1729 707 1762 Mischung
729 1730 794 1755 iiber
815 1730 874 1755 dem
892 1729 978 1754 Feuer
1003 1729 1029 1753 in
1052 1729 1137 1754 einem
1161 1729 1323 1762 Siibertiegel
1342 1730 1441 1764 erhiZt,
1466 1732 1590 1760 wahrend

79 1781 137 1800 man
157 1773 294 1806 bestindig
314 1773 454 1804 umriihrt,
473 1774 512 1799 ein
539 1775 684 1808 Zeitpunkt
705 1775 855 1806 erscheint,
879 1781 922 1800 wo
944 1773 988 1800 die
1007 1775 1151 1808 Siigespiiue
1176 1775 1292 1801 weichet
1315 1775 1437 1808 werden,
1454 1779 1510 1804 sich
1536 1780 1593 1806 auf-

77 1821 154 1847 ffisen
172 1819 223 1845 und
246 1818 448 1846 ausschwenen.
489 1820 563 1846 Wird
589 1821 653 1846 daun
675 1820 723 1847 der
743 1821 836 1853 Tiegel
861 1828 904 1846 aus
927 1818 984 1846 dem
1011 1821 1093 1846 Feuer
1118 1827 1287 1853 genommen,
1312 1823 1364 1848 und
1389 1822 1431 1848 die
1457 1826 1542 1852 Messe
1565 1829 1591 1852 in

80 1866 181 1892 Wasser
195 1865 339 1897 aufgeldst,
358 1872 388 1890 so
406 1865 488 1892 erhfflt
503 1873 561 1891 man
582 1867 640 1892 eine
659 1866 770 1893 dunkele
780 1866 957 1899 Fifissigkeit,
977 1867 1081 1893 welche
1094 1866 1245 1892 Braconnot
1256 1868 1290 1893 als
1306 1869 1363 1894 eine
1377 1869 1522 1904 Auss6sung
1539 1880 1591 1899 von

81 1906 187 1939 Uimine
206 1912 231 1937 in
249 1912 333 1937 Alcali
351 1911 509 1938 betrachtet.

86 1955 90 1959 '
115 1959 208 1985 Dieser
224 1957 293 1984 Stoff
309 1956 409 1983 scheint
429 1958 489 1983 aber
507 1957 572 1983 nach
590 1956 634 1983 der
655 1956 866 1990 Beschreibung,
885 1958 928 1989 ,die
952 1962 980 1983 et
1000 1956 1084 1984 davon
1107 1955 1173 1989 gab,
1191 1964 1254 1991 ganz
1272 1959 1374 1986 iilmlich
1395 1969 1428 1987 zu
1448 1970 1511 1996 seyn
1530 1965 1588 1992 dem

81 2005 195 2030 braunen
219 2004 329 2030 EXtract
346 2010 390 2028 aus
413 2003 461 2029 der
485 2002 653 2034 Ackererde‚
681 2005 730 2030 mit
753 2004 881 2030 welchem
903 2011 931 2029 er
955 2005 1004 2029 alle
1025 2003 1229 2036 Eigenschaften
1251 2007 1354 2036 gemeiu
1377 2008 1436 2038 hat,
1455 2011 1504 2035 wie
1527 2012 1591 2037 Auf-

84 2047 233 2075 lleichkeit
256 2050 282 2075 in
305 2049 432 2076 Alkalien.
474 2049 631 2076 Fiillbarkeit
655 2049 741 2076 durch
770 2051 884 2081 satu-cn,
911 2050 1009 2083 wob'ey
1035 2056 1063 2076 er
1088 2050 1143 2076 sich
1169 2051 1213 2076 mit
1236 2043 1286 2076 den
1313 2053 1408 2079 Saiiren
1444 2057 1593 2089 verbinder,

78 2096 217 2122 schwarze
234 2095 317 2121 Farbe
328 2113 336 2126 ‚
354 2094 406 2120 und
430 2096 596 2129 Sps6digkeit
613 2096 638 2121 in
657 2096 804 2122 truckenem
822 2096 945 2124 Zustand.

114 2140 183 2176 (5³
212 2140 280 2169 Vid.
309 2140 444 2168 Thomson
468 2144 536 2175 Syst.
562 2142 595 2168 de
617 2142 707 2169 Chim.
730 2141 811 2170 Tom.
826 2141 903 2169 Vm.
927 2150 956 2174 p.
969 2143 1012 2170 80.
1047 2141 1181 2171 Thenard.
1205 2143 1350 2172 Tom.[11.
1378 2149 1474 2179 p.418.
1499 2149 1591 2179 Orfila.

908 2187 935 2217 C
1516 2196 1594 2229 Tem,
