1919 2511
276 211 313 233 ω
584 196 782 229 PETRI
829 193 1473 233 ABRAHAMIJELTES

272 281 413 319 imprimis
436 289 480 310 me
506 281 648 318 compulit
671 287 764 310 metus
777 300 787 316 ,
807 289 861 315 ne,
882 279 907 309 si
932 279 1001 308 liaec
1027 277 1121 307 fusius
1138 277 1292 315 referrem,
1312 275 1546 308 Clarissimorum
1567 277 1701 308 Virorum
1722 285 1774 316 pa.

274 333 374 363 tientia
400 333 550 368 abuterer,
572 341 624 362 nec
648 334 709 361 Vos
734 332 764 361 in
785 332 847 359 mea
872 330 1081 366 scriptiuncula
1105 337 1220 365 magnae
1251 330 1406 360 verborum
1431 329 1531 366 copiae
1557 331 1703 364 aequalem
1737 338 1785 359 re·

274 385 404 421 periretis
428 383 538 412 dicendi
568 383 750 420 ubertatem)
768 382 879 410 abunde
902 388 1033 410 constare
1056 380 1169 409 videtur
1190 380 1260 408 ratio
1284 381 1457 410 diversarum
1479 380 1640 417 specierum
1660 389 1677 409 a
1692 381 1785 411 variis¹

275 436 455 465 Auctoribus
482 440 681 469 acceptarum,
703 439 731 461 et
757 440 835 468 nos,
856 432 891 461 ad
917 431 1130 460 distinctionem
1153 432 1332 461 luxationum
1361 431 1568 468 primitivarum
1592 437 1620 460 et
1646 432 1784 461 secunda-

276 488 381 516 riarum
401 491 550 521 attentos,
571 492 649 520 non,
672 490 705 512 ut
726 491 820 520 puto,
849 482 948 512 latebit
977 482 1104 519 plurium
1132 483 1319 520 specierum,
1350 490 1421 519 quas
1448 482 1580 511 nonnulli
1605 481 1780 520 admittunt,

274 538 371 575 origo.

619 765 913 797 CAPUT
998 764 1439 796 TERTIUM.

307 864 348 883 DE
372 862 519 883 nivenso
547 861 645 885 sl'rU‚
668 855 899 888 Dlvznsfiqun
919 859 1147 881 nxnzcrloNE
1168 859 1281 879 IPSIUS
1307 860 1398 879 OSSIS
1419 859 1582 886 nummu,
1609 860 1648 881 ΕΤ
1671 860 1753 881 Mus·

340 910 516 930 CULORUM
543 908 642 928 HANG
668 907 995 927 ARTICULA'HONEM
1024 905 1241 925 MOVENTIUM
1265 907 1308 925 AD
1329 906 1504 926 CENTRUM
1528 907 1717 928 caverrls

609 953 794 974 scnl‘ULAr.
820 953 858 973 lu
880 949 1039 975 stGULa
1065 955 1288 975 LUXATIOle
1315 955 1449 975 SPECIE.

275 1038 486 1115 Quicunque
512 1069 651 1105 morbus,
671 1069 820 1108 cujusdam
847 1069 1000 1098 morbosae
1025 1077 1126 1099 causae
1152 1069 1348 1106 productum,
1368 1077 1438 1098 suos
1460 1069 1546 1099 habet
1572 1069 1711 1103 effectus‚
1732 1076 1786 1105 po·

271 1121 315 1150 nit
342 1122 416 1151 enim
438 1130 455 1151 a
478 1121 598 1150 sanitate
622 1130 787 1157 recessum,
809 1129 895 1157 quem
920 1129 983 1151 non
1006 1120 1068 1150 sine
1095 1120 1188 1150 taedio
1217 1120 1327 1158 patitur
1353 1128 1482 1157 corpu5‚
1503 1119 1582 1149 illius
1609 1118 1787 1149 conditionis

271 1180 403 1209 memor,
426 1174 484 1209 qua
506 1179 587 1202 antea
607 1172 666 1201 frui
687 1173 770 1201 dulce
789 1178 861 1201 erat.

310 1223 447 1252 Attamen
466 1233 525 1253 non
550 1230 605 1252 tam
625 1223 730 1252 sensile
750 1228 794 1251 est
816 1231 924 1259 corpus
940 1222 1115 1260 humanum,
1138 1228 1172 1252 ut
1194 1222 1338 1253 levissima
1353 1231 1439 1251 causa
1458 1221 1585 1251 sanitatis
1607 1220 1783 1251 harmoniam

271 1273 445 1310 perturbet,
473 1282 501 1303 et
532 1275 597 1303 inde
625 1273 779 1304 inordinati
806 1274 934 1303 cieantur
961 1281 1084 1311 motus3
1119 1274 1165 1304 vis
1192 1274 1267 1304 enim
1293 1274 1428 1311 quaedam
1461 1271 1626 1303 medicatrix
1660 1273 1783 1301 multum

271 1323 342 1352 boni
360 1324 442 1353 etiam
466 1334 600 1362 operatur
623 1325 763 1362 corpori,
790 1324 966 1354 imminentis
983 1325 1049 1355 mali
1076 1334 1161 1362 saepe
1183 1325 1294 1359 inscio,
1315 1325 1401 1361 dein,
1426 1325 1484 1354 nisi
1507 1323 1677 1361 tempestive
1701 1324 1785 1352 tolle·

271 1381 350 1403 retur
371 1384 478 1413 causa,
497 1376 614 1405 altiores
636 1376 768 1405 emissuri
790 1376 921 1413 radices,
942 1385 1015 1413 quae
1042 1376 1172 1406 sanitatis
1197 1376 1414 1406 fundamentum
1437 1375 1646 1413 subreperent,
1667 1380 1695 1404 et
1716 1381 1784 1403 mox

271 1425 450 1462 irreparabili
480 1428 561 1464 lapsu
590 1428 776 1457 inverterent.

310 1477 393 1506 Hanc
417 1485 509 1507 autem
535 1478 615 1513 vim,
644 1479 835 1516 Hippocratis⁴
858 1478 1017 1516 Ἐνορμῶν,
1045 1487 1144 1517 regere
1170 1486 1312 1508 summum
1336 1484 1381 1507 est
1405 1483 1434 1507 et
1459 1476 1568 1506 Medici
1594 1482 1622 1506 et
1647 1475 1784 1513 Chirurgi

273 1527 419 1564 officium,
440 1529 628 1565 impetuosam
646 1531 720 1560 enirn
746 1530 924 1566 refraenare,
945 1529 1087 1566 torpidam
1111 1530 1232 1559 excitare
1252 1530 1351 1562 decet,
1373 1535 1428 1565 ut,
1448 1528 1577 1558 sanitatis
1608 1525 1784 1565 aequilibrio

270 1578 427 1615 restituto,
450 1588 515 1608 curn
540 1580 676 1609 facilitate
700 1588 727 1610 et
753 1582 959 1610 delectamento
984 1580 1115 1617 corporis
1140 1580 1305 1610 functiones
1330 1580 1428 1617 peragi
1449 1579 1578 1615 possint.

310 1628 389 1658 Haec
415 1630 577 1660 harmonica
604 1631 736 1668 corporis
755 1631 884 1668 operatio
907 1631 1020 1660 tollitur
1039 1640 1243 1667 nonnunquam
1264 1631 1293 1660 in
1313 1631 1449 1660 teneriori
1470 1630 1650 1659 vasculorum
1669 1633 1788 1657 contex-

273 1685 327 1712 tu,
345 1688 551 1718 nonnunquam
576 1682 605 1712 in
625 1682 756 1720 rigidiori
782 1683 892 1712 ossium
919 1689 1077 1720 apparatu,
1105 1682 1156 1712 illo
1182 1690 1210 1712 e.
1234 1690 1264 1722 g.
1294 1680 1531 1717 inflammationi,
1562 1679 1619 1709 hoc
1646 1677 1786 1708 luxationi

274 1729 431 1761 laborante.

312 1781 443 1818 Utraque
466 1790 558 1812 autem
583 1784 714 1820 corporis
742 1784 876 1814 morbosa
894 1785 1022 1814 conditio
1046 1784 1166 1814 sensiles
1189 1784 1326 1820 producit
1357 1784 1495 1819 effectus3
1518 1781 1559 1811 sic
1581 1781 1610 1810 in
1632 1780 1787 1810 inflamma-

276 1832 374 1868 tione,
395 1835 510 1863 arenula
534 1834 611 1863 forte
633 1837 718 1864 oculo
738 1836 858 1872 illapsa,
881 1844 909 1865 et
933 1835 1122 1864 membranam
1141 1835 1359 1872 conjunctivam
1384 1835 1531 1868 irritante,
1555 1832 1672 1861 minima
1696 1839 1784 1867 vasa,

275 1889 356 1912 antea
381 1885 462 1912 etiam
486 1886 623 1914 acerrima
645 1887 725 1916 visus
754 1887 814 1915 acie
839 1895 898 1916 non
920 1887 1096 1923 detegenda,
1127 1887 1266 1923 sanguine
1292 1887 1381 1915 rubro
1408 1885 1519 1922 turgida
1544 1882 1786 1920 conspiciuntur,

277 1935 393 1969 pulsant
417 1941 472 1965 cet.
501 1944 552 1964 nec
573 1937 666 1966 minus
691 1937 720 1966 in
742 1937 906 1974 laxatione,
926 1936 1035 1966 vitiatis
1059 1938 1156 1966 motus
1181 1937 1400 1973 inscrumenffl,
1421 1935 1545 1972 partium
1561 1935 1654 1967 situs,
1676 1939 1799 1963 motus--

280 1993 335 2020 que
354 1985 383 2013 in
403 1985 476 2014 vitio
508 1994 569 2016 esse
596 1995 725 2024 apparet.

316 2036 403 2066 Hunc
428 2045 520 2066 autem
544 2046 682 2068 mutatum
701 2040 826 2076 ,partium
846 2040 934 2070 situm
962 2039 992 2069 in
1020 2040 1134 2078 singula
1151 2039 1307 2069 luxationis
1331 2038 1407 2068 ossis
1428 2037 1539 2067 humeri
1556 2035 1652 2074 specie
1670 2033 1790 2065 investi·

281 2096 345 2124 gare
372 2089 558 2124 sequentibus
582 2086 662 2126 §piris
687 2099 821 2122 nostrum
846 2098 890 2121 est
913 2092 1117 2130 propositum,
1138 2098 1169 2121 ut
1191 2091 1317 2120 ultimam
1338 2091 1424 2129 huJ'us
1449 2087 1593 2118 Sectionis
1614 2093 1722 2125 partem
1738 2085 1789 2114 ab·

279 2141 434 2171 solvamus,

1687 2226 1718 2262 ς.
1752 2232 1782 2256 1.
