1919 2511
362 187 382 218 8
714 180 1472 217 H.G.'1¹YDEM'AN

358 281 438 322 gant
449 277 466 319 ,Ι
481 281 512 310 et
526 287 544 309 a
563 275 806 320 magistratibus
825 286 845 309 a
865 285 901 309 se
920 275 1050 317 electis,
1068 279 1099 308 et
1116 285 1135 307 a
1152 274 1306 318 Principe
1322 274 1458 317 ejusque
1478 271 1680 307 administris
1692 297 1702 316 ,
1725 283 1828 319 agno-

361 334 411 366 sci
438 333 571 367 videant
591 338 624 365 et
655 333 827 365 exerceri?

412 389 538 433 Quanti
563 389 605 422 sit
631 397 727 422 veras
754 393 786 421 et
809 387 945 421 idoneas
963 386 1114 420 notiones
1130 384 1254 418 habere
1275 383 1442 429 politiam,
1470 386 1585 428 quanti
1613 391 1740 420 constet
1765 387 1828 421 illis

365 511 413 534 an
434 502 554 534 nullius
581 501 669 533 hanc
691 499 727 533 in
750 510 821 533 rem
846 499 969 532 tristior
995 499 1036 532 sit
1056 497 1277 542 experientia,
1304 507 1405 542 quam
1434 503 1549 531 nostra
1576 499 1764 542 Belgarum.
1787 517 1833 527 —

363 558 435 598 Qui
456 558 490 589 in
521 555 592 600 ipsa
623 557 757 600 quidem
776 555 857 589 olim
884 554 1064 599 Hispanis&
1095 553 1319 587 dominatione
1349 553 1536 597 depellenda
1551 578 1561 595 ,
1594 559 1626 586 et
1648 564 1708 597 per
1732 565 1832 589 omne

368 612 486 645 deinde
512 618 644 656 tempus
668 611 808 654 liberae,
839 622 924 655 quae
945 610 1139 653 dicebatur,
1167 609 1398 653 Reipublicae,
1429 610 1544 654 pulcro
1572 609 1776 655 blandoque,
1800 617 1833 646 et

365 677 448 701 sane
473 668 680 710 venerando,
703 667 763 700 sed
787 667 900 699 fallace
925 667 1056 710 saepius
1079 671 1111 698 et
1128 665 1284 698 insidioso
1314 664 1496 698 libertatis
1517 667 1651 699 nomine
1675 667 1832 700 commoti

364 729 397 755 et
425 724 535 767 agitati
563 729 595 755 et
620 724 654 756 in
676 729 902 757 transversum
927 722 1051 755 fuimus
1073 723 1150 755 acti.
1197 722 1367 764 Primum,
1390 723 1425 755 in
1446 733 1503 764 eo,
1527 733 1570 755 ne
1594 728 1749 766 parerent
1776 732 1834 756 ex-

363 779 443 811 teris
455 803 465 819 ‚
484 778 547 811 sed
574 778 743 821 propriam
766 779 930 811 civitatem
953 775 1139 816 efficerent3
1162 787 1262 819 mox,
1285 783 1323 810 ut
1342 778 1548 821 singularum
1569 784 1695 822 septem
1716 778 1831 812 foede-

363 839 517 867 ratarum
542 834 791 877 provinciarum
813 831 960 865 Ordines
985 832 1053 866 sive
1080 834 1223 873 Status,
1256 842 1338 865 suae
1369 834 1417 865 rei
1441 833 1640 867 domesticae
1665 833 1729 866 sibi
1758 833 1833 877 pla-

361 895 460 922 ceant
485 888 641 930 arbitrio,
670 889 711 922 de
739 898 776 921 re
807 887 978 921 communi
1006 886 1148 919 consiliis
1172 887 1374 930 decernant,
1405 893 1537 921 sumtus
1567 899 1636 922 non
1660 888 1833 923 conferant

362 944 475 984 inviti3
507 955 597 978 nunc
617 950 656 977 ut
680 943 716 977 in
746 943 881 988 singulis
905 941 1043 976 urbibus
1071 953 1194 986 paucae
1217 943 1361 977 familiae
1394 945 1580 987 Optimates
1609 934 1834 988 principatum

365 1005 561 1041 exerceant,
584 1000 631 1033 de
655 998 838 1033 honoribus
864 997 1047 1042 opibusque
1071 997 1210 1040 publicis
1240 999 1276 1033 in
1297 1008 1360 1032 sua
1391 999 1567 1033 commoda
1589 1004 1760 1041 statuant,
1791 998 1833 1032 de

363 1055 507 1098 populo,
535 1065 635 1098 quem
660 1055 789 1098 plebem
811 1060 953 1097 vocant,
982 1064 1051 1087 non
1077 1054 1164 1086 ultra
1185 1055 1329 1095 solliciti3
1360 1066 1441 1089 mox
1466 1061 1504 1089 ut
1530 1054 1639 1089 exosis
1663 1055 1755 1089 hisce
1777 1061 1833 1099 ty-

366 1110 515 1144 rannulis
544 1112 719 1154 repressis,
751 1112 804 1145 alii
826 1120 955 1155 quoque
978 1110 1065 1145 cives
1092 1110 1202 1153 aliquo
1223 1121 1366 1145 numero
1385 1110 1596 1145 habeantur:
1620 1122 1712 1145 nunc
1736 1116 1773 1145 ut
1794 1112 1830 1145 in

365 1167 500 1210 singulis
518 1168 713 1211 provinciiS,
739 1167 870 1211 oppidis
885 1191 895 1209 ,
915 1165 1057 1210 collegiis
1079 1165 1184 1199 multa
1204 1167 1272 1200 sint
1293 1168 1387 1211 priva
1410 1167 1591 1211 praecipua
1615 1169 1688 1209 jura
1710 1165 1831 1210 quibus

365 1223 590 1268 praefulgeant
615 1222 686 1258 aliis
710 1230 768 1258 aut
787 1228 1002 1268 prosperent‚
1026 1228 1058 1256 et
1081 1222 1165 1256 haec
1184 1227 1272 1256 serta
1297 1228 1383 1256 tecta
1412 1227 1603 1263 serventur;
1626 1233 1724 1264 mox,
1747 1230 1834 1257 con-'

366 1283 436 1319 tra,
469 1288 513 1311 ne
532 1279 579 1313 *sit
603 1279 712 1324 aliqua
736 1282 933 1324 quusquam
958 1279 1110 1322 ordini&
1139 1280 1257 1314 classis
1279 1287 1341 1315 aut
1370 1280 1434 1315 loci
1462 1280 1693 1326 praeeessentia
1705 1305 1717 1323 ,
1748 1279 1834 1314 haec

364 1334 475 1367 omnis
503 1333 694 1377 aboleatur,
725 1343 757 1370 et
784 1337 827 1371 ad
850 1348 954 1371 unam
975 1338 1065 1370 iilam
1094 1337 1245 1370 strictam
1275 1336 1520 1381 aequalitatis
1539 1347 1695 1370 normam
1718 1334 1832 1369 omnia

362 1389 551 1433 redigantur
579 1406 622 1416 —
651 1390 686 1424 in
711 1390 763 1424 his
795 1392 971 1433 omnibuS,
998 1399 1070 1426 'tam
1100 1393 1236 1428 diversis
1269 1400 1367 1437 atque
1399 1393 1593 1434 contrariis,
1626 1410 1671 1419 —
1703 1396 1826 1433 testor,

359 1452 505 1481 vestram
527 1447 567 1479 A.
588 1448 648 1480 ΑΛ
684 1447 851 1481 Historiae
878 1449 1005 1491 patriae
1031 1448 1271 1492 cognitionem,
1304 1448 1525 1491 plurimorum
1553 1447 1687 1491 quidem
1713 1452 1745 1480 et
1767 1458 1828 1480 ex-

359 1501 554 1543 perientiam
586 1521 620 1528 —-
650 1502 835 1536 libertatem
865 1503 952 1538 velut
980 1505 1078 1538 unice
1109 1505 1323 1539 constitutam
1354 1503 1578 1548 proclamari,
1611 1503 1765 1547 amplecti
1797 1509 1831 1538 et

363 1557 530 1590 mordicus
560 1557 703 1592 vidimus
735 1560 863 1599 teneri,
895 1559 1024 1593 diversa
1055 1561 1233 1594 sentientes
1259 1559 1366 1602 odiis,
1405 1559 1587 1602 conviciis,
1621 1558 1830 1593 contumeliis

362 1609 539 1655 exagitari,
562 1613 697 1656 locoque
719 1624 781 1647 suo
807 1613 843 1646 in
867 1613 996 1647 civitate
1021 1613 1109 1657 pelli.
1138 1634 1170 1639 —
1195 1618 1313 1648 Donec
1337 1615 1495 1656 tandem,
1517 1620 1549 1648 et
1575 1615 1671 1647 malis
1694 1613 1828 1657 quidem

362 1668 484 1700 nostris
509 1667 615 1702 edocti
628 1694 637 1710 ,
666 1669 726 1702 sed
753 1675 785 1704 et
808 1671 949 1703 rectiore
971 1670 1091 1712 judicio
1117 1669 1332 1713 doctrinaque
1359 1670 1485 1712 politica
1513 1668 1587 1710 usi,
1616 1679 1685 1701 non
1713 1667 1750 1702 in
1772 1679 1830 1703 ex-

365 1724 456 1756 terna
480 1724 646 1767 regiminis
675 1724 779 1758 forma
814 1726 864 1760 vel
885 1724 1020 1768 speeie,
1050 1726 1111 1760 sed
1141 1726 1245 1766 ineo
1270 1724 1414 1769 positam
1440 1723 1615 1758 didicimus
1645 1723 1830 1759 libertatem

364 1777 528 1820 politicam
542 1802 552 1820 ,
583 1785 746 1824 quatenus
771 1781 807 1814 in
832 1780 972 1824 gerenda
1002 1791 1039 1815 re
1060 1780 1189 1826 publica
1215 1781 1326 1824 judicii
1346 1781 1469 1816 civium
1496 1777 1723 1814 honestiorum
1744 1781 1829 1814 ratio

363 1833 408 1865 sit
431 1832 598 1868 habenda.-

410 1888 585 1932 Vicissim,
608 1891 687 1924 dum
714 1891 855 1925 subinde
879 1893 985 1926 nostri
1004 1894 1186 1935 Proeeres,
1207 1893 1294 1927 vires
1315 1897 1385 1926 tam
1411 1895 1544 1924 nostrae
1568 1889 1707 1924 civitatis
1724 1901 1826 1935 quam

364 1943 503 1976 aliarum
516 1969 526 1985 ‚
557 1956 589 1978 et
614 1953 797 1981 crescentes
826 1948 913 1981 vires
939 1949 1101 1993 aliorum,
1133 1950 1255 1984 nostris
1283 1949 1416 1994 quidem
1446 1948 1557 1982 adhuc
1582 1948 1735 1990 intactis,
1766 1947 1824 1982 sed

364 1997 450 2031 dum
475 2010 542 2032 non
566 2002 688 2042 pariter
704 2009 889 2047 augentur,
912 2003 978 2038 hoc
1006 2003 1079 2049 ipso
1106 2006 1220 2039 fractis
1248 2011 1349 2049 atque
1375 2004 1538 2047 superatis
1567 2019 1611 2028 —
1640 2002 1720 2034 dum
1742 2001 1827 2036 haec

366 2053 464 2095 igitur
490 2055 541 2090 vel
562 2066 634 2091 non
655 2057 735 2092 satis
764 2063 883 2093 curant
907 2065 940 2094 et
957 2061 1152 2105 explorant,
1170 2062 1223 2095 vel
1240 2062 1348 2094 securi
1374 2059 1437 2093 sibi
1459 2056 1693 2099 blandiuntur,
1715 2067 1828 2091 nonne

1761 2121 1824 2146 su-
