1919 2511
374 136 601 171 RESPONSIO
626 145 672 168 An
701 133 1013 176 QUAESTIONEM
1040 133 1320 166 LITERARIAM.
1578 140 1615 170 13

799 240 918 253 ——n-

525 316 831 350 FABULA
889 315 1200 346 TERTIA.

608 414 692 439 1180,
728 412 868 436 Asmvs,
902 412 942 431 ET
975 411 1119 432 vum’sss·

427 488 507 519 Inita
527 490 657 519 societate
675 490 792 525 asinus,
813 495 841 517 et
860 488 900 517 leo
919 497 953 517 ac
971 488 1066 527 vulpes
1078 508 1089 525 ,

466 542 609 572 Venatum
627 543 705 576 iere,
725 549 866 580 quumque
880 538 993 578 praeda
1004 539 1071 576 jam
1091 539 1183 568 multa

421 593 516 622 Facta
536 599 604 627 esset
616 612 627 629 ,
648 599 734 630 atque
751 592 825 620 hanc
844 597 902 620 tres
921 588 1023 620 asellus
1041 591 1072 619 in
1087 596 1189 629 partes

459 642 602 674 Dividere
613 636 729 680 jussus,
750 650 785 671 ex
803 641 870 671 bono
890 648 957 670 esset
976 648 1062 680 atque
1081 649 1168 678 aequo

425 696 574 730 partitus,
594 695 644 723 ira
664 693 704 722 leo
723 692 856 731 superbus
877 694 1007 722 exarsit:

462 746 660 784 Miserumque
679 745 828 776 divisorem
848 745 988 774 atrociter
1006 752 1074 772 seme

425 796 496 826 Doli
515 797 607 834 mali,
628 804 715 835 atque
733 798 898 835 iniquitatis
917 807 1078 833 accusans,

469 847 670 887 Discerptum,
690 849 786 878 hitmti
803 849 930 879 condidit
948 857 1040 879 vorax
1059 847 1137 877 alvo.

429 898 519 928 Rictu
539 906 655 929 cruento
674 899 773 930 deinde
792 909 888 931 versus
907 900 949 930 ad
966 900 1099 939 vulpem,

471 949 512 978 Ut
522 949 640 986 faceret
657 960 762 988 aequas
779 951 873 981 sedulo
891 952 988 979 innuit
1001 956 1116 988 partes.

429 1000 478 1028 Ea
490 1000 587 1036 firme
606 1001 642 1028 ab
661 1010 719 1029 una
735 1009 823 1038 parta
840 1008 943 1030 cuncta
961 1000 1080 1029 secrevit

465 1049 578 1079 Leoni:
597 1051 633 1079 ab
652 1052 749 1080 altera
769 1051 803 1080 id
819 1050 873 1080 sibi
892 1049 967 1088 quod
984 1059 1003 1078 a
1022 1055 1110 1078 tanta-

432 1101 631 1132 pauxillulum
652 1101 827 1131 detractione
846 1100 985 1130 restabat.

477 1151 548 1180 Tum
565 1153 686 1189 gestiens
706 1153 767 1182 leo:
786 1152 881 1188 unde,
904 1153 969 1186 ait,
990 1159 1070 1179 soror
1088 1148 1209 1188 νηζοες,

432 1202 475 1231 Es
494 1201 649 1231 dividundo
669 1209 730 1232 tam
751 1202 868 1232 erudita
887 1202 1052 1231 communi?

476 1253 564 1282 Asini
582 1254 734 1283 calamitas
760 1255 908 1291 exitusque
927 1251 1058 1290 lugubris

437 1304 489 1334 Me
501 1304 598 1342 fecit,
618 1306 714 1344 inquit
732 1305 787 1335 illa
798 1325 809 1342 ,
822 1304 1068 1341 surcconsultam..

411 1443 414 1448 ἱ
477 1406 585 1436 Aliena
604 1413 671 1436 sunt
683 1407 796 1445 pericla
815 1405 910 1435 cautio
930 1412 1041 1434 nostra.

152 1457 231 1494 Leo,
260 1455 387 1493 Asinus,
409 1463 436 1485 et
453 1456 569 1495 Vulpes.
608 1456 668 1486 Est
683 1457 780 1487 fabula
797 1456 941 1494 Aesopica
959 1456 989 1485 in
1005 1456 1085 1492 vulg.
1106 1454 1222 1483 collect.
1244 1452 1292 1490 38.
1311 1451 1344 1481 in>
1357 1449 1440 1480 Fror.
1464 1450 1542 1480 Cod.
1563 1458 1630 1488 109.

115 1518 233 1546 eamque
252 1508 427 1546 expressisse
444 1508 584 1538 Faernum
603 1509 849 1539 demonstratione
866 1516 926 1537 non
945 1506 1066 1544 indiget.

155 1560 206 1588 Ex
223 1560 290 1588 bono
310 1575 346 1582 —
366 1567 453 1598 atque
474 1569 573 1598 aequo.
612 1561 646 1591 Id
671 1567 735 1594 est,
764 1559 922 1589 secundum
947 1558 1086 1596 justitiam
1109 1563 1138 1586 et
1161 1554 1350 1592 aequitatem,
1379 1562 1462 1590 quam
1493 1552 1550 1582 vim
1574 1552 1632 1581 el'e-

115 1619 228 1650 gantem
261 1611 484 1650 praepositionis
510 1621 546 1641 ex
572 1613 709 1650 exemplis
732 1611 887 1642 illustravit
910 1604 1031 1640 Cottius
1055 1609 1091 1638 ad
1120 1608 1193 1638 illud
1222 1606 1344 1637 Sallust.
1378 1604 1497 1635 Catilin.
1518 1612 1581 1640 cap.
1603 1606 1631 1633 8.

115 1661 244 1700 princip.
273 1681 293 1700 „
304 1662 437 1692 Fortuna
454 1678 489 1684 —
506 1672 552 1693 res
568 1670 685 1692 cunctas
700 1673 735 1692 ex
751 1663 869 1693 libidine
886 1664 979 1701 magis
994 1671 1081 1700 quam
1098 1669 1134 1689 ex
1148 1667 1214 1689 vero
1228 1653 1389 1688 celebrat.’‘’
1413 1657 1518 1686 Bonum
1541 1660 1634 1684 autem

118 1713 148 1743 in
164 1713 216 1743 hac
239 1713 336 1750 phrasi
350 1714 465 1750 justum
488 1714 631 1752 significat
650 1721 678 1743 et
700 1714 813 1750 quidem
843 1714 1001 1743 secundum
1025 1709 1152 1742 eximiam
1179 1711 1255 1740 illam
1283 1715 1414 1739 veterum
1443 1705 1632 1742 sententiam,

122 1772 178 1800 qua
198 1764 294 1793 bonus
313 1764 358 1794 vir
381 1765 447 1796 κατ’
467 1766 568 1803 ἐξοχὴν
587 1766 614 1795 is
638 1766 787 1795 dicebatur
811 1766 861 1802 qui
883 1773 967 1794 suum
988 1764 1096 1800 cuique
1114 1760 1272 1792 tribuebat.

159 1815 267 1846 Aliena
282 1823 347 1847 sunt
359 1818 469 1857 pericla
488 1825 545 1846 cet.
585 1817 714 1847 Similem
733 1817 903 1847 sententiam
923 1814 1010 1846 habet
1027 1813 1114 1845 Publ.
1134 1813 1263 1850 syrius:-

437 1868 544 1898 Bonum
567 1875 606 1898 est
618 1867 764 1906 fugienda
783 1867 929 1907 adspicere
946 1868 977 1897 in
996 1867 1089 1897 alieno
1109 1863 1202 1895 malo.-
