<?xml version="1.0" encoding="UTF-8"?>
<!DOCTYPE html PUBLIC "-//W3C//DTD XHTML 1.0 Transitional//EN"
    "http://www.w3.org/TR/xhtml1/DTD/xhtml1-transitional.dtd">
<html xmlns="http://www.w3.org/1999/xhtml" xml:lang="en" lang="en">
 <head>
  <title>
</title>
<meta http-equiv="Content-Type" content="text/html;charset=utf-8" />
  <meta name='ocr-system' content='tesseract 3.04.00' />
  <meta name='ocr-capabilities' content='ocr_page ocr_carea ocr_par ocr_line ocrx_word'/>
</head>
<body>
  <div class='ocr_page' id='page_1' title='image "annalesacademiae24rijk_0343.png"; bbox 0 0 1919 2511; ppageno 0'>
   <div class='ocr_carea' id='block_1_1' title="bbox 365 126 1616 172">
    <p class='ocr_par' dir='ltr' id='par_1_1' title="bbox 365 126 1616 172">
     <span class='ocr_line' id='line_1_1' title="bbox 365 126 1616 172; baseline 0.005 -14"><span class='ocrx_word' id='word_1_1' title='bbox 365 126 596 158; x_wconf 81' lang='lat' dir='ltr'>RESPONSIO</span> <span class='ocrx_word' id='word_1_2' title='bbox 621 135 664 156; x_wconf 78' lang='lat' dir='ltr'>AD</span> <span class='ocrx_word' id='word_1_3' title='bbox 687 126 997 167; x_wconf 82' lang='lat' dir='ltr'><strong>QUAESTIONEM</strong></span> <span class='ocrx_word' id='word_1_4' title='bbox 1020 128 1345 162; x_wconf 82' lang='lat' dir='ltr'>THEOLOGICAM.</span> <span class='ocrx_word' id='word_1_5' title='bbox 1419 133 1425 138; x_wconf 93' lang='lat'><em>&#39;</em></span> <span class='ocrx_word' id='word_1_6' title='bbox 1580 142 1616 172; x_wconf 81' lang='lat'>37</span> 
     </span>
    </p>
   </div>
   <div class='ocr_carea' id='block_1_2' title="bbox 43 209 1607 1324">
    <p class='ocr_par' dir='ltr' id='par_1_2' title="bbox 43 209 1607 606">
     <span class='ocr_line' id='line_1_2' title="bbox 138 209 1607 252; baseline 0.007 -13"><span class='ocrx_word' id='word_1_7' title='bbox 138 210 231 240; x_wconf 85' lang='lat' dir='ltr'>Facile</span> <span class='ocrx_word' id='word_1_8' title='bbox 248 212 398 247; x_wconf 88' lang='lat' dir='ltr'>sequitur,</span> <span class='ocrx_word' id='word_1_9' title='bbox 419 211 488 239; x_wconf 88' lang='lat' dir='ltr'>haec</span> <span class='ocrx_word' id='word_1_10' title='bbox 507 209 599 239; x_wconf 88' lang='lat' dir='ltr'>omnia</span> <span class='ocrx_word' id='word_1_11' title='bbox 619 209 718 239; x_wconf 83' lang='lat' dir='ltr'>Caroli</span> <span class='ocrx_word' id='word_1_12' title='bbox 735 212 883 239; x_wconf 83' lang='lat' dir='ltr'>conamina</span> <span class='ocrx_word' id='word_1_13' title='bbox 899 210 933 238; x_wconf 90' lang='lat' dir='ltr'>ad</span> <span class='ocrx_word' id='word_1_14' title='bbox 952 212 1083 241; x_wconf 83' lang='lat' dir='ltr'>tuendam</span> <span class='ocrx_word' id='word_1_15' title='bbox 1098 221 1113 241; x_wconf 92' lang='lat' dir='ltr'>a</span> <span class='ocrx_word' id='word_1_16' title='bbox 1128 215 1256 250; x_wconf 89' lang='lat' dir='ltr'>patribus</span> <span class='ocrx_word' id='word_1_17' title='bbox 1277 216 1436 252; x_wconf 85' lang='lat' dir='ltr'>antiquitus</span> <span class='ocrx_word' id='word_1_18' title='bbox 1461 219 1607 249; x_wconf 82' lang='lat' dir='ltr'>conciliis-</span> 
     </span>
     <span class='ocr_line' id='line_1_3' title="bbox 99 261 1603 302; baseline 0.007 -12"><span class='ocrx_word' id='word_1_19' title='bbox 99 270 155 297; x_wconf 86' lang='lat' dir='ltr'>que</span> <span class='ocrx_word' id='word_1_20' title='bbox 173 262 355 291; x_wconf 87' lang='lat' dir='ltr'>constitutam</span> <span class='ocrx_word' id='word_1_21' title='bbox 373 261 518 298; x_wconf 83' lang='lat' dir='ltr'><strong>religionis</strong></span> <span class='ocrx_word' id='word_1_22' title='bbox 540 261 718 297; x_wconf 86' lang='lat' dir='ltr'>doctrinam,</span> <span class='ocrx_word' id='word_1_23' title='bbox 739 270 798 290; x_wconf 87' lang='lat' dir='ltr'>non</span> <span class='ocrx_word' id='word_1_24' title='bbox 813 261 894 290; x_wconf 83' lang='lat' dir='ltr'>valde</span> <span class='ocrx_word' id='word_1_25' title='bbox 916 269 981 291; x_wconf 83' lang='lat' dir='ltr'>esse</span> <span class='ocrx_word' id='word_1_26' title='bbox 1003 264 1151 293; x_wconf 85' lang='lat' dir='ltr'>laudanda.</span> <span class='ocrx_word' id='word_1_27' title='bbox 1192 266 1240 294; x_wconf 90' lang='lat' dir='ltr'>Sic</span> <span class='ocrx_word' id='word_1_28' title='bbox 1267 266 1378 302; x_wconf 76' lang='lat' dir='ltr'>quidem</span> <span class='ocrx_word' id='word_1_29' title='bbox 1399 270 1516 298; x_wconf 91' lang='lat' dir='ltr'>omnino</span> <span class='ocrx_word' id='word_1_30' title='bbox 1535 280 1603 300; x_wconf 92' lang='lat' dir='ltr'>cau-</span> 
     </span>
     <span class='ocr_line' id='line_1_4' title="bbox 95 312 1599 357; baseline 0.007 -17"><span class='ocrx_word' id='word_1_31' title='bbox 95 320 156 341; x_wconf 89' lang='lat' dir='ltr'>tum</span> <span class='ocrx_word' id='word_1_32' title='bbox 184 320 260 348; x_wconf 85' lang='lat' dir='ltr'>erat,</span> <span class='ocrx_word' id='word_1_33' title='bbox 286 321 322 341; x_wconf 89' lang='lat' dir='ltr'>ne</span> <span class='ocrx_word' id='word_1_34' title='bbox 351 312 418 340; x_wconf 87' lang='lat' dir='ltr'>haec</span> <span class='ocrx_word' id='word_1_35' title='bbox 449 312 571 348; x_wconf 88' lang='lat' dir='ltr'>amplius</span> <span class='ocrx_word' id='word_1_36' title='bbox 595 320 828 348; x_wconf 81' lang='lat' dir='ltr'>corrumperetur</span> <span class='ocrx_word' id='word_1_37' title='bbox 853 320 884 340; x_wconf 86' lang='lat' dir='ltr'>ae</span> <span class='ocrx_word' id='word_1_38' title='bbox 908 312 1129 350; x_wconf 80' lang='lat' dir='ltr'>depravaretur,</span> <span class='ocrx_word' id='word_1_39' title='bbox 1158 316 1207 344; x_wconf 87' lang='lat' dir='ltr'>sed</span> <span class='ocrx_word' id='word_1_40' title='bbox 1233 323 1346 345; x_wconf 90' lang='lat' dir='ltr'>cautum</span> <span class='ocrx_word' id='word_1_41' title='bbox 1379 327 1494 355; x_wconf 85' lang='lat' dir='ltr'>quoque</span> <span class='ocrx_word' id='word_1_42' title='bbox 1522 329 1599 357; x_wconf 89' lang='lat' dir='ltr'>erat,</span> 
     </span>
     <span class='ocr_line' id='line_1_5' title="bbox 96 354 1601 407; baseline 0.005 -15"><span class='ocrx_word' id='word_1_43' title='bbox 96 373 132 393; x_wconf 90' lang='lat' dir='ltr'>ne</span> <span class='ocrx_word' id='word_1_44' title='bbox 153 364 345 400; x_wconf 87' lang='lat' dir='ltr'>corrigeretur</span> <span class='ocrx_word' id='word_1_45' title='bbox 366 372 398 392; x_wconf 89' lang='lat' dir='ltr'>ac</span> <span class='ocrx_word' id='word_1_46' title='bbox 423 364 636 399; x_wconf 87' lang='lat' dir='ltr'>emendaretur;</span> <span class='ocrx_word' id='word_1_47' title='bbox 659 354 772 392; x_wconf 81' lang='lat' dir='ltr'>cautum</span> <span class='ocrx_word' id='word_1_48' title='bbox 801 370 860 391; x_wconf 88' lang='lat' dir='ltr'>erat</span> <span class='ocrx_word' id='word_1_49' title='bbox 885 372 900 392; x_wconf 84' lang='lat' dir='ltr'>a</span> <span class='ocrx_word' id='word_1_50' title='bbox 924 364 1010 393; x_wconf 89' lang='lat' dir='ltr'>novis</span> <span class='ocrx_word' id='word_1_51' title='bbox 1033 365 1197 402; x_wconf 86' lang='lat' dir='ltr'>erroribus,</span> <span class='ocrx_word' id='word_1_52' title='bbox 1224 368 1275 396; x_wconf 86' lang='lat' dir='ltr'>sed</span> <span class='ocrx_word' id='word_1_53' title='bbox 1301 376 1415 398; x_wconf 86' lang='lat' dir='ltr'>cautum</span> <span class='ocrx_word' id='word_1_54' title='bbox 1443 379 1560 407; x_wconf 86' lang='lat' dir='ltr'>quoque</span> <span class='ocrx_word' id='word_1_55' title='bbox 1586 382 1601 401; x_wconf 89' lang='lat' dir='ltr'>a</span> 
     </span>
     <span class='ocr_line' id='line_1_6' title="bbox 93 414 1603 456; baseline 0.005 -13"><span class='ocrx_word' id='word_1_56' title='bbox 93 415 280 451; x_wconf 86' lang='lat' dir='ltr'>purioribus,</span> <span class='ocrx_word' id='word_1_57' title='bbox 309 423 374 443; x_wconf 89' lang='lat' dir='ltr'>cum</span> <span class='ocrx_word' id='word_1_58' title='bbox 396 414 465 452; x_wconf 89' lang='lat' dir='ltr'>Jesu</span> <span class='ocrx_word' id='word_1_59' title='bbox 489 416 745 451; x_wconf 88' lang='lat' dir='ltr'>apostolorumque</span> <span class='ocrx_word' id='word_1_60' title='bbox 771 414 902 444; x_wconf 68' lang='lat' dir='ltr'>doctrina</span> <span class='ocrx_word' id='word_1_61' title='bbox 925 415 1013 452; x_wconf 88' lang='lat' dir='ltr'>magis</span> <span class='ocrx_word' id='word_1_62' title='bbox 1041 419 1266 454; x_wconf 83' lang='lat' dir='ltr'>consentaneis,</span> <span class='ocrx_word' id='word_1_63' title='bbox 1300 420 1503 456; x_wconf 84' lang='lat' dir='ltr'>opinionibus.</span> <span class='ocrx_word' id='word_1_64' title='bbox 1543 423 1603 451; x_wconf 86' lang='lat' dir='ltr'>Ar-</span> 
     </span>
     <span class='ocr_line' id='line_1_7' title="bbox 92 465 1602 508; baseline 0.002 -13"><span class='ocrx_word' id='word_1_65' title='bbox 92 466 228 496; x_wconf 81' lang='lat' dir='ltr'>etissimis</span> <span class='ocrx_word' id='word_1_66' title='bbox 253 466 381 495; x_wconf 78' lang='lat' dir='ltr'>tei-trinis</span> <span class='ocrx_word' id='word_1_67' title='bbox 404 465 642 502; x_wconf 75' lang='lat' dir='ltr'>circumscripta,</span> <span class='ocrx_word' id='word_1_68' title='bbox 672 466 707 494; x_wconf 83' lang='lat' dir='ltr'>ad</span> <span class='ocrx_word' id='word_1_69' title='bbox 733 466 913 495; x_wconf 84' lang='lat' dir='ltr'>tenuissimas</span> <span class='ocrx_word' id='word_1_70' title='bbox 940 467 1075 497; x_wconf 86' lang='lat' dir='ltr'>minutias</span> <span class='ocrx_word' id='word_1_71' title='bbox 1103 478 1214 505; x_wconf 88' lang='lat' dir='ltr'>usque,</span> <span class='ocrx_word' id='word_1_72' title='bbox 1242 471 1353 500; x_wconf 89' lang='lat' dir='ltr'>divinae</span> <span class='ocrx_word' id='word_1_73' title='bbox 1375 472 1524 508; x_wconf 83' lang='lat' dir='ltr'>religionis</span> <span class='ocrx_word' id='word_1_74' title='bbox 1550 474 1602 502; x_wconf 90' lang='lat' dir='ltr'>do.</span> 
     </span>
     <span class='ocr_line' id='line_1_8' title="bbox 91 517 1598 558; baseline 0.005 -12"><span class='ocrx_word' id='word_1_75' title='bbox 91 517 202 554; x_wconf 73' lang='lat' dir='ltr'>ctrina,</span> <span class='ocrx_word' id='word_1_76' title='bbox 224 517 308 546; x_wconf 86' lang='lat' dir='ltr'>simul</span> <span class='ocrx_word' id='word_1_77' title='bbox 328 517 409 546; x_wconf 90' lang='lat' dir='ltr'>etiam</span> <span class='ocrx_word' id='word_1_78' title='bbox 427 517 536 545; x_wconf 86' lang='lat' dir='ltr'>ademta</span> <span class='ocrx_word' id='word_1_79' title='bbox 556 523 614 546; x_wconf 86' lang='lat' dir='ltr'>erat</span> <span class='ocrx_word' id='word_1_80' title='bbox 631 517 768 546; x_wconf 83' lang='lat' dir='ltr'>humanae</span> <span class='ocrx_word' id='word_1_81' title='bbox 787 517 876 546; x_wconf 90' lang='lat' dir='ltr'>menti</span> <span class='ocrx_word' id='word_1_82' title='bbox 891 517 1006 548; x_wconf 85' lang='lat' dir='ltr'>libertas</span> <span class='ocrx_word' id='word_1_83' title='bbox 1023 521 1187 558; x_wconf 86' lang='lat' dir='ltr'>cogitandi,</span> <span class='ocrx_word' id='word_1_84' title='bbox 1218 523 1274 558; x_wconf 74' lang='lat' dir='ltr'>qua</span> <span class='ocrx_word' id='word_1_85' title='bbox 1295 523 1398 551; x_wconf 70' lang='lat' dir='ltr'>amissa</span> <span class='ocrx_word' id='word_1_86' title='bbox 1416 523 1503 552; x_wconf 91' lang='lat' dir='ltr'>homo</span> <span class='ocrx_word' id='word_1_87' title='bbox 1523 525 1598 553; x_wconf 87' lang='lat' dir='ltr'>haud</span> 
     </span>
     <span class='ocr_line' id='line_1_9' title="bbox 43 569 866 606; baseline 0.002 -10"><span class='ocrx_word' id='word_1_88' title='bbox 43 581 46 584; x_wconf 50' lang='lat'><strong>⁴</strong></span> <span class='ocrx_word' id='word_1_89' title='bbox 91 569 172 605; x_wconf 85' lang='lat' dir='ltr'>scio,</span> <span class='ocrx_word' id='word_1_90' title='bbox 197 579 232 599; x_wconf 89' lang='lat' dir='ltr'>an</span> <span class='ocrx_word' id='word_1_91' title='bbox 257 569 410 605; x_wconf 86' lang='lat' dir='ltr'>quidquam</span> <span class='ocrx_word' id='word_1_92' title='bbox 438 569 575 606; x_wconf 87' lang='lat' dir='ltr'>praeclari</span> <span class='ocrx_word' id='word_1_93' title='bbox 601 576 687 605; x_wconf 85' lang='lat' dir='ltr'>queat</span> <span class='ocrx_word' id='word_1_94' title='bbox 712 577 866 605; x_wconf 88' lang='lat' dir='ltr'>praestare.</span> 
     </span>
    </p>

    <p class='ocr_par' dir='ltr' id='par_1_3' title="bbox 72 620 1604 1324">
     <span class='ocr_line' id='line_1_10' title="bbox 127 620 1599 663; baseline 0.005 -14"><span class='ocrx_word' id='word_1_95' title='bbox 127 621 171 650; x_wconf 89' lang='lat' dir='ltr'>De</span> <span class='ocrx_word' id='word_1_96' title='bbox 186 620 252 649; x_wconf 84' lang='lat' dir='ltr'>fidei</span> <span class='ocrx_word' id='word_1_97' title='bbox 273 620 414 657; x_wconf 85' lang='lat' dir='ltr'>symbolis</span> <span class='ocrx_word' id='word_1_98' title='bbox 431 620 554 649; x_wconf 88' lang='lat' dir='ltr'>Carolus</span> <span class='ocrx_word' id='word_1_99' title='bbox 575 629 646 656; x_wconf 87' lang='lat' dir='ltr'>quae</span> <span class='ocrx_word' id='word_1_100' title='bbox 665 621 786 649; x_wconf 87' lang='lat' dir='ltr'>tenenda</span> <span class='ocrx_word' id='word_1_101' title='bbox 806 627 833 649; x_wconf 89' lang='lat' dir='ltr'>et</span> <span class='ocrx_word' id='word_1_102' title='bbox 855 622 1056 658; x_wconf 88' lang='lat' dir='ltr'>cognoscenda</span> <span class='ocrx_word' id='word_1_103' title='bbox 1074 631 1137 652; x_wconf 88' lang='lat' dir='ltr'>esse</span> <span class='ocrx_word' id='word_1_104' title='bbox 1162 632 1245 659; x_wconf 86' lang='lat' dir='ltr'>quam</span> <span class='ocrx_word' id='word_1_105' title='bbox 1267 624 1386 653; x_wconf 85' lang='lat' dir='ltr'>maxime</span> <span class='ocrx_word' id='word_1_106' title='bbox 1402 627 1599 663; x_wconf 83' lang='lat' dir='ltr'>praeciperet,</span> 
     </span>
     <span class='ocr_line' id='line_1_11' title="bbox 87 672 1600 712; baseline 0.005 -12"><span class='ocrx_word' id='word_1_107' title='bbox 87 680 177 708; x_wconf 83' lang='lat' dir='ltr'>pauca</span> <span class='ocrx_word' id='word_1_108' title='bbox 194 672 341 702; x_wconf 75' lang='lat' dir='ltr'>addamus,</span> <span class='ocrx_word' id='word_1_109' title='bbox 381 672 488 708; x_wconf 88' lang='lat' dir='ltr'>Neque</span> <span class='ocrx_word' id='word_1_110' title='bbox 506 672 550 701; x_wconf 92' lang='lat' dir='ltr'>his</span> <span class='ocrx_word' id='word_1_111' title='bbox 575 672 656 701; x_wconf 86' lang='lat' dir='ltr'>etiam</span> <span class='ocrx_word' id='word_1_112' title='bbox 679 672 836 708; x_wconf 86' lang='lat' dir='ltr'>quidquam</span> <span class='ocrx_word' id='word_1_113' title='bbox 856 673 926 702; x_wconf 88' lang='lat' dir='ltr'>novi</span> <span class='ocrx_word' id='word_1_114' title='bbox 946 673 1158 702; x_wconf 82' lang='lat' dir='ltr'>confitebantur</span> <span class='ocrx_word' id='word_1_115' title='bbox 1179 676 1240 712; x_wconf 88' lang='lat' dir='ltr'>ejus</span> <span class='ocrx_word' id='word_1_116' title='bbox 1260 675 1321 704; x_wconf 89' lang='lat' dir='ltr'>aevi</span> <span class='ocrx_word' id='word_1_117' title='bbox 1341 676 1483 707; x_wconf 83' lang='lat' dir='ltr'>homines.</span> <span class='ocrx_word' id='word_1_118' title='bbox 1524 679 1600 707; x_wconf 87' lang='lat' dir='ltr'>Fun·</span> 
     </span>
     <span class='ocr_line' id='line_1_12' title="bbox 86 722 1604 764; baseline 0.005 -13"><span class='ocrx_word' id='word_1_119' title='bbox 86 722 209 752; x_wconf 83' lang='lat' dir='ltr'>damenti</span> <span class='ocrx_word' id='word_1_120' title='bbox 225 722 331 755; x_wconf 84' lang='lat' dir='ltr'>instar,</span> <span class='ocrx_word' id='word_1_121' title='bbox 352 723 488 759; x_wconf 87' lang='lat' dir='ltr'>symbolo</span> <span class='ocrx_word' id='word_1_122' title='bbox 514 724 680 759; x_wconf 89' lang='lat' dir='ltr'>apostolico</span> <span class='ocrx_word' id='word_1_123' title='bbox 710 731 910 760; x_wconf 86' lang='lat' dir='ltr'>superstructa</span> <span class='ocrx_word' id='word_1_124' title='bbox 935 732 1026 753; x_wconf 81' lang='lat' dir='ltr'>erant.</span> <span class='ocrx_word' id='word_1_125' title='bbox 1066 726 1273 761; x_wconf 87' lang='lat' dir='ltr'>Accedebant,</span> <span class='ocrx_word' id='word_1_126' title='bbox 1296 728 1404 764; x_wconf 86' lang='lat' dir='ltr'>quibus</span> <span class='ocrx_word' id='word_1_127' title='bbox 1428 729 1483 758; x_wconf 89' lang='lat' dir='ltr'>hoc</span> <span class='ocrx_word' id='word_1_128' title='bbox 1509 730 1604 759; x_wconf 84' lang='lat' dir='ltr'>muni-</span> 
     </span>
     <span class='ocr_line' id='line_1_13' title="bbox 86 775 1600 815; baseline 0.004 -12"><span class='ocrx_word' id='word_1_129' title='bbox 86 781 146 803; x_wconf 89' lang='lat' dir='ltr'>tum</span> <span class='ocrx_word' id='word_1_130' title='bbox 165 781 261 810; x_wconf 78' lang='lat' dir='ltr'>esset,</span> <span class='ocrx_word' id='word_1_131' title='bbox 286 775 397 804; x_wconf 86' lang='lat' dir='ltr'>decreta</span> <span class='ocrx_word' id='word_1_132' title='bbox 419 775 610 804; x_wconf 89' lang='lat' dir='ltr'>conciliorum</span> <span class='ocrx_word' id='word_1_133' title='bbox 637 776 912 812; x_wconf 86' lang='lat' dir='ltr'>oecumenicorum,</span> <span class='ocrx_word' id='word_1_134' title='bbox 936 776 1059 805; x_wconf 79' lang='lat' dir='ltr'>Nicaeni</span> <span class='ocrx_word' id='word_1_135' title='bbox 1074 799 1082 810; x_wconf 89' lang='lat'><strong>,</strong></span> <span class='ocrx_word' id='word_1_136' title='bbox 1105 777 1444 815; x_wconf 78' lang='lat' dir='ltr'>constantinopolitani,</span> <span class='ocrx_word' id='word_1_137' title='bbox 1478 780 1600 809; x_wconf 87' lang='lat' dir='ltr'>Chalce-</span> 
     </span>
     <span class='ocr_line' id='line_1_14' title="bbox 83 825 1597 866; baseline 0.003 -11"><span class='ocrx_word' id='word_1_138' title='bbox 83 826 234 864; x_wconf 78' lang='lat' dir='ltr'>donensiS.</span> <span class='ocrx_word' id='word_1_139' title='bbox 273 826 406 862; x_wconf 82' lang='lat' dir='ltr'>Exempli</span> <span class='ocrx_word' id='word_1_140' title='bbox 428 825 515 855; x_wconf 88' lang='lat' dir='ltr'>instar</span> <span class='ocrx_word' id='word_1_141' title='bbox 533 826 570 855; x_wconf 90' lang='lat' dir='ltr'>sit</span> <span class='ocrx_word' id='word_1_142' title='bbox 586 828 773 863; x_wconf 62' lang='lat' dir='ltr'>symbolum),</span> <span class='ocrx_word' id='word_1_143' title='bbox 795 828 873 863; x_wconf 88' lang='lat' dir='ltr'>quod</span> <span class='ocrx_word' id='word_1_144' title='bbox 895 827 976 856; x_wconf 91' lang='lat' dir='ltr'>libris</span> <span class='ocrx_word' id='word_1_145' title='bbox 999 828 1034 856; x_wconf 91' lang='lat' dir='ltr'>de</span> <span class='ocrx_word' id='word_1_146' title='bbox 1058 830 1138 857; x_wconf 91' lang='lat' dir='ltr'>cultu</span> <span class='ocrx_word' id='word_1_147' title='bbox 1164 830 1316 866; x_wconf 78' lang='lat' dir='ltr'>imaginum</span> <span class='ocrx_word' id='word_1_148' title='bbox 1343 831 1440 860; x_wconf 87' lang='lat' dir='ltr'>Caroli</span> <span class='ocrx_word' id='word_1_149' title='bbox 1457 833 1524 860; x_wconf 64' lang='lat' dir='ltr'>cura</span> <span class='ocrx_word' id='word_1_150' title='bbox 1549 832 1597 861; x_wconf 89' lang='lat' dir='ltr'>ad-</span> 
     </span>
     <span class='ocr_line' id='line_1_15' title="bbox 82 876 1600 916; baseline 0.005 -12"><span class='ocrx_word' id='word_1_151' title='bbox 82 876 212 914; x_wconf 77' lang='lat' dir='ltr'>junctum</span> <span class='ocrx_word' id='word_1_152' title='bbox 240 883 283 905; x_wconf 84' lang='lat' dir='ltr'>est</span> <span class='ocrx_word' id='word_1_153' title='bbox 304 877 379 914; x_wconf 81' lang='lat'>(1).</span> <span class='ocrx_word' id='word_1_154' title='bbox 420 877 522 906; x_wconf 84' lang='lat' dir='ltr'>Latius</span> <span class='ocrx_word' id='word_1_155' title='bbox 546 876 587 905; x_wconf 88' lang='lat' dir='ltr'>ibi</span> <span class='ocrx_word' id='word_1_156' title='bbox 611 878 742 907; x_wconf 87' lang='lat' dir='ltr'>doctrina</span> <span class='ocrx_word' id='word_1_157' title='bbox 760 878 795 906; x_wconf 87' lang='lat' dir='ltr'>de</span> <span class='ocrx_word' id='word_1_158' title='bbox 817 879 920 911; x_wconf 85' lang='lat' dir='ltr'>Patre,</span> <span class='ocrx_word' id='word_1_159' title='bbox 940 879 1016 907; x_wconf 86' lang='lat' dir='ltr'>Filio</span> <span class='ocrx_word' id='word_1_160' title='bbox 1040 888 1072 908; x_wconf 88' lang='lat' dir='ltr'>ae</span> <span class='ocrx_word' id='word_1_161' title='bbox 1096 880 1207 916; x_wconf 86' lang='lat' dir='ltr'>Spiritu</span> <span class='ocrx_word' id='word_1_162' title='bbox 1229 880 1334 909; x_wconf 87' lang='lat' dir='ltr'>Sancto</span> <span class='ocrx_word' id='word_1_163' title='bbox 1358 882 1479 910; x_wconf 84' lang='lat' dir='ltr'>traditur</span> <span class='ocrx_word' id='word_1_164' title='bbox 1505 891 1532 911; x_wconf 85' lang='lat' dir='ltr'>et</span> <span class='ocrx_word' id='word_1_165' title='bbox 1551 892 1600 912; x_wconf 84' lang='lat' dir='ltr'>ex·</span> 
     </span>
     <span class='ocr_line' id='line_1_16' title="bbox 81 926 1595 970; baseline 0.005 -15"><span class='ocrx_word' id='word_1_166' title='bbox 81 926 224 964; x_wconf 79' lang='lat' dir='ltr'>plicatur,</span> <span class='ocrx_word' id='word_1_167' title='bbox 245 927 337 957; x_wconf 81' lang='lat' dir='ltr'>allatis</span> <span class='ocrx_word' id='word_1_168' title='bbox 362 936 480 964; x_wconf 87' lang='lat' dir='ltr'>quoque</span> <span class='ocrx_word' id='word_1_169' title='bbox 499 934 528 957; x_wconf 91' lang='lat' dir='ltr'>et</span> <span class='ocrx_word' id='word_1_170' title='bbox 553 928 691 957; x_wconf 84' lang='lat' dir='ltr'>damnatis</span> <span class='ocrx_word' id='word_1_171' title='bbox 719 929 799 958; x_wconf 88' lang='lat' dir='ltr'>falsis</span> <span class='ocrx_word' id='word_1_172' title='bbox 824 930 1054 967; x_wconf 81' lang='lat' dir='ltr'>haereticorum,</span> <span class='ocrx_word' id='word_1_173' title='bbox 1078 940 1152 967; x_wconf 86' lang='lat' dir='ltr'>quos</span> <span class='ocrx_word' id='word_1_174' title='bbox 1180 939 1311 967; x_wconf 89' lang='lat' dir='ltr'>quartum</span> <span class='ocrx_word' id='word_1_175' title='bbox 1332 933 1404 961; x_wconf 89' lang='lat' dir='ltr'>vidit</span> <span class='ocrx_word' id='word_1_176' title='bbox 1428 936 1595 970; x_wconf 87' lang='lat' dir='ltr'>saeculum,</span> 
     </span>
     <span class='ocr_line' id='line_1_17' title="bbox 81 979 1596 1019; baseline 0.005 -11"><span class='ocrx_word' id='word_1_177' title='bbox 81 979 285 1016; x_wconf 73' lang='lat' dir='ltr'>opinionibus.</span> <span class='ocrx_word' id='word_1_178' title='bbox 334 979 411 1008; x_wconf 89' lang='lat' dir='ltr'>Tum</span> <span class='ocrx_word' id='word_1_179' title='bbox 439 980 516 1015; x_wconf 91' lang='lat' dir='ltr'>quod</span> <span class='ocrx_word' id='word_1_180' title='bbox 546 980 581 1008; x_wconf 90' lang='lat' dir='ltr'>ad</span> <span class='ocrx_word' id='word_1_181' title='bbox 607 980 764 1009; x_wconf 84' lang='lat' dir='ltr'>doctrinam</span> <span class='ocrx_word' id='word_1_182' title='bbox 797 981 832 1009; x_wconf 88' lang='lat' dir='ltr'>de</span> <span class='ocrx_word' id='word_1_183' title='bbox 857 981 945 1017; x_wconf 83' lang='lat' dir='ltr'>lapsis</span> <span class='ocrx_word' id='word_1_184' title='bbox 978 988 1045 1018; x_wconf 89' lang='lat' dir='ltr'>post</span> <span class='ocrx_word' id='word_1_185' title='bbox 1072 982 1246 1019; x_wconf 87' lang='lat' dir='ltr'>baptismum</span> <span class='ocrx_word' id='word_1_186' title='bbox 1276 983 1396 1018; x_wconf 87' lang='lat' dir='ltr'>attinet,</span> <span class='ocrx_word' id='word_1_187' title='bbox 1427 985 1489 1013; x_wconf 71' lang='lat' dir='ltr'>acta</span> <span class='ocrx_word' id='word_1_188' title='bbox 1521 988 1596 1015; x_wconf 87' lang='lat' dir='ltr'>serio</span> 
     </span>
     <span class='ocr_line' id='line_1_18' title="bbox 77 1029 1590 1070; baseline 0.004 -11"><span class='ocrx_word' id='word_1_189' title='bbox 77 1030 281 1068; x_wconf 79' lang='lat' dir='ltr'>poenitentia,</span> <span class='ocrx_word' id='word_1_190' title='bbox 318 1029 502 1059; x_wconf 81' lang='lat' dir='ltr'>beatitudinis</span> <span class='ocrx_word' id='word_1_191' title='bbox 526 1031 669 1060; x_wconf 22' lang='lat' dir='ltr'>*coelestis</span> <span class='ocrx_word' id='word_1_192' title='bbox 706 1031 862 1067; x_wconf 84' lang='lat' dir='ltr'>participes</span> <span class='ocrx_word' id='word_1_193' title='bbox 893 1032 955 1061; x_wconf 88' lang='lat' dir='ltr'>fieri</span> <span class='ocrx_word' id='word_1_194' title='bbox 989 1042 1076 1070; x_wconf 89' lang='lat' dir='ltr'>posse</span> <span class='ocrx_word' id='word_1_195' title='bbox 1114 1034 1279 1064; x_wconf 87' lang='lat' dir='ltr'>affirmatur.</span> <span class='ocrx_word' id='word_1_196' title='bbox 1327 1035 1452 1064; x_wconf 89' lang='lat' dir='ltr'>Animos</span> <span class='ocrx_word' id='word_1_197' title='bbox 1480 1045 1495 1064; x_wconf 92' lang='lat' dir='ltr'>a</span> <span class='ocrx_word' id='word_1_198' title='bbox 1527 1037 1590 1065; x_wconf 92' lang='lat' dir='ltr'>Deo</span> 
     </span>
     <span class='ocr_line' id='line_1_19' title="bbox 77 1084 1590 1122; baseline 0.001 -7"><span class='ocrx_word' id='word_1_199' title='bbox 77 1091 189 1115; x_wconf 84' lang='lat' dir='ltr'>creatos</span> <span class='ocrx_word' id='word_1_200' title='bbox 212 1093 295 1120; x_wconf 84' lang='lat' dir='ltr'>esse,</span> <span class='ocrx_word' id='word_1_201' title='bbox 316 1092 374 1113; x_wconf 90' lang='lat' dir='ltr'>non</span> <span class='ocrx_word' id='word_1_202' title='bbox 393 1090 499 1120; x_wconf 86' lang='lat' dir='ltr'>partem</span> <span class='ocrx_word' id='word_1_203' title='bbox 529 1084 637 1113; x_wconf 86' lang='lat' dir='ltr'>efficere</span> <span class='ocrx_word' id='word_1_204' title='bbox 661 1085 723 1122; x_wconf 80' lang='lat' dir='ltr'>ejus</span> <span class='ocrx_word' id='word_1_205' title='bbox 745 1085 933 1114; x_wconf 85' lang='lat' dir='ltr'>substantiae.</span> <span class='ocrx_word' id='word_1_206' title='bbox 973 1085 1129 1121; x_wconf 82' lang='lat' dir='ltr'>Praecepta</span> <span class='ocrx_word' id='word_1_207' title='bbox 1153 1085 1296 1114; x_wconf 90' lang='lat' dir='ltr'>divinitus</span> <span class='ocrx_word' id='word_1_208' title='bbox 1321 1086 1383 1115; x_wconf 89' lang='lat' dir='ltr'>data</span> <span class='ocrx_word' id='word_1_209' title='bbox 1404 1087 1590 1120; x_wconf 79' lang='lat' dir='ltr'>hominibus,</span> 
     </span>
     <span class='ocr_line' id='line_1_20' title="bbox 74 1135 1587 1176; baseline 0.003 -11"><span class='ocrx_word' id='word_1_210' title='bbox 74 1143 175 1165; x_wconf 83' lang='lat' dir='ltr'>eorum</span> <span class='ocrx_word' id='word_1_211' title='bbox 192 1135 303 1165; x_wconf 89' lang='lat' dir='ltr'>viribus</span> <span class='ocrx_word' id='word_1_212' title='bbox 325 1144 388 1164; x_wconf 89' lang='lat' dir='ltr'>esse</span> <span class='ocrx_word' id='word_1_213' title='bbox 408 1144 547 1172; x_wconf 87' lang='lat' dir='ltr'>congrua.</span> <span class='ocrx_word' id='word_1_214' title='bbox 584 1136 682 1173; x_wconf 88' lang='lat' dir='ltr'>Jesum</span> <span class='ocrx_word' id='word_1_215' title='bbox 704 1136 875 1173; x_wconf 86' lang='lat' dir='ltr'>Christum,</span> <span class='ocrx_word' id='word_1_216' title='bbox 898 1136 1042 1165; x_wconf 90' lang='lat' dir='ltr'>hominem</span> <span class='ocrx_word' id='word_1_217' title='bbox 1061 1137 1155 1166; x_wconf 90' lang='lat' dir='ltr'>omnia</span> <span class='ocrx_word' id='word_1_218' title='bbox 1180 1146 1236 1173; x_wconf 84' lang='lat' dir='ltr'>ea,</span> <span class='ocrx_word' id='word_1_219' title='bbox 1262 1146 1334 1174; x_wconf 89' lang='lat' dir='ltr'>quae</span> <span class='ocrx_word' id='word_1_220' title='bbox 1357 1140 1462 1176; x_wconf 85' lang='lat' dir='ltr'>vellet,</span> <span class='ocrx_word' id='word_1_221' title='bbox 1494 1140 1587 1169; x_wconf 85' lang='lat' dir='ltr'>facere</span> 
     </span>
     <span class='ocr_line' id='line_1_21' title="bbox 74 1185 1586 1226; baseline 0.005 -12"><span class='ocrx_word' id='word_1_222' title='bbox 74 1186 226 1223; x_wconf 80' lang='lat' dir='ltr'>potuisse,</span> <span class='ocrx_word' id='word_1_223' title='bbox 244 1187 343 1223; x_wconf 86' lang='lat' dir='ltr'>posito</span> <span class='ocrx_word' id='word_1_224' title='bbox 359 1186 478 1215; x_wconf 85' lang='lat' dir='ltr'>arbitrio</span> <span class='ocrx_word' id='word_1_225' title='bbox 494 1185 604 1221; x_wconf 86' lang='lat' dir='ltr'>libero;</span> <span class='ocrx_word' id='word_1_226' title='bbox 626 1186 772 1215; x_wconf 86' lang='lat' dir='ltr'>hominem</span> <span class='ocrx_word' id='word_1_227' title='bbox 790 1193 897 1222; x_wconf 88' lang='lat' dir='ltr'>tamen,</span> <span class='ocrx_word' id='word_1_228' title='bbox 916 1188 951 1216; x_wconf 90' lang='lat' dir='ltr'>ad</span> <span class='ocrx_word' id='word_1_229' title='bbox 968 1190 1103 1216; x_wconf 86' lang='lat' dir='ltr'>moralem</span> <span class='ocrx_word' id='word_1_230' title='bbox 1124 1196 1204 1217; x_wconf 90' lang='lat' dir='ltr'>suam</span> <span class='ocrx_word' id='word_1_231' title='bbox 1223 1189 1447 1219; x_wconf 85' lang='lat' dir='ltr'>emendationem</span> <span class='ocrx_word' id='word_1_232' title='bbox 1460 1210 1469 1226; x_wconf 85' lang='lat'><strong>,</strong></span> <span class='ocrx_word' id='word_1_233' title='bbox 1487 1191 1586 1221; x_wconf 87' lang='lat' dir='ltr'>divino</span> 
     </span>
     <span class='ocr_line' id='line_1_22' title="bbox 72 1236 1584 1276; baseline 0.004 -10"><span class='ocrx_word' id='word_1_234' title='bbox 72 1236 180 1267; x_wconf 84' lang='lat' dir='ltr'>auxilio</span> <span class='ocrx_word' id='word_1_235' title='bbox 202 1237 420 1272; x_wconf 88' lang='lat' dir='ltr'>haudquaquam</span> <span class='ocrx_word' id='word_1_236' title='bbox 443 1246 530 1273; x_wconf 85' lang='lat' dir='ltr'>posse</span> <span class='ocrx_word' id='word_1_237' title='bbox 549 1246 655 1267; x_wconf 86' lang='lat' dir='ltr'>carere.</span> <span class='ocrx_word' id='word_1_238' title='bbox 696 1236 751 1266; x_wconf 82' lang='lat' dir='ltr'>His</span> <span class='ocrx_word' id='word_1_239' title='bbox 775 1238 911 1267; x_wconf 86' lang='lat' dir='ltr'>omnibus</span> <span class='ocrx_word' id='word_1_240' title='bbox 934 1238 984 1275; x_wconf 88' lang='lat' dir='ltr'>qui</span> <span class='ocrx_word' id='word_1_241' title='bbox 1008 1240 1156 1276; x_wconf 85' lang='lat' dir='ltr'>crederet,</span> <span class='ocrx_word' id='word_1_242' title='bbox 1186 1249 1252 1268; x_wconf 89' lang='lat' dir='ltr'>eum</span> <span class='ocrx_word' id='word_1_243' title='bbox 1276 1241 1412 1270; x_wconf 90' lang='lat' dir='ltr'>coelestis</span> <span class='ocrx_word' id='word_1_244' title='bbox 1439 1242 1584 1272; x_wconf 84' lang='lat' dir='ltr'>beatitatis</span> 
     </span>
     <span class='ocr_line' id='line_1_23' title="bbox 72 1285 486 1324; baseline 0 -9"><span class='ocrx_word' id='word_1_245' title='bbox 72 1285 239 1324; x_wconf 82' lang='lat' dir='ltr'>participem</span> <span class='ocrx_word' id='word_1_246' title='bbox 260 1292 323 1314; x_wconf 80' lang='lat' dir='ltr'>esse</span> <span class='ocrx_word' id='word_1_247' title='bbox 344 1285 486 1316; x_wconf 85' lang='lat' dir='ltr'>futurum.</span> 
     </span>
    </p>
   </div>
   <div class='ocr_carea' id='block_1_3' title="bbox 147 1388 1505 1484">
    <p class='ocr_par' dir='ltr' id='par_1_4' title="bbox 147 1388 1505 1484">
     <span class='ocr_line' id='line_1_24' title="bbox 147 1388 1505 1433; baseline 0.004 -15"><span class='ocrx_word' id='word_1_248' title='bbox 147 1389 179 1427; x_wconf 71' lang='lat'>§0</span> <span class='ocrx_word' id='word_1_249' title='bbox 202 1397 232 1427; x_wconf 82' lang='grc'>3.</span> <span class='ocrx_word' id='word_1_250' title='bbox 271 1388 318 1418; x_wconf 76' lang='lat' dir='ltr'>De</span> <span class='ocrx_word' id='word_1_251' title='bbox 336 1388 435 1419; x_wconf 77' lang='lat' dir='ltr'>Caroli</span> <span class='ocrx_word' id='word_1_252' title='bbox 452 1389 563 1429; x_wconf 77' lang='lat' dir='ltr'>Magni</span> <span class='ocrx_word' id='word_1_253' title='bbox 578 1393 708 1428; x_wconf 80' lang='lat' dir='ltr'>meritis,</span> <span class='ocrx_word' id='word_1_254' title='bbox 724 1393 820 1430; x_wconf 73' lang='lat' dir='ltr'>quoad</span> <span class='ocrx_word' id='word_1_255' title='bbox 835 1394 972 1423; x_wconf 72' lang='lat' dir='ltr'>nonnulla</span> <span class='ocrx_word' id='word_1_256' title='bbox 991 1394 1138 1424; x_wconf 77' lang='lat' dir='ltr'>doctrinae</span> <span class='ocrx_word' id='word_1_257' title='bbox 1157 1395 1301 1433; x_wconf 78' lang='lat' dir='ltr'>religionis</span> <span class='ocrx_word' id='word_1_258' title='bbox 1321 1393 1505 1424; x_wconf 80' lang='lat' dir='ltr'>Christianae</span> 
     </span>
     <span class='ocr_line' id='line_1_25' title="bbox 603 1444 1033 1484; baseline 0.012 -14"><span class='ocrx_word' id='word_1_259' title='bbox 603 1444 699 1481; x_wconf 73' lang='lat' dir='ltr'>cupita</span> <span class='ocrx_word' id='word_1_260' title='bbox 719 1447 875 1482; x_wconf 80' lang='lat' dir='ltr'>separatim</span> <span class='ocrx_word' id='word_1_261' title='bbox 895 1452 1033 1484; x_wconf 85' lang='lat' dir='ltr'>spectata.</span> 
     </span>
    </p>
   </div>
   <div class='ocr_carea' id='block_1_4' title="bbox 64 1541 1575 1941">
    <p class='ocr_par' dir='ltr' id='par_1_5' title="bbox 64 1541 1575 1736">
     <span class='ocr_line' id='line_1_26' title="bbox 107 1541 1575 1586; baseline 0.005 -16"><span class='ocrx_word' id='word_1_262' title='bbox 107 1541 175 1571; x_wconf 87' lang='lat' dir='ltr'>Etsi</span> <span class='ocrx_word' id='word_1_263' title='bbox 194 1541 319 1571; x_wconf 86' lang='lat' dir='ltr'>Carolus</span> <span class='ocrx_word' id='word_1_264' title='bbox 344 1542 472 1580; x_wconf 83' lang='lat' dir='ltr'>Magnus</span> <span class='ocrx_word' id='word_1_265' title='bbox 487 1550 601 1581; x_wconf 76' lang='lat' dir='ltr'>patrum</span> <span class='ocrx_word' id='word_1_266' title='bbox 620 1551 648 1574; x_wconf 92' lang='lat' dir='ltr'>et</span> <span class='ocrx_word' id='word_1_267' title='bbox 666 1545 857 1575; x_wconf 76' lang='lat' dir='ltr'>conciiiorum</span> <span class='ocrx_word' id='word_1_268' title='bbox 877 1547 997 1584; x_wconf 82' lang='lat' dir='ltr'>vestigia</span> <span class='ocrx_word' id='word_1_269' title='bbox 1014 1548 1083 1577; x_wconf 88' lang='lat' dir='ltr'>satis</span> <span class='ocrx_word' id='word_1_270' title='bbox 1109 1548 1211 1578; x_wconf 85' lang='lat' dir='ltr'>anxius</span> <span class='ocrx_word' id='word_1_271' title='bbox 1226 1549 1327 1586; x_wconf 82' lang='lat' dir='ltr'>legerit</span> <span class='ocrx_word' id='word_1_272' title='bbox 1348 1546 1378 1576; x_wconf 85' lang='lat' dir='ltr'>in</span> <span class='ocrx_word' id='word_1_273' title='bbox 1398 1548 1575 1578; x_wconf 79' lang='lat' dir='ltr'>constituen-</span> 
     </span>
     <span class='ocr_line' id='line_1_27' title="bbox 68 1594 1575 1636; baseline 0.003 -13"><span class='ocrx_word' id='word_1_274' title='bbox 68 1594 104 1624; x_wconf 67' lang='lat' dir='ltr'>da</span> <span class='ocrx_word' id='word_1_275' title='bbox 127 1594 274 1631; x_wconf 86' lang='lat' dir='ltr'>religionis</span> <span class='ocrx_word' id='word_1_276' title='bbox 294 1595 448 1632; x_wconf 84' lang='lat' dir='ltr'>doctrina,</span> <span class='ocrx_word' id='word_1_277' title='bbox 476 1603 569 1626; x_wconf 85' lang='lat' dir='ltr'>tamen</span> <span class='ocrx_word' id='word_1_278' title='bbox 592 1597 627 1625; x_wconf 91' lang='lat' dir='ltr'>de</span> <span class='ocrx_word' id='word_1_279' title='bbox 651 1607 712 1627; x_wconf 83' lang='lat' dir='ltr'>uno</span> <span class='ocrx_word' id='word_1_280' title='bbox 732 1604 759 1627; x_wconf 88' lang='lat' dir='ltr'>et</span> <span class='ocrx_word' id='word_1_281' title='bbox 784 1599 874 1627; x_wconf 81' lang='lat' dir='ltr'>altero</span> <span class='ocrx_word' id='word_1_282' title='bbox 896 1599 1027 1636; x_wconf 86' lang='lat' dir='ltr'>dogmate</span> <span class='ocrx_word' id='word_1_283' title='bbox 1047 1601 1181 1636; x_wconf 88' lang='lat' dir='ltr'>quaedam</span> <span class='ocrx_word' id='word_1_284' title='bbox 1210 1601 1347 1630; x_wconf 89' lang='lat' dir='ltr'>addantur</span> <span class='ocrx_word' id='word_1_285' title='bbox 1369 1607 1484 1630; x_wconf 85' lang='lat' dir='ltr'>necesse</span> <span class='ocrx_word' id='word_1_286' title='bbox 1510 1606 1575 1636; x_wconf 83' lang='lat' dir='ltr'>est,</span> 
     </span>
     <span class='ocr_line' id='line_1_28' title="bbox 68 1645 1575 1688; baseline 0.005 -14"><span class='ocrx_word' id='word_1_287' title='bbox 68 1651 120 1681; x_wconf 84' lang='lat' dir='ltr'>ut,</span> <span class='ocrx_word' id='word_1_288' title='bbox 140 1653 223 1681; x_wconf 87' lang='lat' dir='ltr'>quam</span> <span class='ocrx_word' id='word_1_289' title='bbox 244 1645 302 1674; x_wconf 88' lang='lat' dir='ltr'>vim</span> <span class='ocrx_word' id='word_1_290' title='bbox 320 1646 349 1675; x_wconf 89' lang='lat' dir='ltr'>in</span> <span class='ocrx_word' id='word_1_291' title='bbox 372 1647 529 1676; x_wconf 87' lang='lat' dir='ltr'>doctrinam</span> <span class='ocrx_word' id='word_1_292' title='bbox 557 1648 705 1685; x_wconf 89' lang='lat' dir='ltr'>religionis</span> <span class='ocrx_word' id='word_1_293' title='bbox 728 1649 880 1684; x_wconf 86' lang='lat' dir='ltr'>habuerit,</span> <span class='ocrx_word' id='word_1_294' title='bbox 901 1652 1062 1679; x_wconf 88' lang='lat' dir='ltr'>accuratius</span> <span class='ocrx_word' id='word_1_295' title='bbox 1087 1652 1295 1688; x_wconf 83' lang='lat' dir='ltr'>perspiciatur,</span> <span class='ocrx_word' id='word_1_296' title='bbox 1317 1652 1348 1679; x_wconf 90' lang='lat' dir='ltr'>in</span> <span class='ocrx_word' id='word_1_297' title='bbox 1372 1650 1472 1687; x_wconf 85' lang='lat' dir='ltr'>primis</span> <span class='ocrx_word' id='word_1_298' title='bbox 1496 1651 1575 1688; x_wconf 83' lang='lat' dir='ltr'>quod</span> 
     </span>
     <span class='ocr_line' id='line_1_29' title="bbox 64 1696 1179 1736; baseline 0.003 -10"><span class='ocrx_word' id='word_1_299' title='bbox 64 1697 100 1727; x_wconf 80' lang='lat' dir='ltr'>ad</span> <span class='ocrx_word' id='word_1_300' title='bbox 116 1696 311 1726; x_wconf 84' lang='lat' dir='ltr'>defensionem</span> <span class='ocrx_word' id='word_1_301' title='bbox 333 1698 396 1735; x_wconf 74' lang='lat' dir='ltr'>eius</span> <span class='ocrx_word' id='word_1_302' title='bbox 415 1699 517 1728; x_wconf 85' lang='lat' dir='ltr'>attinet</span> <span class='ocrx_word' id='word_1_303' title='bbox 538 1701 674 1728; x_wconf 75' lang='lat' dir='ltr'>adversus</span> <span class='ocrx_word' id='word_1_304' title='bbox 692 1710 783 1728; x_wconf 80' lang='lat' dir='ltr'>novas</span> <span class='ocrx_word' id='word_1_305' title='bbox 801 1702 990 1736; x_wconf 86' lang='lat' dir='ltr'>quorumdam</span> <span class='ocrx_word' id='word_1_306' title='bbox 1011 1703 1179 1736; x_wconf 72' lang='lat' dir='ltr'>opiniones,</span> 
     </span>
    </p>

    <p class='ocr_par' dir='ltr' id='par_1_6' title="bbox 64 1747 1575 1941">
     <span class='ocr_line' id='line_1_30' title="bbox 68 1747 1575 1789; baseline 0.003 -12"><span class='ocrx_word' id='word_1_307' title='bbox 68 1748 71 1753; x_wconf 93' lang='lat'>&#39;</span> <span class='ocrx_word' id='word_1_308' title='bbox 104 1747 133 1778; x_wconf 93' lang='lat'>1.</span> <span class='ocrx_word' id='word_1_309' title='bbox 172 1748 218 1777; x_wconf 83' lang='lat' dir='ltr'>Ac</span> <span class='ocrx_word' id='word_1_310' title='bbox 240 1748 363 1784; x_wconf 82' lang='lat' dir='ltr'>primum</span> <span class='ocrx_word' id='word_1_311' title='bbox 388 1748 500 1784; x_wconf 81' lang='lat' dir='ltr'>quidem</span> <span class='ocrx_word' id='word_1_312' title='bbox 528 1750 631 1786; x_wconf 86' lang='lat' dir='ltr'>dogma</span> <span class='ocrx_word' id='word_1_313' title='bbox 657 1750 894 1780; x_wconf 82' lang='lat' dir='ltr'>considerandum</span> <span class='ocrx_word' id='word_1_314' title='bbox 922 1752 1035 1780; x_wconf 87' lang='lat' dir='ltr'>videtur</span> <span class='ocrx_word' id='word_1_315' title='bbox 1065 1752 1101 1780; x_wconf 89' lang='lat' dir='ltr'>de</span> <span class='ocrx_word' id='word_1_316' title='bbox 1122 1751 1202 1780; x_wconf 75' lang='lat' dir='ltr'>sacra</span> <span class='ocrx_word' id='word_1_317' title='bbox 1233 1752 1344 1787; x_wconf 73' lang='lat' dir='ltr'>coena,</span> <span class='ocrx_word' id='word_1_318' title='bbox 1377 1751 1455 1787; x_wconf 88' lang='lat' dir='ltr'>quod</span> <span class='ocrx_word' id='word_1_319' title='bbox 1478 1751 1575 1789; x_wconf 84' lang='lat' dir='ltr'>tetigit</span> 
     </span>
     <span class='ocr_line' id='line_1_31' title="bbox 64 1799 1573 1839; baseline 0.003 -11"><span class='ocrx_word' id='word_1_320' title='bbox 64 1806 166 1829; x_wconf 84' lang='lat' dir='ltr'>auctor</span> <span class='ocrx_word' id='word_1_321' title='bbox 200 1799 340 1829; x_wconf 79' lang='lat' dir='ltr'>librorum</span> <span class='ocrx_word' id='word_1_322' title='bbox 371 1800 486 1836; x_wconf 82' lang='lat' dir='ltr'>saepius</span> <span class='ocrx_word' id='word_1_323' title='bbox 511 1802 568 1838; x_wconf 75' lang='lat' dir='ltr'>jam</span> <span class='ocrx_word' id='word_1_324' title='bbox 594 1802 772 1831; x_wconf 84' lang='lat' dir='ltr'>laudatorum</span> <span class='ocrx_word' id='word_1_325' title='bbox 806 1802 841 1831; x_wconf 89' lang='lat' dir='ltr'>de</span> <span class='ocrx_word' id='word_1_326' title='bbox 871 1802 963 1838; x_wconf 77' lang='lat' dir='ltr'>impio</span> <span class='ocrx_word' id='word_1_327' title='bbox 984 1802 1139 1839; x_wconf 76' lang='lat' dir='ltr'>imaginum</span> <span class='ocrx_word' id='word_1_328' title='bbox 1161 1803 1263 1838; x_wconf 87' lang='lat' dir='ltr'>cultu,</span> <span class='ocrx_word' id='word_1_329' title='bbox 1296 1802 1345 1837; x_wconf 87' lang='lat' dir='ltr'>qui</span> <span class='ocrx_word' id='word_1_330' title='bbox 1372 1810 1437 1830; x_wconf 87' lang='lat' dir='ltr'>curn</span> <span class='ocrx_word' id='word_1_331' title='bbox 1469 1804 1573 1838; x_wconf 87' lang='lat' dir='ltr'>procul</span> 
     </span>
     <span class='ocr_line' id='line_1_32' title="bbox 64 1850 1566 1891; baseline 0.003 -12"><span class='ocrx_word' id='word_1_332' title='bbox 64 1850 153 1879; x_wconf 85' lang='lat' dir='ltr'>dubio</span> <span class='ocrx_word' id='word_1_333' title='bbox 179 1851 262 1888; x_wconf 86' lang='lat' dir='ltr'>jussu</span> <span class='ocrx_word' id='word_1_334' title='bbox 294 1851 386 1887; x_wconf 82' lang='lat' dir='ltr'>ipsius</span> <span class='ocrx_word' id='word_1_335' title='bbox 421 1851 520 1880; x_wconf 86' lang='lat' dir='ltr'>Caroli</span> <span class='ocrx_word' id='word_1_336' title='bbox 547 1852 723 1889; x_wconf 87' lang='lat' dir='ltr'>scripserit,</span> <span class='ocrx_word' id='word_1_337' title='bbox 753 1854 956 1883; x_wconf 80' lang='lat' dir='ltr'>verosimiliter</span> <span class='ocrx_word' id='word_1_338' title='bbox 983 1863 1102 1890; x_wconf 90' lang='lat' dir='ltr'>quoque</span> <span class='ocrx_word' id='word_1_339' title='bbox 1128 1854 1214 1891; x_wconf 87' lang='lat' dir='ltr'>hujus</span> <span class='ocrx_word' id='word_1_340' title='bbox 1238 1853 1388 1889; x_wconf 79' lang='lat' dir='ltr'>opiniones</span> <span class='ocrx_word' id='word_1_341' title='bbox 1421 1855 1566 1890; x_wconf 86' lang='lat' dir='ltr'>exposuit.</span> 
     </span>
     <span class='ocr_line' id='line_1_33' title="bbox 64 1900 1572 1941; baseline 0.003 -12"><span class='ocrx_word' id='word_1_342' title='bbox 64 1900 111 1929; x_wconf 78' lang='lat' dir='ltr'>Ad</span> <span class='ocrx_word' id='word_1_343' title='bbox 136 1901 353 1937; x_wconf 85' lang='lat' dir='ltr'>pontificiorum</span> <span class='ocrx_word' id='word_1_344' title='bbox 379 1903 706 1933; x_wconf 79' lang='lat' dir='ltr'>transsubstantiationis</span> <span class='ocrx_word' id='word_1_345' title='bbox 734 1905 892 1934; x_wconf 88' lang='lat' dir='ltr'>doctrinam</span> <span class='ocrx_word' id='word_1_346' title='bbox 916 1913 1034 1941; x_wconf 84' lang='lat' dir='ltr'>vergere</span> <span class='ocrx_word' id='word_1_347' title='bbox 1055 1906 1111 1941; x_wconf 88' lang='lat' dir='ltr'>jam</span> <span class='ocrx_word' id='word_1_348' title='bbox 1137 1904 1234 1939; x_wconf 83' lang='lat' dir='ltr'>coepit</span> <span class='ocrx_word' id='word_1_349' title='bbox 1264 1904 1294 1933; x_wconf 87' lang='lat' dir='ltr'>id</span> <span class='ocrx_word' id='word_1_350' title='bbox 1321 1913 1434 1934; x_wconf 87' lang='lat' dir='ltr'>aevum.</span> <span class='ocrx_word' id='word_1_351' title='bbox 1482 1905 1572 1934; x_wconf 78' lang='lat' dir='ltr'>Dam-</span> 
     </span>
    </p>
   </div>
   <div class='ocr_carea' id='block_1_5' title="bbox 63 1952 1574 2036">
    <p class='ocr_par' dir='ltr' id='par_1_7' title="bbox 63 1952 1574 2036">
     <span class='ocr_line' id='line_1_34' title="bbox 63 1952 1567 1994; baseline 0.003 -14"><span class='ocrx_word' id='word_1_352' title='bbox 63 1958 178 1981; x_wconf 82' lang='lat' dir='ltr'>naverat</span> <span class='ocrx_word' id='word_1_353' title='bbox 203 1952 316 1988; x_wconf 85' lang='lat' dir='ltr'>quidem</span> <span class='ocrx_word' id='word_1_354' title='bbox 342 1953 483 1990; x_wconf 79' lang='lat' dir='ltr'>ejusmodi</span> <span class='ocrx_word' id='word_1_355' title='bbox 509 1954 677 1984; x_wconf 79' lang='lat' dir='ltr'>sententiam</span> <span class='ocrx_word' id='word_1_356' title='bbox 704 1955 1061 1993; x_wconf 75' lang='lat' dir='ltr'>Constantinopolitanum</span> <span class='ocrx_word' id='word_1_357' title='bbox 1092 1955 1248 1984; x_wconf 79' lang='lat' dir='ltr'>concilium</span> <span class='ocrx_word' id='word_1_358' title='bbox 1276 1956 1366 1994; x_wconf 65' lang='grc' dir='ltr'>(α),</span> <span class='ocrx_word' id='word_1_359' title='bbox 1397 1956 1463 1985; x_wconf 85' lang='lat' dir='ltr'>huic</span> <span class='ocrx_word' id='word_1_360' title='bbox 1495 1965 1567 1987; x_wconf 85' lang='lat' dir='ltr'>vero</span> 
     </span>
     <span class='ocr_line' id='line_1_35' title="bbox 1516 2006 1574 2036; baseline -0.017 0"><span class='ocrx_word' id='word_1_361' title='bbox 1516 2006 1574 2036; x_wconf 77' lang='lat' dir='ltr'>Ni·-</span> 
     </span>
    </p>
   </div>
   <div class='ocr_carea' id='block_1_6' title="bbox 99 2081 1405 2172">
    <p class='ocr_par' dir='ltr' id='par_1_8' title="bbox 99 2081 1405 2172">
     <span class='ocr_line' id='line_1_36' title="bbox 99 2081 1405 2123; baseline 0.003 -13"><span class='ocrx_word' id='word_1_362' title='bbox 99 2081 163 2117; x_wconf 71' lang='lat'>(1)</span> <span class='ocrx_word' id='word_1_363' title='bbox 186 2084 219 2112; x_wconf 79' lang='lat'>1..</span> <span class='ocrx_word' id='word_1_364' title='bbox 236 2084 288 2112; x_wconf 80' lang='lat'>111.</span> <span class='ocrx_word' id='word_1_365' title='bbox 306 2091 331 2111; x_wconf 84' lang='lat' dir='ltr'>c.</span> <span class='ocrx_word' id='word_1_366' title='bbox 350 2090 374 2112; x_wconf 85' lang='lat'>1.</span> <span class='ocrx_word' id='word_1_367' title='bbox 392 2093 420 2118; x_wconf 65' lang='lat' dir='ltr'>p,</span> <span class='ocrx_word' id='word_1_368' title='bbox 433 2087 588 2119; x_wconf 78' lang='lat'><strong>359—262.</strong></span> <span class='ocrx_word' id='word_1_369' title='bbox 721 2088 790 2123; x_wconf 67' lang='grc' dir='ltr'>(α)</span> <span class='ocrx_word' id='word_1_370' title='bbox 813 2090 841 2115; x_wconf 88' lang='lat' dir='ltr'>In</span> <span class='ocrx_word' id='word_1_371' title='bbox 859 2089 925 2115; x_wconf 82' lang='lat' dir='ltr'>actis</span> <span class='ocrx_word' id='word_1_372' title='bbox 944 2096 987 2122; x_wconf 83' lang='lat' dir='ltr'>ap·</span> <span class='ocrx_word' id='word_1_373' title='bbox 1010 2088 1092 2115; x_wconf 72' lang='lat' dir='ltr'>nard.</span> <span class='ocrx_word' id='word_1_374' title='bbox 1110 2094 1130 2116; x_wconf 88' lang='lat' dir='ltr'>t.</span> <span class='ocrx_word' id='word_1_375' title='bbox 1146 2089 1193 2115; x_wconf 89' lang='lat' dir='ltr'>1v.</span> <span class='ocrx_word' id='word_1_376' title='bbox 1218 2095 1245 2120; x_wconf 78' lang='grc' dir='ltr'>Ρ.</span> <span class='ocrx_word' id='word_1_377' title='bbox 1262 2089 1325 2120; x_wconf 78' lang='lat'><strong>368,</strong></span> <span class='ocrx_word' id='word_1_378' title='bbox 1343 2088 1405 2122; x_wconf 72' lang='lat'>369.</span> 
     </span>
     <span class='ocr_line' id='line_1_37' title="bbox 833 2135 903 2172; baseline 0 0"><span class='ocrx_word' id='word_1_379' title='bbox 833 2135 860 2165; x_wconf 80' lang='grc' dir='ltr'>Ε</span> <span class='ocrx_word' id='word_1_380' title='bbox 883 2143 903 2172; x_wconf 77' lang='lat'>3</span> 
     </span>
    </p>
   </div>
  </div>
 </body>
</html>
