1919 2511
677 187 1080 230 ORATIO.
1575 214 1618 245 15

134 263 211 307 em,
240 270 278 298 nt
297 266 379 299 mffii
405 278 583 311 corporum
611 274 853 315 particularum
877 280 1036 323 originem
1064 291 1096 319 et
1112 288 1251 333 virium,
1283 286 1614 336 qtfibu5*'i1]structae

131 328 211 357 sunt
222 325 232 366 ,’
262 324 434 359 indicetis!
475 331 596 363 Nonne
608 333 705 376 igitur
719 335 854 378 vidctis,
878 347 950 370 esse
965 336 1109 385 aliquam
1129 354 1265 379 causam
1279 372 1289 390 ,
1314 361 1398 393 quae
1417 353 1609 395 corporibus

130 380 280 416 diversas
303 382 389 415 adeo
411 394 531 428 easque
549 388 759 424 admirabiles
782 395 867 427 vires
884 396 1017 433 infixit?
1059 402 1121 438 Sed
1130 428 1145 444 ,.
1175 409 1210 437 ut
1231 406 1274 439 ad
1297 414 1423 442 metam
1446 421 1607 455 propere-

129 443 238 480 mus,'
258 437 363 472 Vobis
388 440 423 473 in
447 449 592 477 mentem
624 449 786 482 revocetis
816 451 1048 489 admirabilem
1076 457 1167 492 illam
1195 461 1297 506 legem
1314 489 1325 506 ,
1355 477 1420 509 qua
1456 470 1605 503 coelestia

126 493 356 527 moderantur!
401 499 524 532 Docuit
540 502 608 534 Vos
623 504 835 540 Mechanices
848 509 1030 554 Disciplina
1042 539 1056 555 ,⁴
1083 518 1242 562 cujusque
1257 529 1432 566 praecepta
1446 526 1607 560 immuta-

125 548 201 583 bilia
217 560 289 582 esse
301 552 517 598 profitemini,
541 557 645 601 legem
660 565 861 596 attractionis
870 590 885 606 ‚.
905 572 942 600 ut
957 568 1001 601 ita
1015 571 1106 604 inter
1116 584 1255 617 corpora
1272 579 1423 613 coelestia
1443 583 1600 626 exsistat,

123 616 193 639 non
209 609 312 651 magis
324 612 548 645 necessariam
567 624 659 657 esse,
684 628 786 661 quam
806 621 875 655 vim
892 623 1022 669 ipsam,
1046 627 1110 662 hac
1134 631 1203 675 lege
1231 634 1450 670 moderatam.
1499 641 1601 673 Prae-

121 669 212 698 terea
225 666 590 705 edemonstrationibus
604 678 820 721 NE'WTON15
838 680 911 713 Viri
928 683 1161 729 celeberrimi,
1182 689 1356 734 intelligere
1370 697 1515 737 poteritis
1526 722 1535 738 ,
1552 698 1599 730 lc-

120 732 195 765 gem
212 724 418 757 attractionis
435 725 533 760 aliter
558 735 658 774 atque
681 733 775 767 aliter
798 736 926 781 concipi
950 750 1071 782 posse3
1095 744 1183 787 quod
1216 757 1293 780 cum
1315 750 1360 782 ita
1389 753 1446 793 sit,
1481 753 1599 786 exinde

119 779 291 822 sequitur.-
312 780 416 824 legem
439 787 644 820 attractionis
672 800 740 823 non
764 793 876 825 minus
905 806 1006 838 quain
1027 798 1135 841 ipsam
1160 799 1228 834 vim
1256 814 1327 837 esse
1350 810 1572 843 necessariam
1586 835 1595 853 ,

118 833 240 878 quippe
256 846 341 879 quae
360 848 402 871 ex
417 840 490 882 ipsa
504 843 709 878 attractionis
725 847 797 881 idea
815 849 934 884 deduci
950 854 1041 887 nullo
1059 857 1158 890 modo
1181 862 1350 902 potuisset.

143 893 145 895 '
161 891 195 924 Si
216 891 302 925 inter
321 899 430 928 tantas
449 897 532 941 leges
559 904 763 936 attractionis
782 915 903 950 easque
921 910 1115 952 possibiles,
1134 924 1201 948 una
1227 923 1356 952 tantum
1384 932 1487 965 caque
1512 923 1598 957 sim:-

114 940 209 990 Flex,
241 959 307 991 qua
331 952 480 986 coelestia
507 956 748 1001 moderantur,
780 961 994 1008 observetur,
1024 971 1172 1012 quaestio
1194 982 1267 1006 *sua
1290 983 1407 1019 sponte
1437 988 1472 1011 se
1497 980 1594 1014 nobis

112 1003 232 1037 offert:
262 1016 322 1038 cur
346 1010 454 1050 potius
478 1010 562 1045 haec
590 1014 661 1057 lex,
699 1028 802 1061 quam
834 1021 898 1055 alia
935 1033 1187 1070 quaecumque,
1217 1041 1303 1073 quae
1333 1035 1442 1076 primo
1472 1037 1593 1070 intuitu

112 1058 293 1104 simplicior
315 1063 484 1108 Videatur,
507 1069 542 1101 in
561 1075 680 1105 natura
701 1073 875 1113 obtineat?
916 1081 999 1123 Sed,
1033 1084 1111 1126 quid
1139 1085 1244 1130 magis
1269 1099 1288 1120 a
1316 1091 1443 1124 ratione
1466 1092 1592 1126 abbon->

111 1122 199 1151 reret
215 1129 317 1162 quam
340 1121 508 1157 conclusio
535 1123 609 1169 illa,
645 1130 830 1172 quoddam
858 1137 1023 1180 Numen,
1056 1139 1219 1183 sapienti
1246 1145 1417 1187 consilio,
1451 1159 1495 1180 ex
1516 1150 1592 1183 illis

112 1171 249 1216 legibus
272 1175 449 1218 optimam
478 1190 550 1214 non
569 1183 707 1225 fecisse
737 1187 944 1226 delectum?
990 1196 1024 1228 Si
1042 1207 1157 1230 omncs
1180 1200 1253 1233 illae
1283 1202 1368 1246 leges
1393 1216 1497 1248 aeque
1524 1208 1590 1240 sint

107 1230 303 1274 possibiles,
326 1235 354 1267 si
380 1235 518 1271 fortuito
543 1250 625 1274 casu
643 1245 812 1280 Mundum
842 1249 1058 1284 constitutum
1079 1264 1151 1287 esse
1173 1266 1358 1305 ponamus,
1387 1262 1477 1294 nulla
1505 1265 1589 1297 ratio

107 1285 200 1321 reddi
215 1293 347 1332 potest,
373 1302 475 1335 quare
490 1296 581 1339 apud
593 1309 709 1333 omnes
729 1303 901 1346 planetas,
924 1319 967 1341 ne
991 1312 1136 1354 exceptis
1165 1314 1298 1356 quidem
1319 1317 1476 1360 cometis,
1500 1331 1587 1363 quo-

107 1352 184 1377 rum
199 1346 294 1378 multi
319 1347 532 1390 probabiliter
555 1353 597 1386 ab
623 1356 693 1389 aliis
712 1360 831 1394 mundi
851 1363 1003 1406 partibus
1027 1366 1070 1399 ad
1089 1374 1238 1403 nostram
1263 1373 1509 1418 migravertuit‚
1537 1378 1585 1411 vis

104 1401 308 1435 attractionis
324 1404 439 1438 eadem
456 1407 524 1451 Iege
545 1416 629 1453 agat.

109 1466 115 1469 ·
149 1458 267 1490 Talem
289 1469 368 1493 vero
394 1461 557 1496 delectum
584 1465 700 1501 adesse
725 1469 857 1505 facilius
881 1475 1084 1520 intelligitur,
1114 1480 1141 1512 si
1163 1483 1268 1526 magis
1289 1483 1330 1516 d'e
1350 1485 1512 1522 industria
1539 1491 1582 1525 ad

104 1523 221 1546 onmes
257 1514 390 1549 effectus
427 1518 504 1562 legis
536 1521 686 1556 inversae
726 1527 965 1570 quadratorum
1004 1534 1241 1571 distantiarum
1277 1541 1491 1579 attendimus.
1549 1548 1582 1581 Si

105 1570 193 1604 enim
207 1597 224 1613 ,.
237 1583 299 1616 ope
318 1574 501 1617 Analyseos
518 1579 795 1627 Mathematicae‚
813 1587 893 1619 alias
912 1592 1115 1633 attractionis
1135 1595 1218 1638 loges
1239 1595 1468 1643 inquiramus,
1493 1603 1581 1645 quod

100 1627 416 1663 Mathematicorum
436 1633 593 1668 methodo
629 1637 725 1671 facilc
747 1630 905 1685 efficitur,
941 1645 1142 1691 videbimus,
1174 1652 1302 1686 nullam
1327 1655 1427 1688 aliam
1451 1663 1581 1693 attrac-

100 1683 198 1716 tionis
213 1684 340 1728 legem,
361 1698 462 1730 quam
479 1690 568 1723 illam
580 1716 590 1734 ,
605 1704 689 1737 quae
705 1696 739 1728 in
756 1697 895 1739 planetis
910 1700 1107 1737 observatur
1121 1730 1131 1747 ,
1155 1709 1301 1749 potuisse
1325 1722 1387 1744 nec
1404 1712 1495 1747 hunc
1521 1725 1580 1749 or-‘

100 1739 212 1772 dinem
234 1740 296 1774 nec
319 1742 408 1776 hanc
432 1745 622 1781 firmitatem
644 1755 676 1786 et
696 1756 919 1789 constantiam
934 1758 1063 1793 efficere
1076 1786 1085 1803 ,
1111 1773 1130 1795 a
1155 1763 1276 1807 quibus
1303 1766 1357 1810 hi,
1381 1779 1440 1812 per
1458 1777 1503 1805 tot
1520 1784 1577 1807 sc-

100 1797 249 1830 efflorum
277 1801 420 1842 spatium
439 1827 449 1842 ,
480 1815 524 1837 ne
544 1808 680 1840 minime
703 1809 838 1852 quidem
870 1823 1087 1858 recesserunt.
1140 1821 1208 1858 Et,
1242 1823 1271 1854 si
1292 1825 1364 1866 quis
1393 1828 1571 1874 Vestrum,

98 1852 215 1894 A.A.‚
240 1854 280 1886 de
301 1855 365 1889 hoc
386 1867 580 1902 argumento
609 1863 754 1907 dubitet,
784 1867 868 1911 legat
899 1881 1089 1907 NEWTom
1110 1877 1259 1918 primum
1287 1880 1327 1913 de
1357 1883 1571 1931 Philosophia

98 1909 247 1943 Naturali
274 1911 416 1957 librum,
441 1928 506 1961 quo
530 1919 621 1962 loco,
652 1922 786 1966 ingenio
803 1924 1016 1960 acutissimus
1045 1937 1162 1965 auctor
1179 1934 1292 1977 plures
1311 1937 1509 1982 hypotheses
1531 1946 1572 1979 de

96 1964 218 2008 legibus
247 1971 472 2015 attractionis,
513 1975 650 2019 Amalysi
681 1980 920 2017 Mathematica
956 1992 1076 2021 tractat
1090 2003 1101 2030 3
1142 2001 1161 2023 e
1187 1992 1309 2036 quibus
1336 1997 1568 2042 disquisitioni-

95 2019 159 2053 bus
197 2026 344 2059 maxima
381 2039 457 2063 cum
488 2033 649 2069 evidentia
672 2037 849 2080 probatum
874 2047 924 2074 est
940 2067 953 2084 ,
980 2055 1081 2088 quam
1111 2049 1305 2091 complicata
1327 2060 1413 2087 esset
1436 2057 1508 2101 lex,
1538 2063 1566 2095 si

94 2076 264 2121 planetae,
297 2083 351 2123 uti]
371 2096 628 2124 mrrancnus
660 2098 691 2126 et
721 2106 982 2132 PTOLEMAEUS
1017 2101 1258 2145 opinabantur,
1292 2109 1422 2143 circulis
1446 2124 1566 2149 excen-

94 2132 184 2168 tricis
206 2136 419 2183 veherentur;
448 2146 631 2191 eademque
655 2150 816 2187 evidentia
842 2154 1006 2199 definivit,
1037 2159 1150 2202 quales
1179 2168 1287 2197 essent
1315 2165 1497 2203 orbitarum
1525 2171 1563 2204 fi-

1509 2227 1567 2271 su*
