1919 2511
348 116 579 149 RESPONSIO
612 123 654 145 AD
689 111 1003 153 QUAESTIONEM
1024 112 1348 144 THEOLOGICAM.
1565 124 1602 152 29

86 203 142 241 ipsi
161 205 310 240 legerent,
331 201 366 230 ad
388 198 596 229 institutionem
622 204 701 225 suam
715 215 726 231 ‚
748 201 776 224 et
799 196 891 231 palam
915 203 980 224 cum
1003 196 1115 231 populo
1141 195 1385 225 communicarent
1408 197 1487 234 (1).
1528 197 1597 235 Quo

86 255 200 292 quidem
219 254 352 283 instituto
371 252 472 280 Bedam
493 255 634 285 sequutus
657 253 713 276 est.
755 245 813 275 Hic
836 246 911 275 enim
931 245 1215 283 Anglo-Saxonicam
1239 246 1339 275 Sacrae
1364 248 1529 283 Scripturae
1553 248 1596 277 in-

83 305 315 343 terpretationem
334 302 462 337 curavit,
483 301 513 330 in
526 307 608 329 usum
628 297 808 327 sacerdotum
820 318 831 333 ,
855 297 906 334 qui
924 297 1057 327 Latinam
1073 298 1200 335 linguam
1216 306 1275 326 non
1293 299 1428 327 callerent
1450 298 1492 334 (2
1503 298 1532 335 ).

121 357 228 393 Neque
246 356 369 386 Carolus
388 353 499 383 clericis
515 357 624 381 tantum
641 349 781 378 librorum
797 348 912 385 copiam·
930 349 1082 385 praebuit,
1105 348 1210 385 quibus
1237 355 1386 378 uterentur
1407 349 1436 378 in
1457 350 1600 379 Christia-

83 416 136 438 nae
149 406 296 444 religionis
310 404 440 435 doctrina
454 403 565 440 populo
585 400 744 435 tradenda,
764 399 815 428 sed
837 398 910 428 Fecit
934 399 1028 429 omnia
1048 407 1165 436 quoque
1177 419 1187 435 ,
1209 405 1242 427 ut
1260 407 1309 427 eos
1326 398 1451 436 adigeret
1472 400 1506 428 ad
1519 399 1596 428 illam

83 458 209 488 muneris
232 464 340 494 partem
362 463 478 486 strenue
503 452 676 483 obeundam·
723 450 792 489 Quo
815 457 947 488 tempore
971 459 1089 488 regnare
1114 456 1267 487 coeperat,
1296 446 1491 487 praedicatio,
1521 459 1594 486 quae

85 509 209 545 dicitur,
229 508 259 538 in
276 508 416 544 ecclesia,
437 506 498 536 fere
521 511 588 534 tota
603 504 633 533 in
652 502 868 532 desuetudinem
883 501 1001 531 abierat.
1043 501 1101 532 Cui
1119 500 1192 531 vitio
1212 508 1245 530 ut
1265 500 1378 530 obviam
1399 501 1475 537 iret,
1499 501 1596 529 decre-

83 561 148 597 vit,
169 561 274 597 opinor
287 580 298 596 ,
321 560 399 596 quod
416 568 433 589 a
449 557 589 587 monacho
609 556 666 585 San
682 554 816 583 Gallensi
839 553 973 583 traditum
992 558 1057 589 est,
1078 558 1111 581 ut
1141 551 1272 589 episcopi
1294 551 1340 580 die
1363 552 1485 588 quodam
1503 552 1533 581 in
1550 552 1598 581 ba-

83 611 174 641 silicis
189 611 249 640 suis
263 611 383 640 aedibus
395 611 507 647 populo
532 607 618 637 verba
640 606 766 635 facerent
783 604 800 642 (
807 613 820 641 3
834 604 863 641 ).
902 604 937 633 Id
960 603 1100 640 temporis
1124 610 1218 632 autem
1246 611 1282 632 eo
1305 611 1488 640 processerat
1505 613 1600 633 sacer·

83 663 204 700 dotum,
223 663 253 692 in
271 670 305 691 eo
320 661 415 690 officio
430 659 601 697 praestando
612 678 623 693 ‚
640 654 836 693 negligentia,
854 661 886 683 ut
897 654 1043 684 Alcuinus
1058 654 1256 691 imperatorem
1275 661 1424 691 moneret,
1444 655 1599 692 episcopos

85 723 173 750 esse,
193 714 243 750 qui
261 711 438 750 presbyteris
463 711 525 740 suis
549 709 712 747 praedIcare
732 712 863 737 vetarent
879 706 961 744 (4).
1002 706 1052 735 Ex
1073 714 1194 743 quorum
1221 714 1342 735 numero
1359 706 1446 735 istum
1466 707 1600 743 suspicor

83 765 176 795 fuisse
192 767 383 802 episcopum,
405 763 456 800 qui
474 772 542 792 cum
562 763 672 792 nullam
686 759 805 788 omnino
832 765 966 793 umquam
990 757 1161 786 concionem
1184 756 1353 794 habuisset,
1375 757 1484 787 divitiis
1505 765 1601 787 autem

84 816 256 853 luxuriaque
279 816 431 852 diffluens,
458 813 634 851 neglexisset
662 819 783 848 prorsus
807 811 912 842 virium
937 812 1025 842 animi
1051 812 1282 841 exercitationem
1292 803 1323 848 ,⁴
1334 812 1373 842 ita
1399 819 1432 841 ut
1455 813 1603 849 haudqua-

86 878 171 906 quam
188 870 310 898 idoneus
325 875 422 904 esset,
444 867 495 904 qui
512 867 658 896 decretum
685 865 815 902 regium,
837 865 925 894 modo
955 864 1101 893 laudatum
1114 884 1125 900 ,
1147 869 1374 900 exsequeretur,
1395 870 1517 893 attamen
1530 864 1599 893 huic

86 920 302 957 quodammodo
316 918 480 949 satisfacere
499 917 642 955 cupiens,
663 918 759 945 lusum
783 915 957 952 ridiculum,
979 915 1029 944 sed
1046 915 1166 952 impium
1185 914 1399 951 profanumque
1416 915 1600 950 institueret,

85 979 151 1000 cnm
182 971 306 1007 quodam
331 978 365 999 ex
386 970 494 1000 infimis
516 968 605 999 sacris
628 967 781 998 ministris.
821 967 883 997 Cui
902 975 951 996 rex
974 966 1087 997 veniam
1108 965 1188 995 dedit
1206 965 1244 995 ob
1270 965 1449 1004 ingeniosam
1475 965 1600 995 hominis

84 1021 279 1051 inventionem
300 1021 383 1060 (5).

110 1073 227 1103 ·Variae
250 1080 347 1103 autem
378 1079 491 1104 exstant
523 1073 688 1111 epIstoIae,
717 1070 955 1108 adhortationes,
991 1070 1127 1107 decreta,
1154 1070 1254 1108 reges,
1285 1079 1357 1107 quae
1390 1070 1490 1100 Caroli
1524 1070 1605 1099 inde-

62 1144 65 1147 ·
86 1123 191 1154 fessam
216 1124 392 1161 diligentiam
415 1125 628 1162 comprobent,
657 1125 687 1154 in
717 1124 855 1154 acerrime
881 1122 1052 1153 vindicanda
1076 1130 1106 1152 et
1132 1129 1210 1152 recte
1239 1122 1389 1160 dirigenda
1417 1122 1607 1159 praedicatio·

86 1183 135 1206 ne.
175 1175 313 1212 Epistola
337 1176 458 1211 quadam
483 1175 596 1212 imperii
620 1175 670 1204 sui*
690 1174 839 1210 episcopis
860 1179 888 1202 et
912 1173 1109 1203 sacerdotibus
1137 1173 1256 1210 reliquis
1279 1174 1445 1210 significat,
1475 1182 1527 1209 se,
1549 1172 1603 1201 etsi

87 1226 123 1255 de
149 1225 298 1263 diligentia
332 1235 429 1255 eoru-m
468 1235 500 1256 ac
527 1226 638 1263 pietate
662 1233 852 1262 persuasum,
881 1231 975 1254 tamen
1009 1225 1082 1268 scire
1116 1226 1211 1260 velle,
1243 1226 1305 1261 qua
1327 1225 1440 1254 ratione
1469 1224 1606 1253 Latinum

87 1277 252 1312 symbolum
275 1277 521 1314 interpretentur,
550 1277 620 1313 quid
649 1275 688 1306 sit
721 1277 837 1305 credere
860 1275 891 1305 in
918 1276 1034 1312 Deum,
1062 1275 1174 1305 Patrem
1200 1276 1450 1312 omnipotentem,
1482 1280 1511 1303 et
1533 1283 1606 1310 quae

88 1333 252 1363 sequuntur
280 1327 350 1366 (6)
367 1328 382 1358 ἱ)
434 1329 557 1357 Strenue
583 1336 703 1365 quoque
729 1326 877 1364 episcopis
904 1333 933 1356 et
962 1327 1140 1365 presbyteris
1169 1322 1343 1363 praecepit,
1371 1333 1404 1356 ut
1440 1326 1524 1355 fidem
1558 1334 1606 1355 ca-

87 1377 223 1408 tholicam
248 1381 362 1416 popu-10
385 1380 601 1416 praedicarent,
623 1380 782 1409 orationem
812 1379 983 1409 dominicam
1006 1386 1127 1414 quoque
1150 1384 1179 1406 et
1196 1377 1303 1407 scirent
1319 1378 1395 1415 ipsi,
1416 1384 1444 1406 et
1464 1378 1605 1414 populum

88 1429 228 1460 docerent
254 1430 490 1468 intelligendam,
517 1440 551 1461 eo
575 1431 720 1468 consilio,
742 1438 776 1460 ut
801 1431 925 1467 quisque
951 1430 1039 1459 sciret
1065 1429 1135 1466 quid
1155 1438 1171 1458 a
1192 1429 1258 1458 Deo
1277 1437 1391 1467 rogaret
1408 1430 1490 1467 (7).
1528 1426 1607 1455 Fidei

89 1481 253 1518 symbolum
274 1488 303 1511 et
319 1482 479 1512 orationem
494 1483 667 1513 dominicam
688 1483 738 1519 qui
756 1482 900 1520 ignoraret
911 1502 928 1518 ,
942 1488 993 1511 aut
1009 1480 1174 1509 memoriter
1191 1483 1310 1510 recitare
1329 1490 1388 1510 non
1404 1484 1523 1515 posset,
1541 1486 1605 1507 eum

63 1559 66 1561 Α
87 1532 228 1569 baptizari
251 1533 443 1572 νεῑιιίῑζὸ).Δ
485 1534 560 1572 Quo-
576 1534 690 1563 decreto
716 1541 836 1571 accepto
856 1533 1040 1567 Garibadus,
1064 1531 1270 1561 Leodiensium
1296 1531 1471 1566 episcopus,
1496 1529 1604 1557 clerum

89 1591 174 1613 suum
195 1584 348 1613 confestim
375 1586 410 1614 de
447 1585 541 1614 officio
576 1585 724 1615 admonuit
755 1585 831 1623 (9).
880 1585 988 1620 Neque
1020 1589 1114 1611 tamen
1144 1581 1326 1619 imperatoris
1360 1580 1520 1609 mandatum
1555 1588 1607 1616 per

91 1643 176 1664 omne
191 1634 343 1671 imperium
360 1634 430 1664 satis
459 1635 590 1665 studiose
611 1636 796 1673 observatum
825 1636 953 1667 videtur.
994 1633 1053 1664 Hic
1079 1633 1153 1663 enim
1180 1640 1281 1670 postea
1306 1631 1399 1662 notari
1412 1631 1522 1669 jussit,
1543 1630 1608 1667 qui-

65 1699 68 1702 <
90 1692 210 1722 cunque
224 1685 384 1715 orationem
401 1685 572 1716 dominicam
588 1693 621 1717 et
633 1686 700 1717 fidei
725 1689 895 1725 symbo1um
914 1685 1051 1717 memoria
1074 1693 1135 1715 non
1154 1691 1306 1720 tenerent,
1327 1690 1376 1712 aut
1398 1683 1523 1712 ediscere
1541 1682 1608 1711 nol·

1533 1735 1606 1763 lent.

124 1821 141 1857 (
151 1821 191 1857 1)
208 1821 268 1850 Vid.
284 1822 416 1855 Schmidt,
436 1822 536 1850 G'esch.
554 1827 602 1849 απ
616 1827 743 1852 Teuma.
759 1837 781 1853 t.
799 1829 818 1853 1‘.
836 1836 864 1860 p.
882 1836 926 1861 57·

125 1871 193 1906 (2)
211 1871 274 1899 vid.
287 1870 406 1898 Usserius
416 1889 426 1902 ‚
443 1871 476 1898 de
488 1871 602 1904 dogmat„
613 1879 737 1900 controv.
748 1875 822 1905 :inter
837 1873 942 1902 orthod.
957 1880 983 1900 et
999 1874 1095 1907 pontif.
1112 1873 1143 1899 de
1160 1872 1291 1906 scripturis
1304 1877 1329 1897 et
1345 1872 1424 1898 sacris
1442 1868 1585 1895 vernaculis
1598 1886 1608 1898 ,

93 1926 120 1952 p.
139 1925 203 1952 107,
223 1918 281 1951 358.
418 1917 483 1952 (3)
501 1926 526 1945 c.
544 1926 588 1947 20.
606 1927 634 1952 p.
657 1927 714 1952 113.
733 1927 776 1953 ap.
789 1921 879 1953 Bouq.
1016 1920 1078 1954 (4)
1100 1927 1146 1953 ep.
1163 1925 1222 1952 124.
1241 1928 1269 1952 p.
1284 1920 1341 1953 183.
1359 1919 1391 1945 T.
1410 1918 1432 1943 1.
1450 1924 1513 1948 opp·

128 1963 190 1998 (5)
210 1964 287 1991 Mon.
303 1963 352 1989 San
369 1964 456 1996 Gall„
473 1965 495 1992 1.
509 1965 533 1992 Ι.
656 1963 720 2000 (6)
739 1967 880 1999 Exemplar
895 1966 970 1999 hujus
986 1968 1111 2000 epistolae
1125 1973 1205 1992 exstat
1225 1972 1266 1999 ap.
1283 1966 1372 1996 Bouq.
1389 1971 1431 1996 ep.
1443 1970 1485 1988 20.
1504 1968 1535 1994 p·
1545 1959 1605 1991 6321

126 2008 144 2044 (
155 2009 192 2045 7)
211 2011 300 2044 Capit.
316 2011 406 2036 incerti
422 2012 479 2041 anni
496 2018 539 2044 ap.
554 2012 642 2045 Bouq.
661 2020 689 2045 p.
704 2013 766 2044 691.
886 2012 952 2047 (8)
973 2014 1027 2047 Ep.
1040 2021 1080 2047 1-7.
1099 2021 1140 2047 ap.
1159 2014 1248 2046 Bouq.

127 2057 195 2092 (9)
215 2058 245 2085 In
263 2057 326 2085 Act.
345 2065 424 2086 conc.
442 2057 490 2086 ed.
502 2058 587 2085 Mansi
609 2065 630 2086 t.
642 2059 722 2085 xm.
736 2066 764 2091 p.
780 2059 860 2087 1088,
