1919 2511
245 853 348 908 Esse
369 871 542 907 hominem
563 875 648 910 tanti
668 877 740 909 est?
761 884 806 909 an
827 875 910 916 vita,
934 855 1103 912 siinillima
1126 886 1260 919 somno,

333 941 442 976 Corda
463 952 524 987 per
546 943 697 978 assiduos
717 944 846 978 territat
868 954 967 989 aegra
987 949 1124 981 metus?

245 1012 445 1054 Nascimur‚
468 1017 500 1046 et
520 1012 642 1047 teneris
663 1012 770 1047 inhiat
792 1015 888 1048 Mors
910 1025 1029 1059 aspera
1051 1016 1165 1061 cunis,

327 1083 372 1115 Et
394 1081 521 1116 cIrcum
541 1083 676 1118 rabidas
695 1082 759 1117 fert
779 1083 851 1118 sine
872 1083 941 1129 lege
962 1094 1102 1123 manusa

241 1150 298 1185 Ille
320 1151 412 1196 operi
434 1151 594 1187 insudans
614 1153 743 1198 prolem
764 1158 929 1188 sustentat
950 1164 1113 1199 egenam3

327 1223 421 1254 Dum
442 1232 566 1266 panem
586 1223 704 1268 tepidis
724 1232 825 1266 saepe
845 1221 928 1268 n'gat
948 1224 1120 1268 lacrymis:

240 1288 307 1332 Hic
328 1291 428 1333 petit,
453 1291 592 1327 adverso
615 1292 674 1327 sed
695 1303 765 1327 non
787 1293 858 1327 sine
880 1293 1036 1336 vulnere,
1059 1294 1205 1333 laurqu

325 1346 470 1393 Laurus*
483 1366 519 1394 at
540 1360 691 1397 humano
714 1362 811 1397 foeda
834 1373 953 1396 cruore
976 1362 1085 1397 rubet.

237 1427 383 1462 Aonides
405 1430 510 1464 eolis?
532 1437 609 1465 ante
631 1431 721 1464 djem
742 1437 920 1475 properata
942 1438 1095 1466 senectus

320 1499 371 1530 Te
393 1505 523 1542 manet,
547 1505 580 1533 et
600 1500 691 1533 nullo
713 1499 803 1534 fonte
824 1500 965 1536 levanda
987 1502 1073 1537 sitis-f

233 1567 318 1599 Rem
341 1568 454 1610 populi
477 1571 570 1600 cura!
595 1568 717 1612 stipata
739 1570 876 1602 satellite
897 1569 1003 1602 multo

318 1635 464 1677 Invidia,
487 1636 638 1681 indignas
661 1636 806 1671 excubat
826 1644 904 1671 ante
924 1638 1028 1673 fores-¹

231 1705 398 1737 Emensae
420 1706 556 1739 tandem
577 1712 655 1750 post
675 1711 724 1740 tot
744 1707 834 1741 mala
856 1708 965 1741 taedia
986 1707 1092 1750 vitae;

317 1773 484 1808 Omnibus
498 1800 508 1817 ,
531 1775 599 1808 heu
620 1786 796 1820 nunquam
816 1777 875 1810 lux
895 1777 1065 1820 reditura,
1089 1776 1187 1812 cadit.

226 1840 310 1882 Qujs
332 1845 483 1877 nostram
506 1844 682 1888 adspiciet,
705 1845 734 1878 si
754 1846 824 1888 sol,
847 1846 1034 1881 labentibus
1056 1847 1172 1889 annis,

317 1912 419 1946 Hunc
441 1915 562 1947 iterum
583 1916 657 1948 Εὸο
677 1920 786 1958 portet
806 1915 849 1948 ab
872 1927 953 1959 axe,
978 1917 1081 1951 djem!

227 1981 338 2020 Quem
360 1983 466 2024 juvet,
490 1982 659 2017 humanae
681 1982 818 2027 objicias
840 1996 879 2018 ea
902 1987 1043 2020 crimina
1064 1987 1171 2030 vitae,

317 2050 480 2095 Quodque
502 2063 621 2097 vocas,
645 2054 747 2087 tolera
769 2064 837 2088 non
858 2054 1042 2099 patienter,
1064 2065 1163 2091 onus,

884 2125 915 2156 A
943 2137 961 2157 2

1514 2125 1589 2159 Non
