1919 2511
411 164 638 197 RESPONSIO
666 173 710 195 AD
739 164 1053 204 QUAESTIONEM
1082 171 1299 205 MEDICAM.
1570 190 1605 219 43

87 255 152 284 sum
179 249 297 286 luxato,
326 249 390 279 dein
419 248 556 286 praefecti
584 248 694 278 humeri
718 256 819 277 versus
843 250 987 280 thoracem
1016 254 1176 291 luxuriem,
1198 257 1284 286 variis
1311 257 1454 289 incassum
1476 262 1603 291 distracti

85 300 204 337 linteis,
228 300 449 337 methodisque,
474 308 501 330 et
524 301 639 330 tandem
660 300 806 338 cujusdam
826 300 926 330 militis
946 302 1063 334 brachio
1081 307 1199 344 luxato,
1220 308 1327 339 dudum
1348 313 1480 347 neglecto
1499 321 1514 341 a
1532 313 1604 343 Chi-

87 360 187 388 uirgo,

124 405 192 433 Huc
211 404 290 433 iffius
309 404 382 433 redit
409 404 560 441 operario:
590 404 788 433 ministrorum
816 410 873 439 ope
894 404 1052 440 aequabilis
1080 406 1114 436 fit
1140 409 1270 438 extensio
1289 411 1364 440 ossis
1382 413 1491 448 luxati,
1518 422 1602 451 aegro

85 455 166 484 humi
186 456 313 493 jacente,
336 463 364 485 et
391 456 481 485 utitur
504 456 659 492 chirurgus
687 454 814 491 longiori
837 455 968 491 cylindro
988 457 1104 496 ligneo,
1128 460 1225 490 linteis
1252 462 1417 500 obvoluto,
1439 471 1472 494 ut
1500 474 1550 501 per
1570 465 1603 493 il-

81 507 154 543 lud,
182 513 316 543 tanquam
336 507 366 536 in
393 509 480 544 plano
508 507 667 542 inclinato,
700 515 733 535 os
758 506 794 535 ad
821 506 976 543 pristinum
1000 510 1096 539 locum
1124 520 1235 549 urgeat.

119 558 337 592 Directionem,
360 568 443 595 quam
471 559 641 589 observabat
660 559 854 595 Hippocrates
877 560 965 597 (38)
991 560 1020 589 in
1038 562 1200 593 reducendo
1226 564 1344 594 humero
1369 564 1501 595 manuum
1523 572 1598 604 ope,
1632 607 1636 610 ι

82 609 168 639 etiam
197 610 300 647 probat
328 611 471 640 Wseman
493 609 608 648 (39),
641 619 714 646 quae
737 610 885 639 restitutio
914 610 1008 641 facilis
1028 621 1093 650 est,
1122 615 1148 644 si
1172 616 1297 646 infantili
1321 619 1437 655 corpori
1467 619 1600 649 acciderit

80 662 207 697 laxatio,
229 662 255 691 si
278 671 348 692 vero
376 663 535 692 robustiori
560 664 680 698 adulto,
704 670 823 691 necesse
845 669 909 698 est,
931 669 983 699 ut,
1006 671 1123 701 aegroto
1148 666 1178 696 in
1201 668 1301 697 humili
1315 670 1407 716 sedili
1430 672 1594 708 collocato,

75 712 249 750 chirurgus,
270 713 368 751 digitis
386 714 416 743 in
435 716 507 744 alam
522 714 680 750 immissis,
703 721 731 743 et
755 723 832 751 genu
847 721 965 744 externo
984 716 1084 745 cubito
1100 719 1236 754 apposito
1249 739 1259 755 ‚
1281 703 1402 749 fiiniiter
1423 728 1507 757 caput
1523 730 1602 750 sum-

79 771 127 791 mo
149 763 268 793 humero
296 765 372 802 aegri
393 765 513 803 infigat,
535 775 571 796 ne
599 766 716 802 scapula
741 765 798 794 vim
822 774 1011 803 sequeretur,
1033 768 1166 798 manibus
1196 771 1316 800 humero
1344 773 1459 801 luxato
1469 772 1597 808 illatam,

78 813 114 842 ad
139 823 222 850 quem
248 816 439 845 reducendum
462 817 546 847 etiam
576 826 671 854 genu,
699 817 850 855 dirigendo
874 828 907 849 os
929 821 1041 850 humeri
1070 829 1252 860 antrorsum,
1276 824 1346 860 quid
1367 825 1499 854 conferre
1522 826 1600 855 vide-

77 870 146 901 tur3
170 865 269 894 eodem
289 868 374 896 modo
396 868 529 904 procedit
550 868 580 897 in
606 868 754 898 laxatione
785 870 820 899 ad
846 871 1007 908 anteriora,
1038 876 1145 903 mutata
1170 875 1245 904 ossis
1274 876 1385 905 humeri
1412 877 1594 913 directione,

77 916 213 946 nimirum
239 924 325 954 caput
349 918 461 948 humeri
486 926 649 949 antrorsum
673 922 800 950 luxatum
814 942 825 957 ,
847 923 901 951 sub
930 933 970 953 m.
992 925 1131 959 pectorali
1151 926 1298 955 detentum
1314 947 1324 962 ,
1354 927 1476 963 requirit
1496 935 1527 956 ut
1548 937 1598 956 cu-

75 966 155 996 bitus
181 969 345 1005 posteriora
365 978 466 1000 vetsus
490 972 640 1007 trahat-ur,
662 978 690 1000 et
712 972 747 1000 ad
774 972 888 1009 spinam
918 975 1075 1004 adducatur
1096 979 1201 1013 (40).
1242 979 1276 1007 In
1305 978 1458 1008 difficiliori
1484 979 1600 1008 restitu-

71 1019 164 1052 „tionis
188 1028 257 1049 casu
281 1021 391 1060 solebat
424 1023 539 1052 Auctor
565 1023 683 1060 cingulo
711 1024 773 1059 uti,
807 1033 865 1060 quo
896 1025 1008 1055 axillam
1036 1027 1146 1064 aegroti
1168 1034 1196 1057 et
1222 1038 1305 1058 suum
1331 1032 1438 1059 collum
1461 1030 1597 1059 ambienti

71 1071 224 1107 ¹attollebat
247 1080 334 1109 caput
351 1073 466 1103 humeri
488 1074 598 1111 luxati,
619 1075 711 1104 linteo
732 1077 894 1105 convoluto
914 1084 942 1106 et
962 1078 1078 1114 saepius
1100 1080 1274 1117 complicato
1297 1082 1396 1111 axillae
1416 1082 1591 1119 supposito;

71 1121 136 1159 ipse
156 1130 272 1160 autem,
293 1125 360 1154 dum
381 1126 472 1162 alter,
500 1134 516 1155 a
541 1133 622 1163 tergo
646 1127 756 1164 aegroti
785 1127 907 1164 sedens,
939 1131 1040 1166 magna
1066 1130 1096 1160 vi
1124 1131 1242 1160 retrahit
1267 1133 1396 1161 luxatum
1420 1133 1592 1167 humerum,

72 1173 204 1203 manibus
231 1177 375 1212 scapulam
400 1176 507 1214 figens,
534 1177 649 1206 facilius
674 1177 853 1207 luxationem
878 1181 1016 1211 restituit.
1058 1181 1153 1211 Aliam
1177 1183 1260 1212 etiam
1283 1191 1421 1214 memorat
1442 1184 1590 1214 Wiseman

71 1225 231 1261 reponendi
254 1226 438 1261 methodum,
465 1228 491 1256 ei
520 1227 663 1264 similem,
685 1238 758 1265 quae
782 1229 816 1258 fit
839 1239 892 1266 per
917 1233 1044 1268 calcem,
1077 1233 1133 1262 hoc
1155 1240 1248 1264 tamen
1271 1236 1389 1272 addito,
1419 1237 1497 1272 quod
1519 1235 1592 1264 Chi-

67 1284 175 1313 rurgus
199 1277 324 1307 mantilis
351 1287 427 1315 ope,
447 1279 523 1317 aegri
547 1279 720 1317 ambientis,
743 1285 1070 1315 contra-extensionem
1088 1293 1205 1324 augeat,
1226 1296 1278 1324 per
1302 1289 1409 1317 calcem
1432 1295 1587 1317 amanuen-

65 1326 109 1366 sis
122 1326 233 1357 >factam
255 1329 355 1367 (41).

70 1415 71 1418 Ἰ
106 1377 139 1406 Si
163 1387 232 1408 vero
259 1379 458 1411 instrumentis
480 1391 555 1419 opus
577 1384 636 1419 sit,
664 1393 717 1414 nec
743 1394 795 1422 per
823 1395 944 1424 manus,
964 1398 1059 1426 neque
1081 1398 1132 1426 per
1151 1390 1266 1420 mantile
1286 1390 1399 1419 restitui
1419 1396 1518 1427 potest
1541 1391 1587 1419 lu-

65 1430 165 1469 natio,
185 1433 309 1469 praefert
326 1435 439 1464 Auctor
460 1436 562 1472 pistilli
583 1438 757 1475 (coulstaf)
778 1449 863 1469 usum
889 1442 993 1470 scalae.
1035 1441 1159 1471 Additur
1182 1448 1274 1471 autem
1302 1441 1414 1478 pistillo
1439 1441 1583 1475 trochlea‚

66 1490 140 1518 quae
158 1485 308 1514 columnae
328 1485 408 1515 affixa
425 1493 489 1523 est,
507 1488 554 1517 cui
573 1489 696 1518 assidere
715 1490 801 1519 debet
819 1498 979 1529 aegrotus,
1000 1499 1032 1522 ut
1047 1493 1185 1523 humerus
1200 1495 1313 1523 luxatus
1331 1501 1431 1531 posset
1449 1494 1580 1528 extendi,

62 1535 209 1571 scapulam
237 1537 378 1566 retinente
399 1539 557 1576 chirurgo,
579 1546 607 1569 et
632 1541 746 1571 duobus
771 1544 993 1574 amanuensibus
1019 1552 1106 1581 caput
1128 1546 1254 1575 luxatum
1285 1555 1337 1583 per
1362 1546 1502 1604 pistillum
1522 1554 1582 1574 me·

61 1585 140 1616 dium
166 1587 320 1623 globosum
346 1591 556 1626 prementibus.

99 1637 236 1675 Denique
257 1648 396 1671 memorat
423 1643 593 1680 prudentem
615 1653 698 1674 usum
724 1645 924 1677 Glossocomii
953 1647 969 1685 (
978 1648 1028 1677 the
1054 1648 1237 1678 commander
1264 1648 1360 1688 dicti)
1392 1649 1422 1678 in
1447 1647 1574 1686 rigidiori

59 1690 193 1726 corporis
213 1691 325 1723 habitu.

97 1740 242 1779 Modum,
265 1752 324 1780 quo
353 1745 466 1776 othnet
487 1747 595 1777 luxatio
609 1769 619 1786 ,
640 1757 839 1786 perscrutatus
864 1752 1029 1785 Hastam,
1050 1750 1198 1788 signisque
1215 1760 1270 1790 pro
1289 1751 1401 1782 diversa
1417 1752 1572 1782 laxationis

1508 1812 1575 1841 spe-

92 1898 172 1935 (38)
198 1900 326 1935 Loquimr
354 1906 519 1934 solummodo
544 1909 626 1942 Hipp.
649 1909 682 1936 de
704 1911 833 1938 movendo
857 1912 966 1938 humero
987 1917 1150 1943 amrorsum,
1174 1918 1203 1937 ut
1224 1918 1380 1945 reponatur,
1408 1913 1567 1945 reliquorum

56 1954 189 1981 motuum,
208 1949 238 1975 ab
260 1951 427 1979 anterioribus
445 1954 474 1979 ad
492 1957 643 1989 superiora,
662 1964 687 1984 et
705 1965 718 1982 a
736 1959 912 1991 superioribus
931 1966 1017 1990 retr0‚
1043 1960 1136 1985 nullam
1159 1959 1256 1984 faciens
1279 1961 1434 1986 mentionem
1448 1957 1460 1991 ,'
1476 1959 1547 1984 forte
1560 1976 1570 1989 ‚

53 1996 174 2026 quoniam
197 1996 224 2022 hi
241 2003 254 2022 a
273 2000 394 2025 musculis
415 2002 596 2034 perficiuntur.
623 2006 695 2033 conf.
715 2007 865 2038 Manganet.
881 2005 946 2032 bibl.
964 2005 1036 2032 Chir.
1061 2011 1081 2033 t.
1098 2012 1125 2038 3.
1148 2006 1168 2035 1.
1188 2012 1228 2033 ιο.
1256 2013 1282 2034 c.
1299 2014 1324 2039 4.
1350 2015 1378 2039 p.
1398 2011 1455 2038 119.

90 2040 170 2077 (39)
194 2043 264 2070 Chir.
282 2043 410 2072 Treatises
439 2049 494 2077 vol.
512 2057 540 2078 2.
563 2051 581 2078 1.
598 2058 626 2084 7.
647 2060 675 2086 p.
691 2053 752 2086 276.
779 2052 864 2079 Loud.
884 2057 956 2087 1734.
975 2052 1037 2079 8vo.

42 2113 43 2116 η
87 2088 169 2123 (40)
194 2090 212 2124 1.·
231 2097 256 2118 c.
279 2098 308 2124 P·
325 2093 385 2127 278·
688 2098 772 2134 (41)
800 2101 818 2128 ¹·
836 2107 862 2128 c.

912 2156 974 2187 Fa
