<?xml version="1.0" encoding="UTF-8"?>
<!DOCTYPE html PUBLIC "-//W3C//DTD XHTML 1.0 Transitional//EN"
    "http://www.w3.org/TR/xhtml1/DTD/xhtml1-transitional.dtd">
<html xmlns="http://www.w3.org/1999/xhtml" xml:lang="en" lang="en">
 <head>
  <title>
</title>
<meta http-equiv="Content-Type" content="text/html;charset=utf-8" />
  <meta name='ocr-system' content='tesseract 3.04.00' />
  <meta name='ocr-capabilities' content='ocr_page ocr_carea ocr_par ocr_line ocrx_word'/>
</head>
<body>
  <div class='ocr_page' id='page_1' title='image "annalesacademiae24rijk_0326.png"; bbox 0 0 1919 2511; ppageno 0'>
   <div class='ocr_carea' id='block_1_1' title="bbox 336 130 1610 172">
    <p class='ocr_par' dir='ltr' id='par_1_1' title="bbox 336 130 1610 172">
     <span class='ocr_line' id='line_1_1' title="bbox 336 130 1610 172; baseline -0.008 -1"><span class='ocrx_word' id='word_1_1' title='bbox 336 152 377 172; x_wconf 75' lang='lat'>20</span> <span class='ocrx_word' id='word_1_2' title='bbox 596 136 821 169; x_wconf 67' lang='lat' dir='ltr'>CLAUDII</span> <span class='ocrx_word' id='word_1_3' title='bbox 859 131 1096 164; x_wconf 79' lang='lat' dir='ltr'>HENRICI</span> <span class='ocrx_word' id='word_1_4' title='bbox 1136 138 1220 160; x_wconf 78' lang='lat' dir='ltr'>VAN</span> <span class='ocrx_word' id='word_1_5' title='bbox 1261 130 1610 162; x_wconf 77' lang='lat' dir='ltr'>HERWERDEN</span> 
     </span>
    </p>
   </div>
   <div class='ocr_carea' id='block_1_2' title="bbox 340 212 1862 1128">
    <p class='ocr_par' dir='ltr' id='par_1_2' title="bbox 340 212 1856 566">
     <span class='ocr_line' id='line_1_2' title="bbox 340 212 1849 257; baseline -0.007 -6"><span class='ocrx_word' id='word_1_6' title='bbox 340 223 482 253; x_wconf 78' lang='lat' dir='ltr'>Hortatur</span> <span class='ocrx_word' id='word_1_7' title='bbox 500 230 583 257; x_wconf 81' lang='lat' dir='ltr'>eum,</span> <span class='ocrx_word' id='word_1_8' title='bbox 605 227 636 249; x_wconf 87' lang='lat' dir='ltr'>ut</span> <span class='ocrx_word' id='word_1_9' title='bbox 651 221 784 249; x_wconf 84' lang='lat' dir='ltr'>doctores</span> <span class='ocrx_word' id='word_1_10' title='bbox 800 224 897 252; x_wconf 85' lang='lat' dir='ltr'>creet,</span> <span class='ocrx_word' id='word_1_11' title='bbox 920 215 989 252; x_wconf 81' lang='lat' dir='ltr'>qui,</span> <span class='ocrx_word' id='word_1_12' title='bbox 1008 222 1072 243; x_wconf 92' lang='lat' dir='ltr'>cum</span> <span class='ocrx_word' id='word_1_13' title='bbox 1092 212 1255 249; x_wconf 88' lang='lat' dir='ltr'>purissimis</span> <span class='ocrx_word' id='word_1_14' title='bbox 1273 213 1425 249; x_wconf 80' lang='lat' dir='ltr'>moribus,</span> <span class='ocrx_word' id='word_1_15' title='bbox 1448 221 1506 242; x_wconf 89' lang='lat' dir='ltr'>tum</span> <span class='ocrx_word' id='word_1_16' title='bbox 1528 214 1645 244; x_wconf 61' lang='lat' dir='ltr'>scientia</span> <span class='ocrx_word' id='word_1_17' title='bbox 1663 221 1691 243; x_wconf 89' lang='lat' dir='ltr'>et</span> <span class='ocrx_word' id='word_1_18' title='bbox 1710 212 1849 244; x_wconf 79' lang='lat' dir='ltr'>eruditio.</span> 
     </span>
     <span class='ocr_line' id='line_1_3' title="bbox 341 264 1856 309; baseline -0.007 -6"><span class='ocrx_word' id='word_1_19' title='bbox 341 283 397 309; x_wconf 85' lang='lat' dir='ltr'>ne,</span> <span class='ocrx_word' id='word_1_20' title='bbox 419 280 477 302; x_wconf 88' lang='lat' dir='ltr'>tum</span> <span class='ocrx_word' id='word_1_21' title='bbox 498 272 622 307; x_wconf 87' lang='lat' dir='ltr'>denique</span> <span class='ocrx_word' id='word_1_22' title='bbox 640 272 705 299; x_wconf 71' lang='lat' dir='ltr'>verti</span> <span class='ocrx_word' id='word_1_23' title='bbox 723 268 889 299; x_wconf 74' lang='lat' dir='ltr'>Christiana</span> <span class='ocrx_word' id='word_1_24' title='bbox 905 266 1020 295; x_wconf 82' lang='lat' dir='ltr'>caritate</span> <span class='ocrx_word' id='word_1_25' title='bbox 1039 264 1192 294; x_wconf 85' lang='lat' dir='ltr'>emineant.</span> <span class='ocrx_word' id='word_1_26' title='bbox 1232 265 1368 300; x_wconf 85' lang='lat' dir='ltr'>Agrestcs</span> <span class='ocrx_word' id='word_1_27' title='bbox 1386 265 1459 293; x_wconf 90' lang='lat' dir='ltr'>enim</span> <span class='ocrx_word' id='word_1_28' title='bbox 1477 265 1585 294; x_wconf 88' lang='lat' dir='ltr'>animos</span> <span class='ocrx_word' id='word_1_29' title='bbox 1604 266 1739 294; x_wconf 83' lang='lat' dir='ltr'>comitate</span> <span class='ocrx_word' id='word_1_30' title='bbox 1763 266 1856 294; x_wconf 51' lang='lat' dir='ltr'>maxi-1</span> 
     </span>
     <span class='ocr_line' id='line_1_4' title="bbox 340 313 1856 354; baseline -0.007 -1"><span class='ocrx_word' id='word_1_31' title='bbox 340 334 385 353; x_wconf 83' lang='lat' dir='ltr'>me</span> <span class='ocrx_word' id='word_1_32' title='bbox 402 331 429 352; x_wconf 88' lang='lat' dir='ltr'>et</span> <span class='ocrx_word' id='word_1_33' title='bbox 446 321 643 352; x_wconf 70' lang='lat' dir='ltr'>benivolentia</span> <span class='ocrx_word' id='word_1_34' title='bbox 661 320 736 349; x_wconf 79' lang='lat' dir='ltr'>allici</span> <span class='ocrx_word' id='word_1_35' title='bbox 753 327 780 348; x_wconf 89' lang='lat' dir='ltr'>et</span> <span class='ocrx_word' id='word_1_36' title='bbox 806 317 993 348; x_wconf 82' lang='lat' dir='ltr'>commoveri.</span> <span class='ocrx_word' id='word_1_37' title='bbox 1035 314 1106 343; x_wconf 86' lang='lat' dir='ltr'>Falli</span> <span class='ocrx_word' id='word_1_38' title='bbox 1125 313 1263 350; x_wconf 88' lang='lat' dir='ltr'>omnino,</span> <span class='ocrx_word' id='word_1_39' title='bbox 1285 315 1388 350; x_wconf 89' lang='lat' dir='ltr'>quibus</span> <span class='ocrx_word' id='word_1_40' title='bbox 1411 317 1590 345; x_wconf 80' lang='lat' dir='ltr'>severissime</span> <span class='ocrx_word' id='word_1_41' title='bbox 1615 324 1731 354; x_wconf 86' lang='lat' dir='ltr'>peccata</span> <span class='ocrx_word' id='word_1_42' title='bbox 1751 325 1856 346; x_wconf 85' lang='lat' dir='ltr'>eorum.</span> 
     </span>
     <span class='ocr_line' id='line_1_5' title="bbox 342 365 1855 413; baseline -0.006 -8"><span class='ocrx_word' id='word_1_43' title='bbox 342 376 573 413; x_wconf 66' lang='lat' dir='ltr'>reprehendenda</span> <span class='ocrx_word' id='word_1_44' title='bbox 594 382 621 402; x_wconf 90' lang='lat' dir='ltr'>et</span> <span class='ocrx_word' id='word_1_45' title='bbox 647 372 789 409; x_wconf 87' lang='lat' dir='ltr'>punienda</span> <span class='ocrx_word' id='word_1_46' title='bbox 814 371 976 400; x_wconf 85' lang='lat' dir='ltr'>videantur.</span> <span class='ocrx_word' id='word_1_47' title='bbox 1016 365 1228 395; x_wconf 82' lang='lat' dir='ltr'>Hutnanitatem</span> <span class='ocrx_word' id='word_1_48' title='bbox 1258 374 1369 402; x_wconf 83' lang='lat' dir='ltr'>semper</span> <span class='ocrx_word' id='word_1_49' title='bbox 1393 373 1421 394; x_wconf 90' lang='lat' dir='ltr'>et</span> <span class='ocrx_word' id='word_1_50' title='bbox 1443 367 1587 396; x_wconf 82' lang='lat' dir='ltr'>lenitatem</span> <span class='ocrx_word' id='word_1_51' title='bbox 1615 368 1766 396; x_wconf 88' lang='lat' dir='ltr'>doctorum</span> <span class='ocrx_word' id='word_1_52' title='bbox 1791 376 1855 397; x_wconf 84' lang='lat' dir='ltr'>mo-</span> 
     </span>
     <span class='ocr_line' id='line_1_6' title="bbox 342 418 1855 463; baseline -0.005 -7"><span class='ocrx_word' id='word_1_53' title='bbox 342 428 401 457; x_wconf 79' lang='lat' dir='ltr'>nita</span> <span class='ocrx_word' id='word_1_54' title='bbox 419 427 525 463; x_wconf 84' lang='lat' dir='ltr'>spirare</span> <span class='ocrx_word' id='word_1_55' title='bbox 546 425 658 453; x_wconf 86' lang='lat' dir='ltr'>debere.</span> <span class='ocrx_word' id='word_1_56' title='bbox 700 422 795 458; x_wconf 81' lang='lat' dir='ltr'><strong>Ipsius</strong></span> <span class='ocrx_word' id='word_1_57' title='bbox 809 422 880 459; x_wconf 86' lang='lat' dir='ltr'>Jesu</span> <span class='ocrx_word' id='word_1_58' title='bbox 899 420 1061 455; x_wconf 88' lang='lat' dir='ltr'>exemplum</span> <span class='ocrx_word' id='word_1_59' title='bbox 1081 418 1152 447; x_wconf 90' lang='lat' dir='ltr'>hanc</span> <span class='ocrx_word' id='word_1_60' title='bbox 1173 418 1341 447; x_wconf 84' lang='lat' dir='ltr'>confirmare</span> <span class='ocrx_word' id='word_1_61' title='bbox 1360 421 1527 448; x_wconf 84' lang='lat' dir='ltr'>sententiam</span> <span class='ocrx_word' id='word_1_62' title='bbox 1541 442 1551 455; x_wconf 88' lang='lat'>‚</span> <span class='ocrx_word' id='word_1_63' title='bbox 1574 421 1683 457; x_wconf 80' lang='lat' dir='ltr'><strong>quippe</strong></span> <span class='ocrx_word' id='word_1_64' title='bbox 1700 421 1750 456; x_wconf 91' lang='lat' dir='ltr'>qui</span> <span class='ocrx_word' id='word_1_65' title='bbox 1773 421 1855 449; x_wconf 80' lang='lat' dir='ltr'>adul·</span> 
     </span>
     <span class='ocr_line' id='line_1_7' title="bbox 341 471 1856 510; baseline -0.008 -3"><span class='ocrx_word' id='word_1_66' title='bbox 341 487 428 508; x_wconf 87' lang='lat' dir='ltr'>teram</span> <span class='ocrx_word' id='word_1_67' title='bbox 453 476 627 510; x_wconf 85' lang='lat' dir='ltr'>absolverit,</span> <span class='ocrx_word' id='word_1_68' title='bbox 658 476 822 509; x_wconf 83' lang='lat' dir='ltr'>Petroque,</span> <span class='ocrx_word' id='word_1_69' title='bbox 854 471 908 508; x_wconf 85' lang='lat' dir='ltr'>qui.</span> <span class='ocrx_word' id='word_1_70' title='bbox 930 471 1025 508; x_wconf 88' lang='lat' dir='ltr'>ipsum</span> <span class='ocrx_word' id='word_1_71' title='bbox 1048 476 1198 506; x_wconf 83' lang='lat' dir='ltr'>renuerat,</span> <span class='ocrx_word' id='word_1_72' title='bbox 1226 478 1322 499; x_wconf 84' lang='lat' dir='ltr'>curam</span> <span class='ocrx_word' id='word_1_73' title='bbox 1351 471 1496 500; x_wconf 76' lang='lat' dir='ltr'>tradiderit</span> <span class='ocrx_word' id='word_1_74' title='bbox 1526 471 1672 501; x_wconf 84' lang='lat' dir='ltr'>hominum</span> <span class='ocrx_word' id='word_1_75' title='bbox 1705 480 1759 501; x_wconf 89' lang='lat' dir='ltr'>suo</span> <span class='ocrx_word' id='word_1_76' title='bbox 1790 480 1856 501; x_wconf 88' lang='lat' dir='ltr'>san.</span> 
     </span>
     <span class='ocr_line' id='line_1_8' title="bbox 343 528 653 566; baseline -0.01 -9"><span class='ocrx_word' id='word_1_77' title='bbox 343 529 428 566; x_wconf 81' lang='lat' dir='ltr'>guine</span> <span class='ocrx_word' id='word_1_78' title='bbox 451 528 653 555; x_wconf 83' lang='lat' dir='ltr'>redemtorum.</span> 
     </span>
    </p>

    <p class='ocr_par' dir='ltr' id='par_1_3' title="bbox 340 572 1861 769">
     <span class='ocr_line' id='line_1_9' title="bbox 381 572 1859 613; baseline -0.003 -5"><span class='ocrx_word' id='word_1_79' title='bbox 381 581 424 609; x_wconf 94' lang='lat' dir='ltr'>De</span> <span class='ocrx_word' id='word_1_80' title='bbox 442 579 554 608; x_wconf 67' lang='lat' dir='ltr'>ratione</span> <span class='ocrx_word' id='word_1_81' title='bbox 574 578 684 606; x_wconf 85' lang='lat' dir='ltr'>tandem</span> <span class='ocrx_word' id='word_1_82' title='bbox 697 597 706 613; x_wconf 84' lang='grc'>,</span> <span class='ocrx_word' id='word_1_83' title='bbox 726 577 782 612; x_wconf 60' lang='lat' dir='ltr'>qua</span> <span class='ocrx_word' id='word_1_84' title='bbox 796 575 930 604; x_wconf 83' lang='lat' dir='ltr'>doctores</span> <span class='ocrx_word' id='word_1_85' title='bbox 949 573 990 603; x_wconf 72' lang='lat' dir='ltr'>ini</span> <span class='ocrx_word' id='word_1_86' title='bbox 1011 573 1138 602; x_wconf 84' lang='lat' dir='ltr'>Saxones</span> <span class='ocrx_word' id='word_1_87' title='bbox 1156 572 1311 603; x_wconf 84' lang='lat' dir='ltr'>erudierint</span> <span class='ocrx_word' id='word_1_88' title='bbox 1330 574 1364 603; x_wconf 84' lang='lat' dir='ltr'>ad</span> <span class='ocrx_word' id='word_1_89' title='bbox 1387 575 1497 604; x_wconf 86' lang='lat' dir='ltr'>Christi</span> <span class='ocrx_word' id='word_1_90' title='bbox 1517 583 1668 612; x_wconf 86' lang='lat' dir='ltr'>praecepta</span> <span class='ocrx_word' id='word_1_91' title='bbox 1692 584 1724 604; x_wconf 90' lang='lat' dir='ltr'>ac</span> <span class='ocrx_word' id='word_1_92' title='bbox 1747 575 1859 605; x_wconf 86' lang='lat' dir='ltr'>doctri·</span> 
     </span>
     <span class='ocr_line' id='line_1_10' title="bbox 341 624 1859 666; baseline -0.004 -6"><span class='ocrx_word' id='word_1_93' title='bbox 341 639 403 660; x_wconf 83' lang='lat' dir='ltr'>nam</span> <span class='ocrx_word' id='word_1_94' title='bbox 420 629 642 666; x_wconf 82' lang='lat' dir='ltr'>cognoscenda,</span> <span class='ocrx_word' id='word_1_95' title='bbox 664 627 772 657; x_wconf 85' lang='lat' dir='ltr'>directe</span> <span class='ocrx_word' id='word_1_96' title='bbox 791 626 904 662; x_wconf 88' lang='lat' dir='ltr'>quidem</span> <span class='ocrx_word' id='word_1_97' title='bbox 927 624 1000 653; x_wconf 81' lang='lat' dir='ltr'>nihil</span> <span class='ocrx_word' id='word_1_98' title='bbox 1027 624 1306 653; x_wconf 85' lang='lat' dir='ltr'>commemorandum</span> <span class='ocrx_word' id='word_1_99' title='bbox 1332 624 1435 654; x_wconf 88' lang='lat' dir='ltr'>habeo.</span> <span class='ocrx_word' id='word_1_100' title='bbox 1478 626 1535 654; x_wconf 89' lang='lat' dir='ltr'>Sed</span> <span class='ocrx_word' id='word_1_101' title='bbox 1561 627 1632 655; x_wconf 81' lang='lat' dir='ltr'>hanc</span> <span class='ocrx_word' id='word_1_102' title='bbox 1659 635 1776 662; x_wconf 84' lang='lat' dir='ltr'>quoque</span> <span class='ocrx_word' id='word_1_103' title='bbox 1797 635 1859 655; x_wconf 75' lang='lat' dir='ltr'>ma·</span> 
     </span>
     <span class='ocr_line' id='line_1_11' title="bbox 342 674 1861 713; baseline -0.009 -2"><span class='ocrx_word' id='word_1_104' title='bbox 342 682 439 711; x_wconf 76' lang='lat' dir='ltr'>teriam</span> <span class='ocrx_word' id='word_1_105' title='bbox 456 681 519 710; x_wconf 84' lang='lat' dir='ltr'>illae</span> <span class='ocrx_word' id='word_1_106' title='bbox 537 679 655 709; x_wconf 83' lang='lat' dir='ltr'>Aleuini</span> <span class='ocrx_word' id='word_1_107' title='bbox 670 679 705 707; x_wconf 89' lang='lat' dir='ltr'>ad</span> <span class='ocrx_word' id='word_1_108' title='bbox 724 678 860 707; x_wconf 81' lang='lat' dir='ltr'>Carolum</span> <span class='ocrx_word' id='word_1_109' title='bbox 878 675 988 705; x_wconf 83' lang='lat' dir='ltr'>litterae</span> <span class='ocrx_word' id='word_1_110' title='bbox 1010 680 1141 710; x_wconf 85' lang='lat' dir='ltr'>tangunt.</span> <span class='ocrx_word' id='word_1_111' title='bbox 1184 674 1277 712; x_wconf 77' lang='lat' dir='ltr'>Cujus</span> <span class='ocrx_word' id='word_1_112' title='bbox 1298 675 1394 712; x_wconf 82' lang='lat' dir='ltr'>itaque</span> <span class='ocrx_word' id='word_1_113' title='bbox 1416 685 1516 706; x_wconf 88' lang='lat' dir='ltr'>norma</span> <span class='ocrx_word' id='word_1_114' title='bbox 1536 676 1861 713; x_wconf 50' lang='lat' dir='ltr'>praescriptabreviten</span> 
     </span>
     <span class='ocr_line' id='line_1_12' title="bbox 340 729 813 769; baseline -0.013 -7"><span class='ocrx_word' id='word_1_115' title='bbox 340 733 507 769; x_wconf 82' lang='lat' dir='ltr'>exponenda</span> <span class='ocrx_word' id='word_1_116' title='bbox 523 738 550 759; x_wconf 93' lang='lat' dir='ltr'>et</span> <span class='ocrx_word' id='word_1_117' title='bbox 567 729 743 768; x_wconf 70' lang='lat' dir='ltr'>dijudicanda</span> <span class='ocrx_word' id='word_1_118' title='bbox 759 734 813 756; x_wconf 75' lang='lat' dir='ltr'>est.</span> 
     </span>
    </p>

    <p class='ocr_par' dir='ltr' id='par_1_4' title="bbox 340 776 1862 1128">
     <span class='ocr_line' id='line_1_13' title="bbox 379 776 1862 820; baseline -0.003 -8"><span class='ocrx_word' id='word_1_119' title='bbox 379 782 598 820; x_wconf 79' lang='lat' dir='ltr'>Sapientissime</span> <span class='ocrx_word' id='word_1_120' title='bbox 622 780 744 817; x_wconf 83' lang='lat' dir='ltr'>primum</span> <span class='ocrx_word' id='word_1_121' title='bbox 761 778 875 814; x_wconf 89' lang='lat' dir='ltr'>quidem</span> <span class='ocrx_word' id='word_1_122' title='bbox 900 776 1072 812; x_wconf 81' lang='lat' dir='ltr'>contendit,</span> <span class='ocrx_word' id='word_1_123' title='bbox 1105 776 1233 806; x_wconf 84' lang='lat' dir='ltr'>Saxones</span> <span class='ocrx_word' id='word_1_124' title='bbox 1254 787 1314 807; x_wconf 90' lang='lat' dir='ltr'>non</span> <span class='ocrx_word' id='word_1_125' title='bbox 1339 779 1420 815; x_wconf 85' lang='lat' dir='ltr'>prius</span> <span class='ocrx_word' id='word_1_126' title='bbox 1447 788 1510 808; x_wconf 84' lang='lat' dir='ltr'>esse</span> <span class='ocrx_word' id='word_1_127' title='bbox 1537 779 1744 816; x_wconf 72' lang='lat' dir='ltr'>baptizandos,</span> <span class='ocrx_word' id='word_1_128' title='bbox 1771 786 1862 816; x_wconf 71' lang='lat' dir='ltr'>quam«</span> 
     </span>
     <span class='ocr_line' id='line_1_14' title="bbox 340 828 1859 871; baseline -0.003 -8"><span class='ocrx_word' id='word_1_129' title='bbox 340 835 433 871; x_wconf 83' lang='lat' dir='ltr'>ipsius</span> <span class='ocrx_word' id='word_1_130' title='bbox 459 832 606 869; x_wconf 82' lang='lat' dir='ltr'>religionis</span> <span class='ocrx_word' id='word_1_131' title='bbox 634 830 781 867; x_wconf 85' lang='lat' dir='ltr'>quamdam</span> <span class='ocrx_word' id='word_1_132' title='bbox 805 828 997 865; x_wconf 84' lang='lat' dir='ltr'>cognitionem</span> <span class='ocrx_word' id='word_1_133' title='bbox 1019 828 1213 865; x_wconf 86' lang='lat' dir='ltr'>perceperint.</span> <span class='ocrx_word' id='word_1_134' title='bbox 1253 829 1371 859; x_wconf 75' lang='lat' dir='ltr'>Nullam</span> <span class='ocrx_word' id='word_1_135' title='bbox 1397 831 1471 860; x_wconf 86' lang='lat' dir='ltr'>enim</span> <span class='ocrx_word' id='word_1_136' title='bbox 1495 831 1647 860; x_wconf 84' lang='lat' dir='ltr'>utilitatem</span> <span class='ocrx_word' id='word_1_137' title='bbox 1671 831 1702 860; x_wconf 89' lang='lat' dir='ltr'>in</span> <span class='ocrx_word' id='word_1_138' title='bbox 1719 830 1776 859; x_wconf 90' lang='lat' dir='ltr'>ritu</span> <span class='ocrx_word' id='word_1_139' title='bbox 1792 839 1859 860; x_wconf 84' lang='lat' dir='ltr'>san·</span> 
     </span>
     <span class='ocr_line' id='line_1_15' title="bbox 341 879 1860 921; baseline -0.004 -6"><span class='ocrx_word' id='word_1_140' title='bbox 341 886 471 915; x_wconf 79' lang='lat' dir='ltr'>ctissimo</span> <span class='ocrx_word' id='word_1_141' title='bbox 490 884 613 921; x_wconf 83' lang='lat' dir='ltr'>positam</span> <span class='ocrx_word' id='word_1_142' title='bbox 638 891 720 917; x_wconf 86' lang='lat' dir='ltr'>esse,</span> <span class='ocrx_word' id='word_1_143' title='bbox 742 881 798 911; x_wconf 82' lang='lat' dir='ltr'>uisi</span> <span class='ocrx_word' id='word_1_144' title='bbox 824 881 935 910; x_wconf 84' lang='lat' dir='ltr'>ratione</span> <span class='ocrx_word' id='word_1_145' title='bbox 959 879 1119 909; x_wconf 84' lang='lat' dir='ltr'>instructus</span> <span class='ocrx_word' id='word_1_146' title='bbox 1143 880 1254 909; x_wconf 86' lang='lat' dir='ltr'>animus</span> <span class='ocrx_word' id='word_1_147' title='bbox 1279 889 1360 910; x_wconf 87' lang='lat' dir='ltr'>antea</span> <span class='ocrx_word' id='word_1_148' title='bbox 1384 882 1533 912; x_wconf 78' lang='lat' dir='ltr'>veritatem</span> <span class='ocrx_word' id='word_1_149' title='bbox 1558 882 1705 911; x_wconf 80' lang='lat' dir='ltr'>doctrinae</span> <span class='ocrx_word' id='word_1_150' title='bbox 1732 889 1860 918; x_wconf 85' lang='lat' dir='ltr'>agnove-</span> 
     </span>
     <span class='ocr_line' id='line_1_16' title="bbox 341 930 1859 970; baseline -0.003 -4"><span class='ocrx_word' id='word_1_151' title='bbox 341 938 390 966; x_wconf 74' lang='lat' dir='ltr'>rit.</span> <span class='ocrx_word' id='word_1_152' title='bbox 429 935 574 965; x_wconf 78' lang='lat' dir='ltr'>Praeclare</span> <span class='ocrx_word' id='word_1_153' title='bbox 590 943 656 963; x_wconf 84' lang='lat' dir='ltr'>sane</span> <span class='ocrx_word' id='word_1_154' title='bbox 676 934 805 968; x_wconf 87' lang='lat' dir='ltr'>dictum,</span> <span class='ocrx_word' id='word_1_155' title='bbox 827 931 852 960; x_wconf 91' lang='lat' dir='ltr'>si</span> <span class='ocrx_word' id='word_1_156' title='bbox 875 931 960 960; x_wconf 90' lang='lat' dir='ltr'>modo</span> <span class='ocrx_word' id='word_1_157' title='bbox 986 930 1049 966; x_wconf 86' lang='lat' dir='ltr'>ipsa</span> <span class='ocrx_word' id='word_1_158' title='bbox 1075 930 1205 960; x_wconf 83' lang='lat' dir='ltr'>doctrina</span> <span class='ocrx_word' id='word_1_159' title='bbox 1232 940 1248 960; x_wconf 85' lang='lat' dir='ltr'>a</span> <span class='ocrx_word' id='word_1_160' title='bbox 1273 932 1442 962; x_wconf 90' lang='lat' dir='ltr'>doctoribus</span> <span class='ocrx_word' id='word_1_161' title='bbox 1464 939 1595 962; x_wconf 87' lang='lat' dir='ltr'>accurate</span> <span class='ocrx_word' id='word_1_162' title='bbox 1618 933 1738 970; x_wconf 30' lang='lat' dir='ltr'>cognita*</span> <span class='ocrx_word' id='word_1_163' title='bbox 1749 940 1778 962; x_wconf 83' lang='lat' dir='ltr'>et</span> <span class='ocrx_word' id='word_1_164' title='bbox 1793 940 1859 969; x_wconf 86' lang='lat' dir='ltr'>per-</span> 
     </span>
     <span class='ocr_line' id='line_1_17' title="bbox 342 982 1860 1026; baseline -0.006 -8"><span class='ocrx_word' id='word_1_165' title='bbox 342 996 442 1026; x_wconf 82' lang='lat' dir='ltr'>specta</span> <span class='ocrx_word' id='word_1_166' title='bbox 461 988 510 1018; x_wconf 85' lang='lat' dir='ltr'>sit.</span> <span class='ocrx_word' id='word_1_167' title='bbox 551 987 645 1016; x_wconf 87' lang='lat' dir='ltr'>Etiam</span> <span class='ocrx_word' id='word_1_168' title='bbox 667 986 715 1014; x_wconf 68' lang='lat' dir='ltr'>illst</span> <span class='ocrx_word' id='word_1_169' title='bbox 738 985 767 1013; x_wconf 89' lang='lat' dir='ltr'>in</span> <span class='ocrx_word' id='word_1_170' title='bbox 789 992 818 1012; x_wconf 88' lang='lat' dir='ltr'>re</span> <span class='ocrx_word' id='word_1_171' title='bbox 839 984 874 1012; x_wconf 77' lang='lat' dir='ltr'>ad</span> <span class='ocrx_word' id='word_1_172' title='bbox 893 984 963 1021; x_wconf 80' lang='lat' dir='ltr'>Jesu</span> <span class='ocrx_word' id='word_1_173' title='bbox 991 982 1151 1017; x_wconf 77' lang='lat' dir='ltr'>exemplum</span> <span class='ocrx_word' id='word_1_174' title='bbox 1181 990 1344 1018; x_wconf 83' lang='lat' dir='ltr'>provocat,</span> <span class='ocrx_word' id='word_1_175' title='bbox 1376 983 1500 1020; x_wconf 78' lang='lat' dir='ltr'>primum</span> <span class='ocrx_word' id='word_1_176' title='bbox 1527 985 1651 1020; x_wconf 85' lang='lat' dir='ltr'>docere,</span> <span class='ocrx_word' id='word_1_177' title='bbox 1672 990 1742 1020; x_wconf 87' lang='lat' dir='ltr'>post</span> <span class='ocrx_word' id='word_1_178' title='bbox 1766 982 1860 1019; x_wconf 81' lang='lat' dir='ltr'>bapti-</span> 
     </span>
     <span class='ocr_line' id='line_1_18' title="bbox 344 1034 1860 1077; baseline -0.005 -8"><span class='ocrx_word' id='word_1_179' title='bbox 344 1049 428 1076; x_wconf 72' lang='lat' dir='ltr'>zare,</span> <span class='ocrx_word' id='word_1_180' title='bbox 458 1038 598 1077; x_wconf 81' lang='lat' dir='ltr'>jubentis.</span> <span class='ocrx_word' id='word_1_181' title='bbox 657 1036 746 1074; x_wconf 90' lang='lat' dir='ltr'>Quod</span> <span class='ocrx_word' id='word_1_182' title='bbox 768 1042 962 1072; x_wconf 83' lang='lat' dir='ltr'>praeceptum</span> <span class='ocrx_word' id='word_1_183' title='bbox 983 1034 1099 1063; x_wconf 88' lang='lat' dir='ltr'>minime</span> <span class='ocrx_word' id='word_1_184' title='bbox 1131 1035 1316 1064; x_wconf 83' lang='lat' dir='ltr'>observatum</span> <span class='ocrx_word' id='word_1_185' title='bbox 1349 1045 1432 1072; x_wconf 79' lang='lat' dir='ltr'>esse,</span> <span class='ocrx_word' id='word_1_186' title='bbox 1464 1037 1550 1066; x_wconf 85' lang='lat' dir='ltr'>docet</span> <span class='ocrx_word' id='word_1_187' title='bbox 1583 1038 1706 1072; x_wconf 79' lang='lat' dir='ltr'>epistola</span> <span class='ocrx_word' id='word_1_188' title='bbox 1738 1034 1860 1073; x_wconf 74' lang='lat' dir='ltr'>eiusad</span> 
     </span>
     <span class='ocr_line' id='line_1_19' title="bbox 342 1085 1862 1128; baseline -0.005 -7"><span class='ocrx_word' id='word_1_189' title='bbox 342 1093 491 1121; x_wconf 82' lang='lat' dir='ltr'>Arnonem</span> <span class='ocrx_word' id='word_1_190' title='bbox 514 1089 720 1128; x_wconf 81' lang='lat' dir='ltr'>Juvanensium</span> <span class='ocrx_word' id='word_1_191' title='bbox 751 1087 921 1125; x_wconf 84' lang='lat' dir='ltr'>episcopum</span> <span class='ocrx_word' id='word_1_192' title='bbox 947 1086 1031 1122; x_wconf 74' lang='grc' dir='ltr'>(ι).</span> <span class='ocrx_word' id='word_1_193' title='bbox 1077 1105 1095 1121; x_wconf 80' lang='lat'>„</span> <span class='ocrx_word' id='word_1_194' title='bbox 1116 1085 1283 1122; x_wconf 84' lang='lat' dir='ltr'>Idcirco,”</span> <span class='ocrx_word' id='word_1_195' title='bbox 1309 1086 1424 1122; x_wconf 85' lang='lat' dir='ltr'>inquit,</span> <span class='ocrx_word' id='word_1_196' title='bbox 1462 1087 1593 1122; x_wconf 86' lang='lat' dir='ltr'>„misera</span> <span class='ocrx_word' id='word_1_197' title='bbox 1619 1086 1764 1116; x_wconf 84' lang='lat' dir='ltr'>Saxonum</span> <span class='ocrx_word' id='word_1_198' title='bbox 1789 1093 1862 1122; x_wconf 84' lang='lat' dir='ltr'>gens</span> 
     </span>
    </p>
   </div>
   <div class='ocr_carea' id='block_1_3' title="bbox 347 1135 1858 1179">
    <p class='ocr_par' dir='ltr' id='par_1_5' title="bbox 347 1135 1858 1179">
     <span class='ocr_line' id='line_1_20' title="bbox 347 1135 1858 1179; baseline -0.004 -7"><span class='ocrx_word' id='word_1_199' title='bbox 347 1143 435 1173; x_wconf 88' lang='lat' dir='ltr'>toties</span> <span class='ocrx_word' id='word_1_200' title='bbox 451 1141 585 1179; x_wconf 78' lang='lat' dir='ltr'>baptismi</span> <span class='ocrx_word' id='word_1_201' title='bbox 600 1139 724 1177; x_wconf 87' lang='lat' dir='ltr'>perdidit</span> <span class='ocrx_word' id='word_1_202' title='bbox 739 1143 946 1168; x_wconf 87' lang='lat' dir='ltr'>sacramentum</span> <span class='ocrx_word' id='word_1_203' title='bbox 956 1157 976 1172; x_wconf 78' lang='grc'>,,</span> <span class='ocrx_word' id='word_1_204' title='bbox 991 1135 1056 1172; x_wconf 89' lang='lat' dir='ltr'>quia</span> <span class='ocrx_word' id='word_1_205' title='bbox 1073 1144 1228 1171; x_wconf 85' lang='lat' dir='ltr'>numquam</span> <span class='ocrx_word' id='word_1_206' title='bbox 1243 1137 1310 1165; x_wconf 90' lang='lat' dir='ltr'>fidei</span> <span class='ocrx_word' id='word_1_207' title='bbox 1327 1136 1543 1166; x_wconf 85' lang='lat' dir='ltr'>fundamentum</span> <span class='ocrx_word' id='word_1_208' title='bbox 1562 1137 1592 1166; x_wconf 90' lang='lat' dir='ltr'>in</span> <span class='ocrx_word' id='word_1_209' title='bbox 1609 1138 1696 1167; x_wconf 86' lang='lat' dir='ltr'>corde</span> <span class='ocrx_word' id='word_1_210' title='bbox 1714 1136 1826 1166; x_wconf 82' lang='lat' dir='ltr'>habuit.</span> <span class='ocrx_word' id='word_1_211' title='bbox 1836 1135 1858 1149; x_wconf 80' lang='lat'>’²</span> 
     </span>
    </p>
   </div>
   <div class='ocr_carea' id='block_1_4' title="bbox 342 1186 1863 2084">
    <p class='ocr_par' dir='ltr' id='par_1_6' title="bbox 342 1186 1862 1486">
     <span class='ocr_line' id='line_1_21' title="bbox 386 1186 1861 1225; baseline -0.004 -2"><span class='ocrx_word' id='word_1_212' title='bbox 386 1194 421 1223; x_wconf 86' lang='lat' dir='ltr'>In</span> <span class='ocrx_word' id='word_1_213' title='bbox 437 1193 571 1222; x_wconf 56' lang='lat' dir='ltr'>tradenda</span> <span class='ocrx_word' id='word_1_214' title='bbox 590 1197 682 1220; x_wconf 86' lang='lat' dir='ltr'>autem</span> <span class='ocrx_word' id='word_1_215' title='bbox 702 1188 851 1225; x_wconf 84' lang='lat' dir='ltr'>religionis</span> <span class='ocrx_word' id='word_1_216' title='bbox 868 1187 1000 1216; x_wconf 64' lang='lat' dir='ltr'>doctrina</span> <span class='ocrx_word' id='word_1_217' title='bbox 1011 1206 1022 1222; x_wconf 89' lang='lat'>‚</span> <span class='ocrx_word' id='word_1_218' title='bbox 1036 1186 1196 1223; x_wconf 79' lang='lat' dir='ltr'>Augustini</span> <span class='ocrx_word' id='word_1_219' title='bbox 1213 1196 1341 1216; x_wconf 80' lang='lat' dir='ltr'>normam</span> <span class='ocrx_word' id='word_1_220' title='bbox 1359 1187 1502 1217; x_wconf 87' lang='lat' dir='ltr'>Alcuinus</span> <span class='ocrx_word' id='word_1_221' title='bbox 1521 1188 1641 1225; x_wconf 79' lang='lat' dir='ltr'>putabat</span> <span class='ocrx_word' id='word_1_222' title='bbox 1658 1196 1722 1217; x_wconf 83' lang='lat' dir='ltr'>esse</span> <span class='ocrx_word' id='word_1_223' title='bbox 1736 1195 1861 1224; x_wconf 70' lang='lat' dir='ltr'>sequen-</span> 
     </span>
     <span class='ocr_line' id='line_1_22' title="bbox 345 1237 1862 1278; baseline -0.005 -6"><span class='ocrx_word' id='word_1_224' title='bbox 345 1244 420 1272; x_wconf 83' lang='lat' dir='ltr'>dam.</span> <span class='ocrx_word' id='word_1_225' title='bbox 459 1243 584 1273; x_wconf 88' lang='lat' dir='ltr'>Primum</span> <span class='ocrx_word' id='word_1_226' title='bbox 601 1241 688 1278; x_wconf 89' lang='lat' dir='ltr'>igitur</span> <span class='ocrx_word' id='word_1_227' title='bbox 701 1241 736 1269; x_wconf 90' lang='lat' dir='ltr'>de</span> <span class='ocrx_word' id='word_1_228' title='bbox 752 1239 838 1269; x_wconf 85' lang='lat' dir='ltr'>animi</span> <span class='ocrx_word' id='word_1_229' title='bbox 857 1238 1085 1270; x_wconf 85' lang='lat' dir='ltr'>immortalitate,</span> <span class='ocrx_word' id='word_1_230' title='bbox 1100 1243 1168 1272; x_wconf 53' lang='lat' dir='ltr'>,tum</span> <span class='ocrx_word' id='word_1_231' title='bbox 1188 1238 1221 1266; x_wconf 94' lang='lat' dir='ltr'>de</span> <span class='ocrx_word' id='word_1_232' title='bbox 1246 1238 1309 1268; x_wconf 69' lang='lat' dir='ltr'>vita</span> <span class='ocrx_word' id='word_1_233' title='bbox 1333 1237 1431 1267; x_wconf 70' lang='lat' dir='ltr'>futura</span> <span class='ocrx_word' id='word_1_234' title='bbox 1441 1259 1458 1274; x_wconf 20' lang='lat' dir='ltr'>,v</span> <span class='ocrx_word' id='word_1_235' title='bbox 1474 1238 1661 1275; x_wconf 26' lang='lat' dir='ltr'>deipraemiis</span> <span class='ocrx_word' id='word_1_236' title='bbox 1685 1245 1771 1274; x_wconf 84' lang='lat' dir='ltr'>atque</span> <span class='ocrx_word' id='word_1_237' title='bbox 1790 1245 1862 1275; x_wconf 86' lang='lat' dir='ltr'>poe-</span> 
     </span>
     <span class='ocr_line' id='line_1_23' title="bbox 342 1288 1862 1328; baseline -0.007 -3"><span class='ocrx_word' id='word_1_238' title='bbox 342 1296 388 1325; x_wconf 84' lang='lat' dir='ltr'>nis</span> <span class='ocrx_word' id='word_1_239' title='bbox 405 1295 525 1325; x_wconf 87' lang='lat' dir='ltr'>aeternis</span> <span class='ocrx_word' id='word_1_240' title='bbox 544 1293 648 1323; x_wconf 85' lang='lat' dir='ltr'>disseri</span> <span class='ocrx_word' id='word_1_241' title='bbox 657 1292 788 1325; x_wconf 85' lang='lat' dir='ltr'>volebat,</span> <span class='ocrx_word' id='word_1_242' title='bbox 811 1291 840 1321; x_wconf 90' lang='lat' dir='ltr'>in</span> <span class='ocrx_word' id='word_1_243' title='bbox 854 1290 955 1328; x_wconf 81' lang='lat' dir='ltr'>primis</span> <span class='ocrx_word' id='word_1_244' title='bbox 968 1298 1036 1319; x_wconf 88' lang='lat' dir='ltr'>vero</span> <span class='ocrx_word' id='word_1_245' title='bbox 1059 1288 1197 1318; x_wconf 84' lang='lat' dir='ltr'>inculcari</span> <span class='ocrx_word' id='word_1_246' title='bbox 1219 1289 1411 1323; x_wconf 72' lang='lat' dir='ltr'>hominibus,v</span> <span class='ocrx_word' id='word_1_247' title='bbox 1423 1290 1490 1318; x_wconf 86' lang='lat' dir='ltr'>haec</span> <span class='ocrx_word' id='word_1_248' title='bbox 1517 1297 1639 1326; x_wconf 87' lang='lat' dir='ltr'>utraque</span> <span class='ocrx_word' id='word_1_249' title='bbox 1656 1288 1862 1318; x_wconf 84' lang='lat' dir='ltr'>remuneratio-</span> 
     </span>
     <span class='ocr_line' id='line_1_24' title="bbox 344 1338 1861 1379; baseline -0.005 -3"><span class='ocrx_word' id='word_1_250' title='bbox 344 1355 396 1377; x_wconf 84' lang='lat' dir='ltr'>nes</span> <span class='ocrx_word' id='word_1_251' title='bbox 425 1354 453 1375; x_wconf 89' lang='lat' dir='ltr'>et</span> <span class='ocrx_word' id='word_1_252' title='bbox 476 1345 681 1374; x_wconf 83' lang='lat' dir='ltr'>retributiones</span> <span class='ocrx_word' id='word_1_253' title='bbox 708 1352 770 1373; x_wconf 87' lang='lat' dir='ltr'>esse</span> <span class='ocrx_word' id='word_1_254' title='bbox 784 1363 796 1379; x_wconf 82' lang='lat'><strong>,</strong></span> <span class='ocrx_word' id='word_1_255' title='bbox 821 1349 870 1372; x_wconf 83' lang='lat' dir='ltr'>aut</span> <span class='ocrx_word' id='word_1_256' title='bbox 888 1341 1049 1376; x_wconf 81' lang='lat' dir='ltr'>bonarum,</span> <span class='ocrx_word' id='word_1_257' title='bbox 1072 1346 1120 1368; x_wconf 84' lang='lat' dir='ltr'>aut</span> <span class='ocrx_word' id='word_1_258' title='bbox 1143 1341 1278 1368; x_wconf 87' lang='lat' dir='ltr'>malarum</span> <span class='ocrx_word' id='word_1_259' title='bbox 1302 1340 1461 1376; x_wconf 88' lang='lat' dir='ltr'>actionum,</span> <span class='ocrx_word' id='word_1_260' title='bbox 1489 1349 1559 1376; x_wconf 89' lang='lat' dir='ltr'>quas</span> <span class='ocrx_word' id='word_1_261' title='bbox 1583 1341 1707 1377; x_wconf 84' lang='lat' dir='ltr'>quisque</span> <span class='ocrx_word' id='word_1_262' title='bbox 1734 1340 1765 1368; x_wconf 90' lang='lat' dir='ltr'>in</span> <span class='ocrx_word' id='word_1_263' title='bbox 1784 1338 1861 1368; x_wconf 88' lang='lat' dir='ltr'>vivis</span> 
     </span>
     <span class='ocr_line' id='line_1_25' title="bbox 344 1389 1858 1435; baseline -0.006 -8"><span class='ocrx_word' id='word_1_264' title='bbox 344 1398 531 1427; x_wconf 83' lang='lat' dir='ltr'>commiserit.</span> <span class='ocrx_word' id='word_1_265' title='bbox 572 1397 688 1435; x_wconf 84' lang='lat' dir='ltr'>Quibus</span> <span class='ocrx_word' id='word_1_266' title='bbox 708 1394 867 1432; x_wconf 81' lang='lat' dir='ltr'>expositis,</span> <span class='ocrx_word' id='word_1_267' title='bbox 890 1393 1015 1429; x_wconf 87' lang='lat' dir='ltr'>denique</span> <span class='ocrx_word' id='word_1_268' title='bbox 1037 1392 1071 1421; x_wconf 84' lang='lat' dir='ltr'>ad</span> <span class='ocrx_word' id='word_1_269' title='bbox 1095 1389 1252 1420; x_wconf 85' lang='lat' dir='ltr'>doctrinam</span> <span class='ocrx_word' id='word_1_270' title='bbox 1273 1391 1308 1420; x_wconf 88' lang='lat' dir='ltr'>de</span> <span class='ocrx_word' id='word_1_271' title='bbox 1331 1392 1435 1428; x_wconf 84' lang='lat' dir='ltr'>Patre,</span> <span class='ocrx_word' id='word_1_272' title='bbox 1464 1391 1538 1421; x_wconf 89' lang='lat' dir='ltr'>Filio</span> <span class='ocrx_word' id='word_1_273' title='bbox 1556 1400 1588 1421; x_wconf 87' lang='lat' dir='ltr'>ac</span> <span class='ocrx_word' id='word_1_274' title='bbox 1618 1390 1732 1428; x_wconf 83' lang='lat' dir='ltr'>Spiritu</span> <span class='ocrx_word' id='word_1_275' title='bbox 1752 1390 1858 1420; x_wconf 87' lang='lat' dir='ltr'>sancto</span> 
     </span>
     <span class='ocr_line' id='line_1_26' title="bbox 348 1448 688 1486; baseline -0.006 -8"><span class='ocrx_word' id='word_1_276' title='bbox 348 1457 408 1478; x_wconf 73' lang='lat' dir='ltr'>esse</span> <span class='ocrx_word' id='word_1_277' title='bbox 435 1448 688 1486; x_wconf 82' lang='lat' dir='ltr'>progrediendum.</span> 
     </span>
    </p>

    <p class='ocr_par' dir='ltr' id='par_1_7' title="bbox 343 1492 1863 2045">
     <span class='ocr_line' id='line_1_27' title="bbox 385 1492 1863 1533; baseline -0.001 -7"><span class='ocrx_word' id='word_1_278' title='bbox 385 1498 588 1528; x_wconf 83' lang='lat' dir='ltr'>Efficacissima</span> <span class='ocrx_word' id='word_1_279' title='bbox 607 1507 674 1527; x_wconf 89' lang='lat' dir='ltr'>sane</span> <span class='ocrx_word' id='word_1_280' title='bbox 687 1504 714 1527; x_wconf 89' lang='lat' dir='ltr'>et</span> <span class='ocrx_word' id='word_1_281' title='bbox 737 1496 1009 1527; x_wconf 81' lang='lat' dir='ltr'>saluberrima-haec</span> <span class='ocrx_word' id='word_1_282' title='bbox 1035 1494 1322 1533; x_wconf 64' lang='lat' dir='ltr'>docendi‘euangeui</span> <span class='ocrx_word' id='word_1_283' title='bbox 1349 1496 1421 1525; x_wconf 85' lang='lat' dir='ltr'>ratio</span> <span class='ocrx_word' id='word_1_284' title='bbox 1448 1504 1510 1525; x_wconf 82' lang='lat' dir='ltr'>esse</span> <span class='ocrx_word' id='word_1_285' title='bbox 1535 1496 1662 1525; x_wconf 85' lang='lat' dir='ltr'>videtur.</span> <span class='ocrx_word' id='word_1_286' title='bbox 1702 1492 1789 1523; x_wconf 73' lang='lat' dir='ltr'>Haud</span> <span class='ocrx_word' id='word_1_287' title='bbox 1805 1501 1863 1524; x_wconf 74' lang='lat' dir='ltr'>una</span> 
     </span>
     <span class='ocr_line' id='line_1_28' title="bbox 347 1543 1862 1584; baseline -0.005 -7"><span class='ocrx_word' id='word_1_288' title='bbox 347 1557 412 1578; x_wconf 86' lang='lat' dir='ltr'>cum</span> <span class='ocrx_word' id='word_1_289' title='bbox 435 1557 556 1584; x_wconf 84' lang='lat' dir='ltr'>corpore</span> <span class='ocrx_word' id='word_1_290' title='bbox 578 1550 670 1584; x_wconf 86' lang='lat' dir='ltr'>perire</span> <span class='ocrx_word' id='word_1_291' title='bbox 694 1549 825 1583; x_wconf 82' lang='lat' dir='ltr'>animos⁷</span> <span class='ocrx_word' id='word_1_292' title='bbox 851 1548 894 1577; x_wconf 87' lang='lat' dir='ltr'>uti</span> <span class='ocrx_word' id='word_1_293' title='bbox 920 1546 1080 1582; x_wconf 82' lang='lat' dir='ltr'>Germani,</span> <span class='ocrx_word' id='word_1_294' title='bbox 1101 1546 1136 1574; x_wconf 88' lang='lat' dir='ltr'>de</span> <span class='ocrx_word' id='word_1_295' title='bbox 1165 1555 1288 1582; x_wconf 87' lang='lat' dir='ltr'>quorum</span> <span class='ocrx_word' id='word_1_296' title='bbox 1314 1547 1458 1576; x_wconf 79' lang='lat' dir='ltr'>Walhalla</span> <span class='ocrx_word' id='word_1_297' title='bbox 1487 1555 1570 1576; x_wconf 87' lang='lat' dir='ltr'>nemo</span> <span class='ocrx_word' id='word_1_298' title='bbox 1597 1554 1658 1576; x_wconf 85' lang='lat' dir='ltr'>non</span> <span class='ocrx_word' id='word_1_299' title='bbox 1682 1544 1792 1579; x_wconf 74' lang='lat' dir='ltr'>audiit,</span> <span class='ocrx_word' id='word_1_300' title='bbox 1820 1543 1862 1571; x_wconf 91' lang='lat' dir='ltr'>sic</span> 
     </span>
     <span class='ocr_line' id='line_1_29' title="bbox 349 1593 1862 1636; baseline -0.005 -7"><span class='ocrx_word' id='word_1_301' title='bbox 349 1608 465 1636; x_wconf 84' lang='lat' dir='ltr'>quoque</span> <span class='ocrx_word' id='word_1_302' title='bbox 489 1600 615 1628; x_wconf 87' lang='lat' dir='ltr'>Saxones</span> <span class='ocrx_word' id='word_1_303' title='bbox 635 1600 798 1629; x_wconf 86' lang='lat' dir='ltr'>credebant.</span> <span class='ocrx_word' id='word_1_304' title='bbox 839 1599 886 1628; x_wconf 89' lang='lat' dir='ltr'>Ab</span> <span class='ocrx_word' id='word_1_305' title='bbox 909 1599 960 1626; x_wconf 80' lang='lat' dir='ltr'>hac</span> <span class='ocrx_word' id='word_1_306' title='bbox 980 1597 1067 1634; x_wconf 82' lang='lat' dir='ltr'>igitur</span> <span class='ocrx_word' id='word_1_307' title='bbox 1092 1597 1233 1633; x_wconf 82' lang='lat' dir='ltr'>veritate,</span> <span class='ocrx_word' id='word_1_308' title='bbox 1258 1598 1287 1625; x_wconf 90' lang='lat' dir='ltr'>in</span> <span class='ocrx_word' id='word_1_309' title='bbox 1305 1599 1397 1626; x_wconf 89' lang='lat' dir='ltr'>lucem</span> <span class='ocrx_word' id='word_1_310' title='bbox 1422 1597 1604 1627; x_wconf 80' lang='lat' dir='ltr'>clarissimam</span> <span class='ocrx_word' id='word_1_311' title='bbox 1625 1596 1723 1633; x_wconf 85' lang='lat' dir='ltr'>aJesu</span> <span class='ocrx_word' id='word_1_312' title='bbox 1741 1593 1862 1630; x_wconf 72' lang='lat' dir='ltr'>posita„</span> 
     </span>
     <span class='ocr_line' id='line_1_30' title="bbox 348 1646 1862 1684; baseline -0.003 -5"><span class='ocrx_word' id='word_1_313' title='bbox 348 1651 465 1680; x_wconf 84' lang='lat' dir='ltr'>omnino</span> <span class='ocrx_word' id='word_1_314' title='bbox 486 1656 545 1678; x_wconf 84' lang='lat' dir='ltr'>erat</span> <span class='ocrx_word' id='word_1_315' title='bbox 564 1649 743 1679; x_wconf 84' lang='lat' dir='ltr'>ordiendum.</span> <span class='ocrx_word' id='word_1_316' title='bbox 787 1649 834 1679; x_wconf 87' lang='lat' dir='ltr'>Sic</span> <span class='ocrx_word' id='word_1_317' title='bbox 852 1650 925 1678; x_wconf 84' lang='lat' dir='ltr'>enim</span> <span class='ocrx_word' id='word_1_318' title='bbox 945 1649 1049 1677; x_wconf 86' lang='lat' dir='ltr'>fiducia</span> <span class='ocrx_word' id='word_1_319' title='bbox 1067 1648 1204 1684; x_wconf 84' lang='lat' dir='ltr'>quaedam</span> <span class='ocrx_word' id='word_1_320' title='bbox 1228 1655 1256 1676; x_wconf 87' lang='lat' dir='ltr'>et</span> <span class='ocrx_word' id='word_1_321' title='bbox 1280 1649 1480 1678; x_wconf 85' lang='lat' dir='ltr'>benevolentia</span> <span class='ocrx_word' id='word_1_322' title='bbox 1504 1656 1597 1678; x_wconf 87' lang='lat' dir='ltr'>novae</span> <span class='ocrx_word' id='word_1_323' title='bbox 1621 1646 1770 1677; x_wconf 83' lang='lat' dir='ltr'>doctrinae</span> <span class='ocrx_word' id='word_1_324' title='bbox 1791 1653 1862 1674; x_wconf 80' lang='lat' dir='ltr'>con-</span> 
     </span>
     <span class='ocr_line' id='line_1_31' title="bbox 346 1695 1859 1735; baseline -0.004 -5"><span class='ocrx_word' id='word_1_325' title='bbox 346 1702 507 1731; x_wconf 73' lang='lat' dir='ltr'>efflabatur-</span> <span class='ocrx_word' id='word_1_326' title='bbox 547 1701 685 1731; x_wconf 83' lang='lat' dir='ltr'>Placitum</span> <span class='ocrx_word' id='word_1_327' title='bbox 709 1709 778 1730; x_wconf 86' lang='lat' dir='ltr'>vero</span> <span class='ocrx_word' id='word_1_328' title='bbox 797 1701 831 1729; x_wconf 88' lang='lat' dir='ltr'>de</span> <span class='ocrx_word' id='word_1_329' title='bbox 849 1701 908 1730; x_wconf 72' lang='lat' dir='ltr'>vita</span> <span class='ocrx_word' id='word_1_330' title='bbox 925 1700 1043 1734; x_wconf 65' lang='lat' dir='ltr'>futuru,</span> <span class='ocrx_word' id='word_1_331' title='bbox 1068 1698 1247 1735; x_wconf 83' lang='lat' dir='ltr'>justissimae</span> <span class='ocrx_word' id='word_1_332' title='bbox 1265 1699 1502 1728; x_wconf 83' lang='lat' dir='ltr'>remunerationis</span> <span class='ocrx_word' id='word_1_333' title='bbox 1528 1705 1624 1734; x_wconf 85' lang='lat' dir='ltr'>statu,</span> <span class='ocrx_word' id='word_1_334' title='bbox 1646 1698 1750 1734; x_wconf 89' lang='lat' dir='ltr'>procul</span> <span class='ocrx_word' id='word_1_335' title='bbox 1769 1695 1859 1725; x_wconf 84' lang='lat' dir='ltr'>dubio</span> 
     </span>
     <span class='ocr_line' id='line_1_32' title="bbox 347 1750 1840 1790; baseline -0.004 -8"><span class='ocrx_word' id='word_1_336' title='bbox 347 1761 539 1790; x_wconf 87' lang='lat' dir='ltr'>quoscunque</span> <span class='ocrx_word' id='word_1_337' title='bbox 551 1773 561 1788; x_wconf 91' lang='lat'><strong>‚</strong></span> <span class='ocrx_word' id='word_1_338' title='bbox 577 1753 627 1781; x_wconf 87' lang='lat' dir='ltr'>sed</span> <span class='ocrx_word' id='word_1_339' title='bbox 641 1752 793 1788; x_wconf 80' lang='lat' dir='ltr'>praecipue</span> <span class='ocrx_word' id='word_1_340' title='bbox 812 1758 937 1788; x_wconf 80' lang='lat' dir='ltr'>agrestes</span> <span class='ocrx_word' id='word_1_341' title='bbox 956 1750 1111 1784; x_wconf 88' lang='lat' dir='ltr'>homines,</span> <span class='ocrx_word' id='word_1_342' title='bbox 1132 1751 1289 1785; x_wconf 85' lang='lat' dir='ltr'>percellat,</span> <span class='ocrx_word' id='word_1_343' title='bbox 1308 1759 1427 1780; x_wconf 87' lang='lat' dir='ltr'>necesse</span> <span class='ocrx_word' id='word_1_344' title='bbox 1446 1758 1510 1785; x_wconf 86' lang='lat' dir='ltr'>est,</span> <span class='ocrx_word' id='word_1_345' title='bbox 1532 1759 1642 1787; x_wconf 87' lang='lat' dir='ltr'>eosque</span> <span class='ocrx_word' id='word_1_346' title='bbox 1659 1754 1840 1779; x_wconf 88' lang='lat' dir='ltr'>commoveat</span> 
     </span>
     <span class='ocr_line' id='line_1_33' title="bbox 345 1797 1858 1841; baseline -0.005 -7"><span class='ocrx_word' id='word_1_347' title='bbox 345 1813 377 1834; x_wconf 92' lang='lat' dir='ltr'>ut</span> <span class='ocrx_word' id='word_1_348' title='bbox 402 1806 479 1841; x_wconf 75' lang='lat' dir='ltr'>leges</span> <span class='ocrx_word' id='word_1_349' title='bbox 499 1803 602 1841; x_wconf 84' lang='lat' dir='ltr'>judicis</span> <span class='ocrx_word' id='word_1_350' title='bbox 619 1803 745 1840; x_wconf 75' lang='lat' dir='ltr'>supremi</span> <span class='ocrx_word' id='word_1_351' title='bbox 766 1803 916 1832; x_wconf 85' lang='lat' dir='ltr'>observare</span> <span class='ocrx_word' id='word_1_352' title='bbox 935 1807 1089 1830; x_wconf 86' lang='lat' dir='ltr'>conentur.</span> <span class='ocrx_word' id='word_1_353' title='bbox 1131 1800 1225 1837; x_wconf 81' lang='lat' dir='ltr'>Quem</span> <span class='ocrx_word' id='word_1_354' title='bbox 1251 1809 1352 1831; x_wconf 75' lang='lat' dir='ltr'>tamen·</span> <span class='ocrx_word' id='word_1_355' title='bbox 1369 1802 1400 1831; x_wconf 89' lang='lat' dir='ltr'>in</span> <span class='ocrx_word' id='word_1_356' title='bbox 1425 1801 1532 1838; x_wconf 84' lang='lat' dir='ltr'>finem,</span> <span class='ocrx_word' id='word_1_357' title='bbox 1557 1803 1647 1830; x_wconf 79' lang='lat' dir='ltr'>multo</span> <span class='ocrx_word' id='word_1_358' title='bbox 1667 1797 1756 1835; x_wconf 79' lang='lat' dir='ltr'>magis</span> <span class='ocrx_word' id='word_1_359' title='bbox 1777 1797 1858 1827; x_wconf 81' lang='lat' dir='ltr'>labo-</span> 
     </span>
     <span class='ocr_line' id='line_1_34' title="bbox 344 1848 1858 1891; baseline -0.004 -7"><span class='ocrx_word' id='word_1_360' title='bbox 344 1857 468 1885; x_wconf 46' lang='lat' dir='ltr'>randum*</span> <span class='ocrx_word' id='word_1_361' title='bbox 477 1861 539 1891; x_wconf 82' lang='lat' dir='ltr'>est,</span> <span class='ocrx_word' id='word_1_362' title='bbox 560 1861 593 1883; x_wconf 87' lang='lat' dir='ltr'>ut</span> <span class='ocrx_word' id='word_1_363' title='bbox 609 1854 837 1883; x_wconf 72' lang='lat' dir='ltr'>accuratissime</span> <span class='ocrx_word' id='word_1_364' title='bbox 855 1853 932 1882; x_wconf 79' lang='lat' dir='ltr'>illius</span> <span class='ocrx_word' id='word_1_365' title='bbox 951 1851 1055 1880; x_wconf 84' lang='lat' dir='ltr'>summi</span> <span class='ocrx_word' id='word_1_366' title='bbox 1076 1851 1182 1888; x_wconf 83' lang='lat' dir='ltr'>judicis</span> <span class='ocrx_word' id='word_1_367' title='bbox 1207 1853 1359 1885; x_wconf 77' lang='lat' dir='ltr'>scientiae,</span> <span class='ocrx_word' id='word_1_368' title='bbox 1381 1848 1477 1879; x_wconf 79' lang='lat' dir='ltr'>omnia</span> <span class='ocrx_word' id='word_1_369' title='bbox 1505 1850 1622 1879; x_wconf 89' lang='lat' dir='ltr'>omnino</span> <span class='ocrx_word' id='word_1_370' title='bbox 1640 1850 1809 1885; x_wconf 89' lang='lat' dir='ltr'>hominum,</span> <span class='ocrx_word' id='word_1_371' title='bbox 1830 1856 1858 1878; x_wconf 89' lang='lat' dir='ltr'>et</span> 
     </span>
     <span class='ocr_line' id='line_1_35' title="bbox 343 1901 1857 1943; baseline -0.005 -8"><span class='ocrx_word' id='word_1_372' title='bbox 343 1906 438 1941; x_wconf 78' lang='lat' dir='ltr'>facta,</span> <span class='ocrx_word' id='word_1_373' title='bbox 459 1913 487 1935; x_wconf 85' lang='lat' dir='ltr'>et</span> <span class='ocrx_word' id='word_1_374' title='bbox 509 1905 719 1943; x_wconf 71' lang='lat' dir='ltr'>cogitationes,</span> <span class='ocrx_word' id='word_1_375' title='bbox 737 1905 976 1942; x_wconf 84' lang='lat' dir='ltr'>complectentis,</span> <span class='ocrx_word' id='word_1_376' title='bbox 998 1909 1115 1933; x_wconf 84' lang='lat' dir='ltr'>strenue</span> <span class='ocrx_word' id='word_1_377' title='bbox 1141 1908 1398 1937; x_wconf 87' lang='lat' dir='ltr'>commoneantur,</span> <span class='ocrx_word' id='word_1_378' title='bbox 1429 1910 1513 1936; x_wconf 84' lang='lat' dir='ltr'>quam</span> <span class='ocrx_word' id='word_1_379' title='bbox 1542 1901 1656 1937; x_wconf 84' lang='lat' dir='ltr'>quidem</span> <span class='ocrx_word' id='word_1_380' title='bbox 1680 1907 1712 1930; x_wconf 92' lang='lat' dir='ltr'>ut</span> <span class='ocrx_word' id='word_1_381' title='bbox 1728 1908 1857 1937; x_wconf 82' lang='lat' dir='ltr'>poenae,</span> 
     </span>
     <span class='ocr_line' id='line_1_36' title="bbox 345 1952 1856 1993; baseline -0.003 -8"><span class='ocrx_word' id='word_1_382' title='bbox 345 1956 478 1987; x_wconf 85' lang='lat' dir='ltr'>sontibus</span> <span class='ocrx_word' id='word_1_383' title='bbox 503 1956 700 1993; x_wconf 79' lang='lat' dir='ltr'>imminentes,</span> <span class='ocrx_word' id='word_1_384' title='bbox 728 1956 876 1986; x_wconf 86' lang='lat' dir='ltr'>coloribus</span> <span class='ocrx_word' id='word_1_385' title='bbox 896 1955 999 1986; x_wconf 85' lang='lat' dir='ltr'>vividis</span> <span class='ocrx_word' id='word_1_386' title='bbox 1026 1961 1114 1991; x_wconf 47' lang='lat' dir='ltr'>atque</span> <span class='ocrx_word' id='word_1_387' title='bbox 1138 1953 1314 1984; x_wconf 90' lang='lat' dir='ltr'>terribilibus</span> <span class='ocrx_word' id='word_1_388' title='bbox 1339 1952 1540 1989; x_wconf 85' lang='lat' dir='ltr'>depingantur.</span> <span class='ocrx_word' id='word_1_389' title='bbox 1581 1952 1661 1981; x_wconf 86' lang='lat' dir='ltr'>Illius</span> <span class='ocrx_word' id='word_1_390' title='bbox 1689 1958 1767 1980; x_wconf 87' lang='lat' dir='ltr'>metu</span> <span class='ocrx_word' id='word_1_391' title='bbox 1791 1959 1856 1987; x_wconf 86' lang='lat' dir='ltr'>per-</span> 
     </span>
     <span class='ocr_line' id='line_1_37' title="bbox 344 2001 1854 2045; baseline -0.005 -7"><span class='ocrx_word' id='word_1_392' title='bbox 344 2007 446 2043; x_wconf 65' lang='lat' dir='ltr'>enisi,</span> <span class='ocrx_word' id='word_1_393' title='bbox 458 2007 483 2037; x_wconf 87' lang='lat' dir='ltr'>si</span> <span class='ocrx_word' id='word_1_394' title='bbox 500 2006 595 2035; x_wconf 80' lang='lat' dir='ltr'>audite</span> <span class='ocrx_word' id='word_1_395' title='bbox 611 2008 751 2044; x_wconf 86' lang='lat' dir='ltr'>euangelii</span> <span class='ocrx_word' id='word_1_396' title='bbox 768 2013 916 2045; x_wconf 76' lang='lat' dir='ltr'>praecepta</span> <span class='ocrx_word' id='word_1_397' title='bbox 936 2005 1075 2043; x_wconf 82' lang='lat' dir='ltr'>incipiant</span> <span class='ocrx_word' id='word_1_398' title='bbox 1083 2025 1103 2043; x_wconf 57' lang='lat'>,‚</span> <span class='ocrx_word' id='word_1_399' title='bbox 1117 2005 1366 2042; x_wconf 64' lang='lat' dir='ltr'>praemiorumque</span> <span class='ocrx_word' id='word_1_400' title='bbox 1390 2012 1449 2041; x_wconf 82' lang='lat' dir='ltr'>spe</span> <span class='ocrx_word' id='word_1_401' title='bbox 1465 2003 1558 2033; x_wconf 82' lang='lat' dir='ltr'>allecti</span> <span class='ocrx_word' id='word_1_402' title='bbox 1569 2023 1579 2040; x_wconf 93' lang='lat'>,</span> <span class='ocrx_word' id='word_1_403' title='bbox 1601 2002 1748 2041; x_wconf 81' lang='lat' dir='ltr'>paullatim</span> <span class='ocrx_word' id='word_1_404' title='bbox 1765 2001 1854 2040; x_wconf 86' lang='lat' dir='ltr'>magis</span> 
     </span>
    </p>

    <p class='ocr_par' dir='ltr' id='par_1_8' title="bbox 1798 2061 1855 2084">
     <span class='ocr_line' id='line_1_38' title="bbox 1798 2061 1855 2084; baseline -0.053 0"><span class='ocrx_word' id='word_1_405' title='bbox 1798 2061 1855 2084; x_wconf 67' lang='lat' dir='ltr'>mar·</span> 
     </span>
    </p>
   </div>
   <div class='ocr_carea' id='block_1_5' title="bbox 377 2121 732 2157">
    <p class='ocr_par' dir='ltr' id='par_1_9' title="bbox 377 2121 732 2157">
     <span class='ocr_line' id='line_1_39' title="bbox 377 2121 732 2157; baseline 0.008 -9"><span class='ocrx_word' id='word_1_406' title='bbox 377 2121 445 2157; x_wconf 91' lang='grc' dir='ltr'>(ι)</span> <span class='ocrx_word' id='word_1_407' title='bbox 465 2122 536 2156; x_wconf 84' lang='lat' dir='ltr'>Opp.</span> <span class='ocrx_word' id='word_1_408' title='bbox 555 2128 573 2150; x_wconf 84' lang='lat' dir='ltr'>t.</span> <span class='ocrx_word' id='word_1_409' title='bbox 587 2123 612 2150; x_wconf 88' lang='grc' dir='ltr'>Ι.</span> <span class='ocrx_word' id='word_1_410' title='bbox 629 2130 672 2156; x_wconf 83' lang='lat' dir='ltr'>ep.</span> <span class='ocrx_word' id='word_1_411' title='bbox 687 2128 732 2155; x_wconf 82' lang='grc'>31.</span> 
     </span>
    </p>
   </div>
  </div>
 </body>
</html>
