1919 2511
429 183 659 217 RE'SP-ONSIO
688 196 731 218 An
761 188 1072 227 QUAESTIONEM
1099 195 1325 230 PHYSICAM.
1598 218 1635 248 43

151 264 282 295 Constat
307 264 392 295 hodie
416 266 527 297 acidum
547 269 731 300 carbonicum
759 281 822 301 esse
839 274 999 309 plantarum
1018 278 1248 316 nutrimentum,
1275 282 1364 319 idque
1384 284 1418 314 ab
1439 295 1531 316 earum
1550 289 1630 320 foliis

115 321 144 344 et
168 316 311 345 radicibus
335 317 496 348 absorberi.
535 319 683 356 Explosae
708 322 782 351 enim
807 332 876 354 sunt
900 326 1013 356 Halesii
1040 329 1109 366 (ι)
1139 337 1166 359 et
1197 332 1349 370 Priestleyi
1376 336 1447 373 (2)
1477 340 1628 375 opiniones

115 367 167 402 qui
194 367 249 395 hoc
274 367 385 396 acidum
410 370 498 406 magis
525 379 629 400 nocere
654 382 737 409 quam
764 374 861 404 favere
885 377 992 413 plantis
1017 380 1140 415 probare
1169 384 1266 412 conati
1291 393 1372 416 sunt.
1414 388 1527 419 Horum
1550 393 1625 423 enim

110 417 317 455 experimentis
343 421 485 450 contraria
511 421 638 452 instituit
664 425 849 455 Percivallius
878 428 945 466 (3)
973 436 1001 458 et
1027 431 1165 468 Henryus
1196 435 1278 471 (4).
1317 437 1359 466 Et
1378 447 1447 468 vero
1474 441 1498 469 si
1521 450 1627 473 consu.

107 470 200 498 lamus
223 469 418 506 vexperimenta
442 472 601 502 Senebierii
621 475 686 512 (5)
708 483 736 505 et
762 478 907 508 Saussurii
928 482 1020 517 (6),
1047 482 1177 513 videmus
1203 486 1258 515 hoc
1280 488 1392 517 acidum
1423 499 1483 520 non
1509 493 1624 528 quidem

109 520 206 550 favere
238 523 397 558 plantarum
426 524 625 560 germinationi
641 548 651 563 ‚
682 529 757 558 unde
784 530 906 562 forsitan
941 534 1077 568 quaedam
1106 535 1216 564 Halesii
1243 544 1271 566 et
1302 539 1455 577 Priestleyi
1487 542 1625 574 observa-

105 571 200 601 tiones
221 573 408 609 explicandae
433 582 519 611 sunt,
549 579 623 606 alere
647 586 740 610 tamen
760 581 837 618 ipsas
863 586 994 620 plantas,
1017 585 1043 614 si
1063 587 1206 617 radicibus
1234 596 1262 618 et
1282 590 1361 620 foliis
1380 594 1438 630 jam
1464 594 1621 626 instructae

103 632 183 655 sunt.
223 625 394 655 Saussurius
421 626 495 655 enim
522 630 682 665 plantarum
711 633 820 662 radices
839 636 930 670 aquae
950 635 1089 665 immersit
1109 644 1137 667 et
1160 641 1305 677 campanis
1325 644 1417 680 texit,
1439 647 1531 675 aetem
1553 657 1619 679 cum

105 678 188 708 aeido‘
215 677 372 706 carbonico·
397 678 514 707 mistum
540 681 776 719 continentibus,
801 691 890 720 atque
914 685 1026 716 invenit
1060 689 1199 719 modicam
1228 692 1314 730 hujus
1331 695 1403 724 acidi
1429 699 1616 733 quantitatem

98 729 181 759 valde
207 728 344 764 prodesse
368 730 473 765 plantis
495 732 575 768 (7).
624 733 712 770 Quod
738 734 878 765 Ruckerti
906 738 1095 769 confirmatur
1122 743 1349 782 experimentis,
1381 747 1430 783 qui
1457 749 1613 787 probavit,

97 787 199 816 aquam
227 779 308 808 acido
334 780 489 810 carbonico
517 783 737 821 impraegnatam
759 789 859 826 majori
879 789 910 818 vi
933 791 1095 826 plantarum
1118 793 1263 824 radicibus
1286 797 1392 827 hauriri
1412 808 1495 835 quam
1511 810 1613 838 aquam

94 833 195 868 puram
208 851 219 866 ,
249 837 277 859 et
296 830 325 859 in
344 831 394 860 tali
413 834 488 868 aqua
507 836 618 870 plantas
637 838 758 867 celerius
777 840 936 870 increscere
956 842 1038 880 (8).

134 883 209 912 Non
232 881 334 910 mirum
360 882 449 918 igitur
477 891 532 913 tam
558 887 664 916 multos
689 897 752 918 esse
774 890 892 930 fontes,
922 893 971 930 qui
995 894 1026 923 in
1044 896 1120 933 agris
1146 898 1286 929 continuo
1312 908 1339 931 et
1363 905 1450 941 longe
1475 906 1612 941 praebent

95 934 207 964 acidum
239 933 447 970 carbonic'um,
474 943 509 963 ex
537 937 643 972 quibus
671 939 775 970 humus
795 950 872 973 certe
897 954 953 975 una
980 953 1046 982 est,
1074 948 1130 977 nisi
1155 952 1202 979 vel
1231 953 1382 989 praecipua
1405 955 1523 986 dicenda
1547 958 1606 994 sit;

93 993 165 1021 quae
191 992 256 1012 cum
280 983 443 1020 formetur,
473 988 529 1022 Jam
555 987 647 1024 illud,
679 990 715 1019 de
741 1001 800 1028 quo
828 995 972 1032 dicimus,
1002 999 1109 1034 plantis
1133 1001 1252 1036 praebet
1271 1004 1497 1036 nutrimentum:
1520 1009 1609 1038 maxi-

90 1043 136 1064 me
161 1042 230 1064 vero
252 1034 277 1063 si
303 1035 359 1071 jam
384 1035 507 1065 formata
531 1044 575 1066 est
599 1046 627 1068 et
653 1041 715 1070 aere
737 1051 875 1074 mutatur.
916 1047 1051 1078 Vidimus
1071 1050 1147 1079 enim
1173 1060 1267 1088 partes
1288 1056 1449 1086 animalium
1472 1065 1500 1087 et
1522 1062 1604 1096 plan-

88 1093 202 1121 tarum,
227 1093 243 1114 e
271 1085 378 1121 quibus
395 1086 460 1115 dein
477 1087 581 1117 humus
605 1089 767 1130 formatur,
791 1094 1014 1127 fermentescere
1041 1103 1224 1139 multumque
1251 1106 1379 1135 exhalare
1403 1109 1477 1138 acidi
1500 1111 1602 1141 carbo·

85 1137 143 1168 ,2105
152 1157 165 1174 ⁹
184 1137 491 1173 atqueexperimentis
516 1139 610 1176 primo
636 1142 741 1178 Capite
763 1147 855 1175 allatis
878 1148 964 1178 nobis
986 1151 1138 1188 constitit,
1168 1162 1226 1182 eam
1256 1164 1318 1185 esse
1343 1158 1422 1187 humi
1447 1167 1600 1200 naturam,

83 1197 118 1219 ut
141 1189 204 1218 aei-e
225 1187 366 1217 continuo
390 1196 534 1224 mutetur,
565 1192 674 1230 quippe
700 1196 782 1233 cujus
809 1199 980 1235 oxygenium
1005 1210 1037 1230 se
1060 1203 1196 1240 adjungat
1219 1205 1299 1235 illius
1327 1209 1483 1249 carboni03
1512 1220 1600 1250 atque

82 1241 155 1270 hane
177 1239 259 1268 humi
276 1238 469 1269 -m'utationem
493 1243 576 1271 valde
599 1243 697 1274 favere
722 1247 848 1284 plantis,
870 1251 995 1286 probant
1018 1253 1100 1283 etiam
1125 1254 1252 1286 diversae
1276 1258 1342 1288 illae
1359 1261 1504 1300 rationes,
1527 1273 1597 1301 quas

80 1291 320 1325 memoravimus,
351 1297 378 1319 et
409 1292 516 1327 quibus
541 1294 610 1324 hacc
635 1296 708 1325 ae'ris
735 1299 811 1328 actio
835 1299 865 1329 in
888 1301 1007 1332 humum
1034 1306 1081 1334 vel
1100 1313 1222 1343 augetur
1244 1310 1291 1338 vei
1309 1310 1493 1349 diminuitur,
1522 1325 1595 1352 quae

80 1342 167 1371 simul
182 1349 315 1378 agrorum
336 1341 511 1371 fertilitatem
536 1347 584 1375 vel
607 1356 712 1384 augent
729 1352 777 1379 vel
792 1351 967 1383 diminuunt.
1009 1355 1057 1384 Sic
1078 1357 1167 1394 igitur
1188 1359 1300 1389 acidum
1323 1362 1507 1394 carbonicurn
1522 1375 1594 1397 con-

75 1393 160 1423 tinuo
184 1398 213 1422 et
235 1393 323 1428 longe
350 1392 384 1421 ab
410 1393 498 1422 humo
522 1397 681 1427 exhalatum
706 1407 735 1429 et
760 1401 879 1438 ipsum,
909 1411 937 1433 et
959 1405 993 1433 ab
1016 1415 1090 1443 aqua
1113 1417 1302 1447 susceptum,
1338 1413 1436 1444 titillat
1457 1417 1540 1451 quasi
1563 1426 1592 1448 et

79 1444 183 1473 'excitat
215 1445 376 1480 plantarum
409 1445 543 1482 radices,
572 1457 589 1476 a
611 1449 717 1484 quibus
739 1452 822 1481 avide
852 1454 1024 1485 absorbetur
1039 1478 1050 1493 ‚
1085 1468 1195 1496 perque
1219 1470 1313 1491 earum
1338 1472 1405 1493 vasa
1429 1466 1587 1498 adscendit.

75 1494 206 1524 Multum
230 1502 300 1522 vero
326 1494 412 1532 hujus
430 1495 504 1525 acidi
522 1497 586 1533 ipsa
610 1508 662 1529 sua
683 1509 784 1532 natura
804 1505 921 1535 subtilis
944 1508 1049 1543 plantis
1072 1510 1330 1548 circumfunditur,
1356 1522 1443 1551 atque
1461 1518 1517 1553 jam
1537 1519 1589 1548 ab·

71 1545 207 1584 sorbetur
224 1553 241 1573 a
265 1543 357 1573 foliis.
401 1546 527 1576 Constat
547 1549 622 1578 enim
647 1551 720 1581 iilud
740 1555 874 1592 acidum,
901 1559 979 1593 quod
996 1559 1038 1588 sic
1065 1569 1099 1589 ex
1123 1563 1198 1599 agris
1216 1563 1403 1595 fertilissimis
1421 1569 1583 1609 exhalatur,

71 1605 133 1627 non
165 1595 260 1626 statim
290 1595 320 1624 in
347 1604 429 1626 auras
453 1598 604 1638 dissipari,
639 1604 692 1633 sed
715 1606 806 1636 veluti
828 1608 935 1638 nubem
959 1610 1107 1642 inhaerere
1128 1614 1225 1652 agris,
1263 1622 1317 1653 ut,
1354 1618 1416 1648 sive
1436 1621 1534 1657 pluvia
1557 1631 1585 1653 et

1538 1685 1587 1706 1¹0-

103 1729 120 1764 (
133 1728 171 1765 1)
189 1729 249 1757 vid.
267 1729 361 1761 Hales,
380 1730 462 1756 Statik
480 1732 529 1758 der
551 1734 715 1764 Gewfichsen
733 1748 759 1773 p.
777 1742 835 1775 185.

73 1803 74 1810 ἵ
102 1774 171 1810 (2)
189 1774 255 1802 Vid.
273 1775 420 1809 Priestley‚
437 1777 510 1806 Vers.
528 1781 583 1806 und
599 1783 686 1816 Beop.
704 1785 770 1811 fiber
788 1788 900 1816 Versch.
919 1789 1014 1816 Theile
1030 1791 1075 1817 der
1093 1793 1190 1821 Natur.
1214 1794 1247 1822 Β.
1265 1795 1287 1822 Ι.
1311 1803 1338 1828 p.
1352 1803 1411 1829 250.
1439 1806 1465 1826 et
1489 1803 1521 1830 Β.
1541 1805 1577 1834 Π.

59 1828 88 1854 p.
106 1827 130 1847 ι.
149 1828 173 1847 et
188 1828 264 1853 seqq.

66 1855 72 1859 ”
99 1865 170 1901 (3)
189 1867 250 1893 Vid.
269 1866 402 1894 Percivall
423 1871 448 1896 in
468 1872 551 1898 Mem.
569 1874 604 1899 of
619 1874 661 1901 the
677 1877 782 1911 Society
800 1880 833 1906 of
847 1881 1015 1910 Manchester
1034 1886 1089 1913 vol.
1105 1886 1144 1915 11.

98 1911 163 1949 (4)
180 1916 242 1943 Vid.
262 1915 351 1950 Henry
369 1919 394 1943 iu
413 1919 530 1952 ejusdem
546 1929 593 1954 op.
613 1929 674 1950 tom.
691 1924 727 1952 Π.
753 1935 781 1959 p.
793 1929 853 1960 346.

96 1960 162 1994 (5)
179 1960 241 1988 vid.
265 1961 409 1989 Memoires
430 1972 474 1991 sur
494 1967 642 1995 l'influence
664 1969 699 1996 de
720 1972 778 1998 l'air
800 1972 859 1999 dans
880 1975 904 2000 la
920 1976 1086 2008 germination
1104 1985 1151 2011 par
1167 1978 1262 2006 Huber
1278 1987 1305 2008 et
1320 1983 1441 2012 Senebier
1456 1995 1483 2021 p.
1495 1996 1529 2023 55
1544 1998 1572 2019 et

56 2014 114 2041 ¹77.
149 2007 257 2033 Geneve
274 2009 346 2036 1801.

90 2052 156 2086 (6)
174 2053 236 2080 Vid.
255 2055 382 2081 Saussure
401 2057 418 2084 1.
435 2057 454 2085 i.
471 2066 498 2091 p.
512 2059 555 2087 16.

84 2097 148 2132 (7)
167 2100 228 2127 Vid.
246 2101 368 2127 Saussure
384 2103 401 2129 l.
421 2104 439 2130 1.
456 2113 482 2136 p.
497 2106 541 2133 28.

88 2142 151 2178 (8)
170 2144 231 2173 vid.
249 2145 371 2174 Ruckert
388 2147 432 2176 det
455 2150 568 2179 Feldbau
586 2153 726 2182 chemisch
744 2159 912 2186 untersucht.

855 2204 917 2235 Fa
