1919 2511
251 181 293 211 '12
606 178 865 212 JACOBI
929 173 1353 213 nn'GELDEn

249 258 337 296 idem
355 273 486 306 semper
502 263 639 308 duplicis
662 264 866 297 refractionis
883 265 1139 299 Phaenomenon
1157 266 1252 299 nobis
1272 269 1514 310 repraesentat:
1539 268 1626 310 quod
1648 262 1710 302 ali-

252 321 305 352 cui
326 321 453 362 corpori
472 322 573 353 semel
596 322 766 364 proprium
795 331 866 354 esse
889 321 1131 364 comperimus,
1155 333 1237 366 quas
1253 324 1337 356 vires
1354 323 1387 354 in
1411 333 1449 355 eo
1471 325 1572 356 semel
1596 324 1713 358 obser-

250 377 425 417 vavimus‚
457 387 530 417 eas,
563 377 678 410 eodem
707 389 866 419 numero,
897 384 1069 422 tempore,
1099 380 1190 420 loeo,
1223 379 1403 422 eademque
1432 381 1558 412 ratione
1584 390 1715 424 semper

251 432 384 464 easdem
400 442 470 464 esse
487 432 685 475 experimur.
730 433 851 466 Iisdem
870 435 1104 468 Cliemieorum
1124 434 1368 478 operationibus
1382 436 1498 468 eadem
1516 443 1593 469 sunt
1604 438 1717 471 Phaess

250 499 392 521 nomena
406 501 415 527 ;
440 489 666 530 crystallorum
690 489 795 522 forma
824 501 998 534 nunqnam
1032 497 1199 531 mutatur3
1230 498 1262 524 et
1287 497 1365 535 (11101
1385 497 1417 524 61
1435 498 1558 534 quanta
1584 494 1716 535 planta-

250 555 326 576 rum
352 550 383 576 et
410 544 630 579 animantium
652 556 771 588 genera
798 545 1013 589 intueamur,
1050 558 1155 580 unam
1187 547 1346 580 omnibus
1371 557 1444 580 esse
1479 547 1716 591 procreationis

253 602 320 634 Vim
348 600 518 642 videnum,
550 601 690 633 eandem
726 600 828 635 vitam
861 608 959 646 atque
990 603 1141 637 omnium
1175 604 1317 637 formam
1348 609 1380 636 et
1412 604 1554 636 indolem
1582 606 1716 639 Numen

250 657 417 699 quoddam
442 657 622 691 Providens
646 668 840 691 conservare
863 659 1003 693 videtur.
1048 662 1082 692 Si
1106 660 1245 703 denique
1270 660 1397 692 coelum
1414 665 1445 692 et
1469 660 1619 693 coelestia
1636 671 1721 695 con-

256 714 453 755 templemur
465 738 474 754 ,
498 715 532 746 in
549 713 588 746 iis
605 713 746 746 eundem
764 724 894 757 semper
915 716 1084 758 ordinem,
1109 722 1206 760 atque
1225 726 1340 749 cursus
1358 722 1427 748 arte
1445 715 1613 749 dimensos
1635 729 1719 752 con-

250 769 421 812 spicimus.
469 770 553 811 Quis
574 770 672 812 igitur
687 774 756 801 tam
771 770 882 803 audax
900 772 984 804 foret
999 778 1031 804 et
1045 773 1174 815 ineptus
1189 796 1201 813 ,
1222 773 1277 815 qui
1298 784 1365 805 non
1381 772 1523 814 videret,
1548 784 1586 805 ea
1607 775 1719 808 emnia

250 826 393 858 Numine
409 825 712 868 praestantissimae
726 826 846 860 mentis
864 826 912 860 516
926 827 1075 860 instituta
1091 837 1163 860 esse
1187 833 1219 859 et
1241 828 1428 861 moderari?
1472 830 1516 860 Et
1534 828 1597 861 1106
1616 831 1719 874 magis

248 883 463 925 perspicuum
493 892 677 914 Nsswrom
711 881 900 917 inventione
926 884 1088 916 redditur!
1135 883 1169 915 Si
1190 882 1279 916 enim
1303 883 1392 916 hanc
1418 884 1535 917 mundi
1568 891 1718 928 partem,

249 950 350 982 quam
359 943 504 980 systema
519 938 625 970 solare
640 940 832 981 nominant,
853 938 957 983 magis
971 945 1092 972 attente
1102 941 1292 973 intueamur
1304 965 1313 981 ‚
1331 940 1383 973 1116
1398 940 1547 973 videmus
1558 942 1719 984 planetaSr,

250 1002 320 1028 tam
345 994 519 1038 primarios
534 1019 544 1036 ,
575 1005 676 1038 quam
705 995 920 1029 secundarios
938 1021 948 1038 ,
980 998 1148 1040 gravitatis
1177 996 1245 1030 sive
1274 997 1477 1029 attractionis
1508 997 1541 1030 vi
1556 998 1722 1040 praeditos

253 1062 345 1092 esse,
369 1061 510 1094 eosque,
534 1051 691 1095 gravitate
714 1062 791 1085 cum
808 1053 841 1086 vi
859 1053 1062 1097 primordiali
1083 1052 1199 1094 (venia
1219 1052 1262 1085 511
1275 1052 1397 1096 verbo)
1421 1055 1615 1095 conjuncta,
1638 1065 1724 1097 quae

250 1108 351 1140 semel
368 1109 402 1140 in
421 1109 591 1140 immensis
608 1109 669 1141 illis
696 1108 890 1152 corporibus
920 1109 1081 1152 impressa
1111 1115 1181 1151 est,
1214 1111 1249 1142 in
1277 1108 1393 1142 orbitis
1419 1108 1566 1152 ellipticis
1588 1111 1722 1144 retineri

250 1170 347 1207 atque
366 1165 454 1196 circa
469 1164 572 1196 solem
594 1165 826 1206 circumvolvi,
851 1170 882 1197 et
912 1166 1022 1208 (quod
1047 1165 1190 1198 maximi
1212 1171 1261 1198 est
1285 1164 1464 1208 momenti)
1487 1165 1576 1197 hanc
1600 1171 1722 1199 attrac-

251 1221 348 1253 tionis
369 1221 437 1254 vim
456 1221 557 1263 legem
572 1219 708 1254 rationis
730 1221 873 1253 directae
889 1231 1079 1254 massarum
1105 1227 1136 1254 et
1160 1222 1311 1255 inversae
1336 1222 1574 1265 quadratorum
1597 1221 1724 1255 distan-

251 1277 373 1309 tiarum
389 1276 495 1319 sequi.
539 1278 654 1320 Neque
670 1278 753 1309 haee
773 1289 962 1311 Nsswmom
985 1278 1134 1311 doctrina
1162 1278 1340 1322 probabilis
1369 1279 1479 1321 opinio
1498 1276 1641 1317 videtum
1664 1278 1723 1312 sed

252 1332 436 1365 doctrinam
459 1333 614 1366 omnibus
631 1334 875 1367 Phaenomenis
891 1359 900 1376 ‚
923 1345 965 1367 ne
987 1334 1095 1369 veliis
1113 1334 1279 1378 exceptis,
1302 1346 1385 1378 quae
1411 1345 1487 1367 eam
1513 1339 1610 1367 antea
1626 1333 1722 1368 labe-

250 1389 373 1421 factare
389 1389 586 1421 videbantur
599 1415 609 1431 ‚
636 1391 866 1424 confirmatam
888 1397 985 1434 atque
1008 1390 1050 1423 ab
1069 1390 1161 1424 omni
1174 1397 1267 1434 parte
1289 1390 1476 1434 probatam.

291 1444 419 1477 Mirum
441 1445 589 1478 fortassis
614 1446 711 1479 alicui
734 1449 893 1480 Vestrum
907 1447 1078 1489 videatur,
1110 1449 1152 1480 A.
1177 1449 1217 1480 A.
1234 1472 1243 1489 ,
1274 1457 1336 1480 nos
1356 1447 1439 1491 leges
1465 1458 1550 1491 quae
1573 1447 1723 1481 coelestia

250 1502 486 1542 moderantiu,
510 1506 579 1534 tam
602 1510 756 1536 accurate
782 1505 966 1546 invenisse,
990 1515 1066 1537 611111
1091 1505 1176 1548 leges
1204 1514 1287 1548 quas
1308 1504 1412 1546 vires,
1435 1505 1470 1537 in
1499 1515 1636 1548 corpora
1660 1509 1725 1537 tef-

252 1559 368 1589 restria
385 1565 535 1601 agentes,
559 1565 764 1603 sequuntur,
789 1560 929 1592 humani
953 1561 1071 1603 ingenii
1090 1572 1232 1593 acumen
1260 1559 1371 1592 adhuc
1399 1560 1510 1602 fugere
1529 1561 1725 1594 videantur?

252 1616 366 1646 Cessat
381 1624 459 1647 vero
476 1614 530 1648 illa
550 1615 741 1656 admiratio,
765 1615 792 1647 si
813 1616 1058 1648 consideremus
1076 1617 1142 1650 vim
1155 1641 1170 1658 ,a
1188 1627 1272 1659 quae
1290 1613 1398 1649 varios
1418 1626 1595 1659 corporum
1613 1622 1724 1650 motus

250 1668 285 1701 in
309 1676 485 1712 systemate
508 1672 717 1713 planetarum
742 1672 845 1714 regit,
869 1682 973 1704 unam
1001 1682 1084 1704 esse.
1137 1676 1186 1705 Ita
1213 1669 1461 1714 convincimur,
1498 1675 1724 1716 quaestionem

252 1725 327 1768 legis
356 1728 559 1759 attractionis
587 1727 802 1760 inveniendae
831 1729 918 1761 inter
944 1738 1060 1761 01111165
1088 1726 1368 1770 simplicissimam
1391 1739 1487 1770 esse,
1512 1740 1651 1772 eamque
1679 1729 1723 1763 ob

252 1791 389 1814 causam
411 1780 572 1824 optimum
596 1782 787 1826 praebuisse
810 1785 1019 1827 exemplum,
1048 1795 1112 1828 quo
1137 1784 1294 1817 discimus
1308 1809 1317 1825 ,
1349 1794 1413 1827 qua
1440 1782 1573 1817 tandem
1597 1786 1723 1819 ratione

252 1837 335 1880 leges
354 1843 490 1870 naturae
507 1840 571 1871 sint
592 1838 831 1882 inquirendae?
877 1841 940 1873 Sed
963 1841 1072 1883 plures
1097 1839 1181 1874 vires
1211 1841 1239 1872 si
1266 1851 1333 1873 una
1362 1846 1484 1882 agunt,
1509 1841 1722 1875 Phaenome-

253 1904 316 1934 na,
347 1904 488 1936 quorum
523 1905 643 1927 causae
670 1902 776 1937 sunt,
813 1897 976 1929 difficilius
1003 1898 1230 1940 explicantur,
1266 1907 1350 1939 quae
1379 1896 1615 1930 Phaenomena
1647 1908 1725 1930 om-

252 1950 345 1981 nium
368 1951 487 1983 virium
511 1952 694 1984 intensitate.
707 1976 718 1993 ,
739 1963 799 1995 pro
820 1953 892 1985 loco
905 1977 913 1993 ,
938 1959 969 1985 et
985 1959 1150 1996 tempore,
1174 1953 1446 1986 determinantur.
1489 1956 1616 1987 Verum
1634 1953 1724 1988 enim

253 2016 330 2038 vero
349 2017 387 2037 ex
409 2007 567 2046 ejusmodi
590 2006 831 2041 Phaenomenis
851 2010 995 2052 siligulas
1020 2010 1103 2052 leges
1127 2009 1287 2042 deducere
1305 2010 1404 2042 nimis
1433 2014 1482 2041 est
1508 2009 1639 2042 difficile
1662 2020 1724 2054 pro

250 2063 371 2104 ingenii
388 2062 525 2094 humani
543 2063 697 2096 tenuitate
708 2077 717 2103 3
742 2066 936 2107 praesertim
953 2075 1032 2098 cum
1049 2075 1103 2097 ars
1118 2065 1289 2108 Analytica
1301 2090 1310 2106 ,
1334 2075 1397 2108 qua
1416 2065 1495 2098 illud
1514 2066 1633 2107 utitur,
1657 2065 1724 2099 huc

254 2127 357 2161 usque
379 2118 459 2150 adeo
481 2124 529 2151 est
548 2120 757 2162 imperfecta,
782 2126 819 2153 ut
834 2131 967 2164 gravem
982 2122 1071 2154 illam
1095 2121 1356 2165 disquisitionem
1379 2121 1530 2155 nondum
1544 2123 1721 2161 sustineat;

1668 2183 1723 2212 ta.
