1919 2511
375 142 603 178 RESPONSIO
633 150 675 171 An
705 139 1019 180 QUAESTIONEM
1047 139 1332 171 LITERARIAM.
1579 145 1615 175 31

388 226 450 256 Hoc
461 225 527 263 fuit
547 224 764 260 Andromache,
782 233 846 254 cum
865 225 914 254 vir
933 224 1073 262 religatus
1091 222 1134 253 ad
1152 230 1220 252 axes

428 276 548 306 Terruit
566 276 700 306 admissos
717 276 947 314 sanguinolentus
965 284 1058 314 equos.

97 333 190 364 Ovid.
213 332 300 370 epist.
316 330 343 361 Ι.
364 339 411 361 vs.
429 332 480 367 36.

383 382 441 410 Hic
462 382 541 411 lacer
559 381 692 411 admissos
709 381 820 410 terruit
840 380 946 410 Hector
964 387 1056 418 equos.

97 436 132 465 ad
165 443 249 472 quem
284 435 381 465 locum
404 433 555 463 videantur
581 433 637 464 viri
665 433 757 463 docti.
805 431 860 462 Cf.
883 431 967 461 etiam
990 429 1091 461 Davis.
1121 428 1157 459 ad
1182 427 1279 460 Cicer.
1306 427 1341 457 de
1369 424 1464 456 Finib.
1491 423 1565 453 Bon.
1591 428 1619 451 et

82 487 207 523 VMalor.
229 487 299 519 Lib.
319 489 430 532 Isscap.
455 494 484 515 1.

805 590 918 599 ———

429 667 686 701 FABULA
743 664 1005 698 DECIMA
1061 662 1284 695 SEXTA.

660 762 791 790 EQUUS
827 763 871 782 ET
905 761 1055 781 ASINUS.

381 841 502 880 Equus,
524 847 610 879 atque
629 840 731 869 asellus
743 859 755 875 ,
775 839 925 868 servientes
944 838 997 866 uni
1014 837 1102 873 hero,

386 892 513 930 Uterque
527 893 651 930 propria
671 898 786 920 onustus
804 889 866 918 ibat
886 890 1004 918 sarcina
1016 896 1028 916 :

383 942 441 971 Sed
457 942 558 971 asellus
577 941 645 971 adeo
656 942 722 978 jam
739 940 925 979 gravabatur
942 948 1015 976 sua,

381 993 422 1021 Ut
441 1000 591 1030 cogeretur
611 994 708 1030 partis
729 993 854 1029 alicujus
873 992 928 1020 sibi

382 1044 507 1082 Supplex
526 1043 653 1072 levamen
674 1042 711 1071 ab
731 1043 823 1071 sodali
840 1050 1002 1080 exposcere;

378 1093 446 1131 Quo
464 1093 620 1132 denegante
634 1101 709 1132 prae
728 1093 824 1122 labore
843 1091 989 1122 concidens

382 1145 478 1174 Miser
495 1151 656 1182 supremum
675 1144 778 1173 asellus
796 1146 854 1182 egit
873 1144 1015 1174 halitum.

382 1195 454 1225 Tum
473 1204 559 1232 vcro,
581 1202 614 1224 ut
634 1196 710 1223 asini
730 1197 869 1231 sarcina,
889 1201 917 1223 ct
935 1194 1045 1223 corium
1065 1193 1182 1231 insuper

383 1247 466 1285 Equo
485 1246 527 1275 ad
538 1247 667 1285 priorem
686 1247 832 1275 sarcinam
852 1251 921 1275 sunt
938 1244 1068 1280 addita,

383 1298 528 1327 Miserum
547 1298 596 1326 ille
614 1307 642 1326 se
660 1297 777 1327 vocabat
788 1318 798 1333 ,
819 1303 905 1335 atque
918 1296 1089 1335 perditum.-

383 1349 464 1378 Nam
485 1350 535 1387 qui
554 1349 650 1379 levare
666 1349 894 1378 contubernalem
915 1357 1006 1377 meum

379 1399 472 1429 Parte
491 1402 601 1436 oneris,
621 1402 738 1438 inquit,
759 1399 858 1435 nolui,
878 1408 952 1428 nunc
971 1399 1066 1428 omnia

381 1451 465 1480 Gesto
476 1472 487 1488 ‚
508 1458 595 1489 atque
611 1453 740 1488 corium,
761 1452 866 1480 tertiae
884 1452 981 1479 instar
999 1450 1142 1485 sarcinae.

381 1552 415 1582 Si
433 1553 587 1581 tenuiorem
600 1552 715 1589 juverit
730 1554 895 1591 potentior,

383 1604 506 1643 Utrique
525 1605 622 1634 melius
635 1604 752 1641 fuerit,
775 1612 801 1634 et
818 1605 977 1643 prolixius.

132 1658 232 1697 Equus
251 1663 279 1686 et
298 1655 417 1686 Asinus.
459 1657 567 1686 Fabula
589 1656 658 1685 haec
681 1656 754 1685 inter
774 1655 950 1685 vetustiores
969 1652 1164 1688 recensenda,
1193 1650 1302 1687 quippe
1322 1655 1393 1685 quae
1421 1655 1480 1677 non
1498 1651 1608 1674 tantum

93 1710 170 1739 inter
193 1708 380 1739 collectiones
397 1708 556 1745 Aesopicas
587 1709 647 1744 (de
671 1709 743 1737 Fur.
767 1708 832 1737 No.
851 1715 888 1743 24
910 1712 939 1735 et
960 1713 1008 1742 33.
1031 1705 1116 1740 vulg.
1141 1702 1236 1740 125.)
1256 1701 1307 1730 sed
1327 1701 1410 1737 quus
1427 1696 1546 1734 vestigia
1561 1703 1610 1723 ex·

94 1767 172 1791 stant
190 1761 220 1790 in
242 1760 455 1796 antiquioribus
474 1760 577 1796 libris3
600 1759 660 1789 vid.
679 1759 705 1788 Ι.
733 1759 776 1788 G.
793 1757 932 1787 Huschke
955 1757 1028 1785 disS.
1056 1755 1092 1784 de
1111 1754 1184 1784 Fab.
1203 1751 1371 1781 Archilochi
1390 1757 1455 1786 cap.
1481 1757 1508 1778 1.
1531 1753 1605 1775 extr.

95 1814 187 1850 (pag.
201 1819 331 1843 ccxxm.
350 1811 407 1841 Ed.
424 1811 458 1839 de
482 1809 581 1848 Fur.)
604 1810 655 1847 qui
679 1811 734 1839 hos
767 1809 860 1839 adfert
880 1818 895 1837 e
914 1808 1001 1837 Suida
1021 1804 1211 1835 Choliambos
1231 1802 1329 1833 Babrii

755 1862 806 1895 τήν
826 1861 918 1895 σάγην
938 1872 970 1890 τε
989 1861 1038 1889 τοῦ
1058 1856 1171 1892 κτήνους

415 1913 471 1944 Καὶ
491 1904 545 1947 τὴνγ
560 1913 648 1943 &velow
668 1912 863 1949 προςεπέθηκεν
882 1911 1015 1947 gnosum.

94 1967 202 1998 Fabula
220 1975 287 2005 133.
308 1967 379 1996 coll.
404 1965 486 1995 Flor.
512 1973 565 2001 pro
591 1972 667 2000 equo
693 1963 778 1991 habet
803 1962 908 1990 mulam
937 1967 965 1989 et
985 1961 1042 1989 hoc
1070 1956 1283 1997 epimythium‚
1303 1954 1519 1986 foeneratores,
1539 1950 1605 1979 dum

91 2019 210 2053 nimium
235 2018 352 2047 foenori
370 2017 480 2046 inhiant
493 2036 503 2052 ‚
524 2015 614 2052 ipsam
634 2021 742 2043 sortem
763 2013 903 2042 amittere.
934 2051 937 2052 ⁷

131 2069 259 2108 Bropria
279 2083 318 2091 -—
336 2069 464 2102 sarcina.
505 2067 633 2105 Propria
657 2067 689 2096 h.
707 2067 730 2096 1.
761 2066 810 2095 vix
832 2064 956 2103 probum
978 2062 1111 2098 videtur,
1139 2068 1205 2090 cum
1229 2066 1289 2090 non
1312 2057 1347 2087 de
1370 2054 1499 2090 sarcina,
1531 2059 1605 2088 quae

93 2120 199 2157 cuique
214 2120 339 2159 ¹propria
358 2126 424 2158 est,
444 2119 496 2149 sed
514 2119 550 2149 de
570 2127 621 2148 sua
641 2119 782 2157 cujusque
803 2116 912 2155 sarcina
930 2122 1025 2153 sermo
1045 2113 1095 2143 sit.
1538 2153 1563 2183 C

1562 2162 1609 2183 on-
