1919 2511
340 168 360 199 6
741 165 792 196 M.
856 165 886 196 J.
952 162 1410 204 MACQUELYN

340 252 426 286 illius
452 250 572 286 erroris
594 250 728 295 plurimi
743 249 1018 283 Theoreticorum
1046 255 1078 282 et
1103 247 1334 283 Practicorum
1349 247 1425 283 inde
1446 258 1466 281 a
1481 247 1609 282 Galeno
1626 249 1700 284 libri
1707 263 1718 292 ς
1740 250 1814 294 ple-

339 321 384 343 na
405 309 527 342 horum
543 307 771 350 exemplorum
786 306 968 340 Annalium
987 305 1197 339 Medicorum
1222 310 1390 340 vetustas:
1414 305 1511 348 plena
1530 304 1650 339 horum
1673 307 1709 340 in
1728 317 1812 343 con-.

340 364 441 400 'traria
462 364 630 398 ruentium
654 362 884 404 Medicorum,
907 362 958 396 vel
980 363 1086 395 nostri
1105 363 1177 397 aevi
1201 360 1281 394 artis
1305 360 1491 394 salutiferae
1511 362 1670 395 Historia.

381 424 500 455 Testes
519 425 597 452 sunt
615 419 882 459 Galenistarum3
900 419 1204 460 Aristotelicorum,
1229 419 1497 451 Cartesianorum
1512 442 1522 459 ,
1545 417 1789 452 Stahlianorum
1799 443 1810 462 ,

340 479 381 512 de
398 479 427 511 le
441 480 509 511 Boe'
533 474 630 519 Sylvii
652 475 855 508 asseclarum
867 499 877 517 ,
902 475 1049 510 BroWnii
1070 483 1224 509 verorum
1240 475 1291 509 vel
1309 474 1468 508 falsorum
1486 473 1734 518 Discipulorum
1759 477 1810 509 Ia-

337 534 455 568 bores:
486 537 584 565 testes
612 537 690 564 sunt
716 532 938 564 recentiorum
964 531 1158 572 molimina,
1187 531 1377 572 NaturaliS,
1404 540 1508 573 quam
1531 536 1671 572 vocant,
1695 531 1810 564 Philo-

335 589 493 634 sophiae,
516 587 752 632 praee'untibus
775 587 902 621 Fichtio
922 592 954 620 et
974 587 1185 631 schellingio,
1207 587 1242 620 in
1260 584 1464 620 Medicinam
1486 586 1679 621 influentem
1702 587 1812 631 digni-

335 651 458 688 tatem,
482 645 595 689 quavis
621 644 720 688 opera
741 644 925 684 tuentium3
955 648 993 676 ut
1006 643 1210 690 ‚recentioris
1240 642 1373 676 scholae
1403 643 1535 677 Italicae
1557 642 1711 686 dogmata
1727 667 1737 684 ,
1770 643 1812 676 de

335 700 603 742 stimulantibus,
637 705 669 733 et
694 698 1078 741 contrastimulantibus,
1110 704 1144 732 et
1166 699 1431 732 recentissimam
1455 699 1667 741 Broussavii‚
1699 698 1811 732 famo-

333 758 456 792 sissimi
470 758 557 790 inter
578 756 690 788 Gallos
708 755 853 797 Medici,
876 754 1063 789 doctrinam
1080 754 1120 788 de
1139 754 1286 788 febribus
1305 755 1535 788 essentialibus
1548 760 1696 788 taceam:
1723 766 1810 799 quo-

334 824 412 847 rum
441 812 593 847 omnium
616 812 737 855 placita
769 810 856 845 inter
886 821 922 845 se
956 812 1001 845 ita
1021 815 1187 854 pugnant,
1219 815 1255 843 ut
1281 811 1371 854 quod
1396 810 1454 843 liic
1474 812 1518 845 ad
1543 817 1682 845 naturae
1696 835 1706 853 ,
1738 817 1809 845 tam

332 880 456 912 sanae,
480 879 583 913 quam
610 869 808 912 aegrotantis
828 867 1062 912 phaenomena
1085 866 1281 910 explicanda
1304 867 1481 910 excogitet,
1504 868 1555 902 vel
1581 867 1624 900 ad
1646 867 1810 909 eandem,

331 925 458 958 morbis
482 934 678 968 oppressam
702 923 930 967 opitulandam
956 924 1085 964 laudet,
1116 923 1181 956 hoc
1210 922 1274 955 ille
1297 932 1414 966 aegrae
1440 923 1563 955 mentis
1591 922 1722 956 somnia
1744 923 1811 956 ha-

330 981 429 1024 beat,
453 986 486 1014 et
515 986 653 1024 uterque
680 970 946 1015 adversariorum
961 979 1117 1014 methodo
1138 979 1322 1023 practicae,
1346 975 1374 1010 si
1402 986 1471 1010 non
1493 974 1720 1020 ignorantiae,
1743 977 1810 1012 im-

330 1037 513 1073 becillitatis
539 1042 626 1070 certe
647 1035 774 1070 famam
797 1037 922 1070 inurat.

376 1095 506 1136 Miror,
529 1093 558 1126 si
580 1103 733 1128 summus
753 1094 874 1127 Noster
895 1092 1139 1133 Boerhaevius‚
1162 1101 1206 1125 ex
1226 1089 1324 1124 beata
1340 1087 1496 1124 coelitum
1513 1089 1592 1122 sede
1614 1089 1657 1123 ad
1673 1098 1736 1125 nos
1753 1099 1812 1126 re-

330 1153 405 1186 dotat
419 1176 429 1194 ,
453 1156 486 1183 et
506 1150 571 1182 fata
585 1174 595 1191 ,
618 1161 704 1191 quoe
734 1150 898 1181 Medicina
922 1151 999 1180 intio
1015 1147 1058 1180 ab
1081 1145 1175 1187 Qbitu
1190 1156 1251 1180 suo
1273 1156 1373 1190 passa
1399 1146 1480 1188 fuit,
1505 1151 1698 1190 cognoscat,
1720 1157 1809 1181 anne

326 1210 389 1250 eit,
413 1209 475 1251 qua
493 1210 566 1239 erat
583 1204 670 1245 veri,
695 1203 918 1247 simplicisque
935 1203 1165 1246 perspicientia
1189 1207 1222 1235 et
1243 1202 1535 1246 praejudicationis
1553 1203 1709 1245 horrore,
1732 1212 1811 1247 my-

330 1265 444 1299 riades*
451 1261 697 1301 inventionum,
712 1258 842 1303 <quibus
859 1259 1046 1301 Medicina,
1067 1264 1220 1302 artesque
1232 1283 1242 1299 ‚
1264 1264 1298 1291 et
1313 1258 1496 1299 scientiae,
1517 1270 1604 1301 cfuae
1621 1259 1810 1291 Medicinae

331 1321 472 1354 cultores
485 1323 623 1358 ornant,
642 1316 764 1349 ditatae
777 1314 932 1357 fuerunt,
956 1326 1024 1348 non
1039 1325 1171 1358 semper
1193 1315 1272 1347 artis
1290 1314 1468 1358 pomaeriis
1488 1312 1724 1356 extendendis,
1748 1308 1809 1348 sed

330 1380 400 1421 vjiis
416 1376 513 1413 horto
528 1374 608 1408 loliis
618 1399 627 1415 ‚
652 1379 683 1406 et
699 1372 841 1406 dumetis
856 1371 1110 1415 conspurcando
1126 1371 1313 1405 inserviisse
1328 1369 1596 1414 indignabundus
1612 1370 1806 1414 proclamet!

371 1432 439 1466 Sed>
460 1431 650 1465 consolatur
675 1439 756 1471 nos,
781 1434 813 1461 et
830 1428 1014 1461 demissum
1037 1427 1189 1462 animum
1214 1427 1306 1470 erigit
1327 1425 1451 1459 blanda
1478 1427 1647 1470 cogitatIO,
1670 1427 1705 1460 in
1731 1429 1809 1460 Me-

329 1490 461 1531 dicina,
493 1497 596 1530 aeque
621 1497 661 1519 ac
685 1486 721 1518 in'
749 1485 820 1518 aliis
853 1483 1053 1528 disciplinis,
1084 1483 1286 1527 experientia
1310 1492 1383 1515 esse
1409 1482 1686 1527 comprobatum,
1719 1483 1817 1527 quod.

330 1556 463 1579 necesse
485 1545 546 1584 sit,
569 1543 735 1575 doctrinas
751 1541 934 1587 haereticas
954 1540 1118 1582 suboriri,
1143 1545 1180 1573 ut
1202 1539 1343 1573 veritas
1372 1539 1548 1572 elucescat.

371 1603 510 1634 Hancce
527 1597 723 1632 veritatem
736 1607 895 1641 quaerere
909 1621 919 1638 ,
943 1595 1157 1638 investigare,
1180 1600 1337 1627 naturam
1351 1593 1507 1626 methodo
1526 1594 1688 1627 Socratica
1700 1595 1807 1629 inter-·

329 1666 444 1701 rogare
454 1680 464 1697 ,
481 1655 652 1688 inventam
661 1656 809 1685 Naturae
826 1654 915 1685 viam
930 1651 1067 1685 fideliter
1085 1650 1283 1694 sequi3-
1293 1648 1395 1684 verbo
1407 1673 1416 1690 ,
1435 1650 1711 1692 Hippocraticum
1727 1653 1806 1685 Me-

329 1715 457 1747 dicinae
482 1710 629 1743 studium
657 1709 843 1742 instaurare
857 1732 867 1749 ,
890 1712 922 1740 et
945 1707 1109 1740 indefesso
1136 1706 1248 1740 labore
1269 1706 1374 1746 tueri,
1407 1705 1449 1737 ab
1474 1706 1567 1739 omni
1589 1715 1670 1740 aevo
1695 1710 1805 1741 conati

327 1772 463 1803 filerunt
486 1776 624 1807 omnes,
649 1765 705 1808 qui
728 1773 806 1797 cum
829 1763 1033 1799 Boerhaevio
1057 1768 1170 1797 nostro
1191 1763 1226 1796 in
1256 1758 1464 1805 simplicitate
1488 1762 1627 1805 sigillum
1661 1765 1730 1797 veri
1751 1764 1807 1798 in-

328 1826 439 1861 venire
465 1823 672 1856 studuerunt.

371 1884 475 1915 Hanc*
493 1880 582 1915 viam
607 1878 744 1923 ingressi
760 1890 770 1920 ,
794 1882 953 1922 quotquot
980 1881 1000 1909 a·
1019 1875 1223 1910 Eocrhaevio
1240 1874 1283 1907 ad
1311 1878 1460 1907 nostram
1483 1881 1589 1918 usque
1607 1882 1749 1911 aetatem
1766 1880 1801 1913 in

327 1939 393 1972 hac
414 1936 591 1970 Academia
614 1935 818 1968 Medic-inani
842 1940 914 1967 tum
933 1933 1187 1974 Theoreticam‚
1211 1937 1284 1965 tum
1307 1929 1495 1963 Praeticam
1515 1932 1641 1976 magnis
1665 1943 1803 1969 succes-

329 1996 421 2029 sibus
444 1994 638 2028 docuerunt.

367 2054 402 2089 ,V
404 2051 478 2095 ivit,
502 2056 535 2085 et
548 2054 719 2084 aeternum
733 2049 818 2083 vivet
835 2048 869 2081 in
888 2045 1040 2081 omnium
1053 2048 1224 2080 Bonorum
1241 2053 1317 2086 ore,
1342 2048 1372 2076 et
1392 2044 1521 2086 auimo,
1538 2043 1660 2080 Gaubii
1670 2071 1680 2089 ,
1704 2055 1801 2081 sum:

1756 2115 1802 2138 nu
