1919 2511
705 132 906 176 (Q=)
1516 132 1540 166 ’5

75 229 215 274 demque
244 235 287 262 ex
311 228 404 262 Italia
426 227 636 271 potissimum
659 227 695 260 in
717 227 806 260 alias>
821 227 969 270 regiones
993 229 1189 269 Europaeas
1208 226 1386 267 translata,
1409 226 1534 259 factum

75 291 145 328 est,
170 291 206 318 ut
228 286 424 329 Theologiae
447 295 577 328 quoque
599 294 701 327 aeque
729 294 770 316 ac
793 282 1027 326 Philosophiae
1051 282 1160 315 studia
1184 281 1462 323 emendarentur,
1482 288 1532 324 et,

75 343 205 375 Literas
233 343 359 385 utrique
385 341 574 384 praelucere
597 341 782 383 etpraeire
806 344 980 382 oportere,
1007 350 1108 372 nemo
1132 349 1201 371 non
1227 338 1391 371 erectioris
1417 337 1539 381 ingenii

76 390 272 442 intelligeret.
319 398 521 431 Imminutus
546 401 595 428 est
620 395 662 428 ab
691 407 730 428 eo
756 402 905 439 ternpore
926 395 1123 439 Theologiae
1150 397 1336 427 Doctorum
1356 404 1535 434 numerus;

74 455 279 488 increscente
302 465 380 489 vero
402 455 438 487 in
461 452 531 486 dies
555 454 727 485 literarum
745 457 896 486 veterum
923 451 1031 484 studio
1056 457 1154 494 atque
1180 451 1420 483 existimatione
1433 475 1443 493 ,
1464 451 1537 485 illo·

75 521 152 544 rum
177 517 275 544 aucta
294 516 344 544 est
366 510 609 543 commendatio
632 515 664 541 et
682 508 795 550 fama,
816 509 872 552 qui
894 518 957 541 suo
981 508 1024 541 ad
1046 508 1136 541 hunc
1155 506 1290 540 honoris
1308 508 1448 551 gradum
1463 519 1538 541 me-

74 568 137 600 rito
163 566 434 611 proveherentur.
495 567 702 599 Exstiterunt
732 565 809 598 inde
837 576 856 598 a
890 565 1020 598 saeculo
1052 564 1183 597 decimo
1213 569 1305 596 sexto
1338 564 1537 607 Theologiae

76 625 256 665 Doctores,
290 624 347 667 qui
367 621 404 656 in
424 623 546 666 judicio
577 622 617 655 de
637 621 736 655 rebus
758 621 875 656 divinis
901 632 921 654 a
943 621 1083 654 decretis
1109 620 1265 652 humanis
1291 620 1434 663 pendere
1462 621 1539 653 nol-

76 680 164 722 lent,
186 686 218 712 et
234 691 252 713 e
277 682 378 714 Sacra
393 680 501 712 solum
518 679 689 722 Scriptura·
707 684 833 711 certam
850 688 967 710 earum
986 678 1160 710 scientiam
1176 677 1278 720 repeti
1294 687 1392 719 posse
1407 682 1537 709 statue-

75 741 169 777 rent,
191 737 227 769 in
248 735 368 779 quibus
391 747 457 780 quo
479 737 615 780 quisque
639 736 759 768 Literis
778 735 882 778 magis
900 733 1021 767 tinctus
1044 739 1142 776 atque
1166 734 1316 766 excultus
1336 738 1427 775 erat,
1448 739 1540 767 tanto

75 793 193 825 melius
210 792 429 836 perspiciebat
439 817 448 834 ‚
468 793 662 835 praecipuas
678 789 876 834 Theologiae
888 794 1075 824 Doctorum
1092 795 1203 832 partes
1216 790 1251 822 in
1269 789 1396 822 erudita
1412 795 1443 822 et
1454 789 1541 823 libe-

77 849 138 882 rali
163 850 362 892 scriptorum
388 846 575 882 divinorum
597 847 864 889 interpretatione
886 846 1058 890 ponendas
1081 856 1167 878 esse.
1217 846 1300 888 Sed,
1326 851 1362 878 ut
1388 852 1466 879 sunt
1487 857 1540 880 res

76 903 264 946 humanae,
287 903 438 937 nonnulli
464 914 584 947 magna
609 902 698 946 apud
726 902 805 934 alios
832 904 1026 935 auctoritate
1048 904 1215 943 valentes,
1237 903 1291 935 illo
1312 902 1385 946 ipso
1410 906 1541 939 saeculo

77 965 219 1003 etpost,
247 961 356 993 lucem
377 960 510 992 allatam
532 959 626 1002 parvi
650 958 820 999 fecerunt,
853 958 896 991 ad
926 960 1189 992 Grammaticam
1214 965 1302 992 certe
1327 966 1359 992 et
1385 960 1542 995 Criticam

76 1025 250 1048 sacrorum
273 1026 376 1060 aeque
397 1015 560 1048 librorum
583 1020 681 1058 atque
705 1014 932 1047 humanorum
954 1016 1182 1048 tractationem
1201 1015 1481 1060 haudquaquam,
1504 1024 1542 1051 ut

76 1072 271 1115 oportebat,
294 1071 527 1105 adhibuerunt.
573 1074 723 1105 Fuerunt
741 1071 777 1105 in
793 1073 910 1116 Anglia
921 1097 931 1114 ‚
947 1073 1096 1106 Helvetia
1107 1097 1116 1114 ,
1141 1073 1321 1105 Germania
1332 1098 1342 1114 ,
1368 1079 1400 1106 et
1418 1072 1453 1106 in
1468 1075 1540 1107 Bel-

74 1129 153 1172 gicis
180 1138 311 1172 quoque
338 1128 544 1172 regionibus,
575 1129 631 1172 qui
660 1129 770 1162 titulos
799 1128 998 1173 Theologiae
1030 1130 1266 1172 Magistrorum
1290 1132 1541 1174 Doctorumque

75 1186 237 1218 Ministris
256 1186 423 1219 Ecclesiae
441 1183 579 1217 minime
595 1196 774 1229 congruere
795 1176 982 1218 dictitarent
994 1210 1004 1226 ‚
1027 1185 1136 1228 inepte
1153 1187 1197 1218 illi
1216 1187 1375 1219 nonnulla
1394 1188 1543 1231 supremi

77 1251 118 1274 ac
139 1249 215 1276 vere
233 1240 334 1275 divini
352 1242 505 1274 Doctoris
520 1244 620 1283 Jesu‚
644 1242 684 1274 de
700 1243 776 1274 Uno
800 1248 932 1275 tantum
954 1242 1160 1285 agnoscendo
1184 1243 1364 1285 Magistro,
1387 1243 1484 1276 effata
1505 1243 1541 1278 in

74 1296 164 1331 hanc
189 1299 387 1330 sententiam
413 1297 653 1342 detorquentes.
698 1302 852 1341 Quorum
875 1304 989 1331 tamen
1012 1299 1231 1331 sermunculis
1251 1300 1402 1332 nonnulli
1426 1310 1543 1334 sacro-

76 1362 154 1388 rum
176 1355 350 1387 Antistites
375 1360 507 1387 tantum
529 1354 737 1397 tribuerunt,
767 1361 802 1388 ut
829 1356 864 1388 in
890 1355 961 1387 aliis
988 1354 1153 1387 honorum
1179 1355 1278 1387 titulis
1306 1355 1399 1389 facile
1425 1357 1542 1400 acqui-

75 1416 233 1443 escerent.
288 1412 403 1454 Neque
431 1410 631 1452 defuerunt,
662 1412 719 1454 qui
747 1410 799 1443 his
825 1417 857 1443 et
889 1410 1050 1443 similibus
1079 1416 1263 1443 contemtae
1292 1417 1324 1443 et
1349 1422 1410 1454 pro
1438 1412 1540 1446 nihilo

76 1465 195 1498 ductae
224 1466 416 1499 eruditionis
439 1467 668 1509 integumentis
693 1467 892 1509 singularem
913 1467 1081 1510 quandam
1104 1466 1302 1499 modestiam
1325 1473 1357 1499 et
1378 1467 1540 1501 sanctita-

75 1527 143 1554 tem
160 1526 402 1563 praetexerent.
447 1521 512 1554 Sed
533 1521 597 1554 hos
619 1534 710 1555 nunc
732 1523 915 1555 mittamus.
960 1522 1012 1555 Ad
1037 1533 1112 1555 eam
1135 1533 1213 1556 vero
1234 1525 1435 1556 Doctoratus
1457 1536 1539 1558 con-

76 1577 233 1620 sequendi
253 1578 416 1609 rationem
442 1578 531 1620 quod
553 1577 731 1620 attinebat,
755 1590 840 1622 quae
861 1578 952 1610 fieret
972 1580 1068 1610 More
1088 1580 1276 1620 Majorum,
1301 1579 1383 1612 aliae
1407 1582 1540 1614 rarioris

76 1634 147 1675 ejus
167 1643 249 1665 usus
271 1639 483 1666 accesserunt
505 1645 635 1682 causac.
681 1637 733 1667 Ex
750 1634 869 1678 quibus
885 1634 974 1667 hanc
996 1645 1073 1667 cum
1091 1633 1323 1678 Philosophica
1346 1639 1541 1678 praesertim

78 1690 248 1722 Facultate
273 1700 486 1723 communem
513 1690 628 1724 habuit
655 1690 870 1735 Theologica,
901 1691 989 1734 quod
1014 1690 1121 1733 hujusv
1140 1692 1225 1723 tanti
1245 1691 1381 1724 honoris
1408 1694 1443 1726 in
1465 1704 1540 1736 eos,

80 1744 200 1790 quibus
228 1747 363 1779 collatus
391 1752 498 1789 esset,
528 1748 664 1791 exiguus
691 1753 806 1790 postea
828 1747 1075 1783 redundaturus
1099 1758 1170 1780 esse
1199 1748 1363 1781 videretur
1391 1748 1539 1793 fructus,

79 1807 128 1844 et,
150 1802 261 1845 quod,
281 1802 338 1846 qui
354 1801 478 1847 aliquid
495 1804 591 1836 altius
606 1803 791 1846 spirarent,
812 1805 1022 1837 necessarios
1035 1805 1074 1837 in*
1091 1815 1166 1837 eain
1181 1815 1253 1837 rem
1269 1811 1399 1837 sumtus
1415 1806 1542 1849 impen-

81 1857 158 1890 dere
183 1858 325 1900 nollent‚
346 1859 396 1893 vel
418 1859 457 1891 iis
475 1858 634 1893 faciendis
658 1860 803 1903 impares
830 1865 958 1892 essent.'
994 1863 1038 1892 Et
1063 1866 1161 1894 tanto:
1185 1862 1288 1905 magis
1305 1861 1444 1894 fortasse
1465 1863 1537 1905 quis

78 1913 243 1955 miretur,
272 1913 337 1947 hoc
356 1914 484 1948 solenni
505 1916 559 1948 die
577 1927 618 1949 ex
637 1917 759 1949 nostris
780 1928 849 1949 non
875 1927 981 1948 unum
1004 1917 1127 1958 modo,
1147 1917 1207 1949 sed
1233 1923 1299 1949 tres
1322 1918 1357 1950 in
1381 1918 1542 1951 nobilium

78 1969 210 2003 illorum
225 1970 424 2004 Academiae
442 1971 563 2007 civium
578 1983 650 2005 esse
668 1983 808 2005 numero
817 1997 833 2014 ,,
845 1973 900 2015 qui
921 1973 1077 2016 singulari
1094 1974 1148 2006 illo
1166 1973 1292 2006 honore
1309 1974 1449 2017 augendi
1464 1973 1543 2007 sint.

78 2027 124 2059 Et
143 2036 219 2060 vero
243 2027 353 2069 plures
376 2028 493 2060 eodem
514 2028 605 2062 haud
624 2028 749 2072 indigni
770 2030 804 2061 in
828 2027 1001 2072 publicum
1021 2030 1154 2072 prodire
1177 2035 1367 2072 potuerant..

120 2084 185 2114 Est
208 2083 368 2116 nimirum
385 2084 581 2129 Theologiae
607 2085 831 2120 studiosorum
854 2096 896 2117 ea
919 2084 984 2118 hoc
1006 2091 1153 2130 tempore
1174 2079 1270 2129 laus-,i
1291 2091 1329 2118 ut
1349 2097 1418 2120 non
1441 2087 1540 2130 pauci

867 2143 898 2174 A
920 2144 944 2174 5-
1490 2143 1544 2175 in-
