1919 2511
350 106 581 139 RESPONsto
608 110 652 136 AB
680 103 991 145 QUAESTIONEM
1020 103 1369 139 THEOLOGTQAMa
1571 112 1624 142 15.

122 191 258 227 Denique
283 190 524 220 Hildeshemense
548 188 753 227 episcopium,
781 187 940 225 imperante
963 187 1124 221 Ludovico,
1144 188 1237 225 Pio,.,
1250 196 1332 218 essen.
1342 188 1514 226 fundatum,
1543 194 1608 219 cer·

81 243 191 273 tissime
212 249 326 273 constat
347 241 431 281 (ι).

115 294 162 323 De
184 294 341 331 episcopiis
359 294 428 323 haec
454 292 569 329 quidem
589 291 743 322 sufficiant.
784 291 866 321 Num
887 292 1090 330 episcoporum
1115 299 1246 330 potestas
1271 292 1307 322 ad
1328 300 1372 322 res
1392 292 1498 322 *civiles
1526 300 1600 328 quo-

75 354 135 383 que
155 345 350 384 pertinuerit,
379 344 436 375 viri
460 344 541 374 docti
565 343 641 374 inter
663 351 695 373 se
709 343 897 374 dissentiunt.
943 344 1088 381 Equidem
1115 344 1157 374 in,
1173 344 1327 373 Schrockii
1358 349 1453 381 partes
1475 342 1596 379 potissi-

75 405 151 427 mum
177 398 293 434 abeam,
330 405 388 426 rem
420 394 551 433 negantis
578 395 669 434 (2),
699 403 783 431 quam
816 397 989 426 affirmarunt
1015 396 1188 427 Sciratenius
1209 397 1297 435 (3),
1322 394 1478 425 Crantzius
1501 393 1592 432 (4),

74 448 266 485 Spanhemius
286 449 368 485 (5).
408 448 484 477 Nam
510 453 710 485 praeterquam
741 449 820 484 quod
843 457 908 478 cum
933 449 984 478 illo
1003 448 1098 478 facere
1119 448 1305 478 conditiones
1331 446 1411 484 pacis
1430 446 1588 480 suadeant,

74 508 145 536 quas
176 508 262 536 supra
289 499 501 535 enarravimus,
531 500 610 528 nulla
639 507 757 536 quoque
788 499 891 529 horum
916 500 1073 530 sententiae
1099 499 1204 529 indicia
1231 499 1263 529 in
1293 497 1499 534 diplomatibus
1524 496 1592 525 Bre-

73 550 180 579 mensis
205 558 255 581 aut
283 552 440 581 Verdensis
471 551 614 589 episcopii
642 552 860 588 reperiuntur..
889 552 996 588 Neque
1015 551 1098 581 etiam
1127 550 1269 589 eJ'usmodi
1289 549 1411 586 imperio
1439 547 1586 584 episcopis

71 603 274 636 concedendo,
292 604 416 633 Carolus
431 603 587 640 prudenter
605 612 663 632 rem
676 612 755 632 suam
775 603 892 641 egisset.
934 603 1064 633 Saxones
1081 602 1155 632 enim
1173 601 1328 639 episcopos
1347 598 1500 636 praecipue
1518 598 1584 626 odio

69 654 212 684 habebant
232 655 316 693 (6).
361 655 467 691 Neque
491 654 628 684 mirum..
657 653 772 683 Horum
801 654 875 684 enim
908 654 991 684 etiam
1013 655 1056 684 in.
1075 653 1164 683 sacris
1187 658 1318 690 potestas
1343 651 1436 688 gentis
1463 649 1603 687 nocebat

67 705 212 742 libertati,
241 707 361 743 ejusque
393 705 539 743 regiminis
567 705 677 735 formae
711 705 822 735 ruinam
854 706 957 736 minari
989 705 1141 736 videbatur
1170 705 1253 742 (7).
1301 703 1382 742 Quas
1408 702 1445 731 ob
1471 709 1585 730 caussas

67 756 301 794 Osnabrugensis
331 757 467 787 ecclesiae
490 757 640 794 deloma‚
661 756 762 786 favens
789 756 936 794 episcopis
957 757 1044 795 (8),
1066 755 1221 786 manifesto
1245 751 1585 790 laboratffinterpolatio·

66 815 125 844 ne,
147 810 204 845 qua
229 809 263 837 ab
289 808 362 846 ipsis
386 808 510 837 fortasse
536 807 698 838 antistibus,
717 807 858 838 infectum
886 816 949 846 est,
972 817 1007 838 eo
1028 808 1176 846 consilio,
1197 813 1232 837 ut
1250 806 1403 844 imperium
1424 814 1509 836 suum
1526 810 1584 834 sta-
1605 822 1608 823 ν

67 860 183 891 bilirent
209 867 295 898 atque
321 861 483 891 dilatarent.

103 963 134 999 §.
166 969 198 999 5.
250 961 296 992 De
316 963 428 992 ratione
445 961 506 1000 qud
524 962 645 992 Carolus
664 961 801 999 Magnus.
813 961 956 996 voluerit,
975 966 1012 989 ut
1025 958 1181 989 sacerdotes
1201 957 1380 994 Saxom‘bus,
1403 956 1553 987 Christian

189 1014 234 1042 nis
249 1013 343 1050 factis
357 1035 368 1050 ,
396 1020 558 1043 uterentur.
595 1014 643 1043 De
662 1015 749 1051 ipsius
777 1021 849 1049 erga
867 1012 930 1041 illos
953 1011 1135 1040 humanitate
1151 1016 1179 1038 et
1203 1008 1365 1038 elementia.
1408 1008 1455 1039 De

194 1057 198 1059 ’
379 1066 604 1104 capitulatione,
624 1074 697 1103 quae
721 1063 851 1101 dicitur,
880 1063 914 1092 de
933 1061 1069 1103 partibas
1093 1061 1250 1091 Saxoniae.

94 1168 143 1197 Ex
165 1165 251 1196 dictis
277 1166 346 1197 satis
367 1167 521 1205 apparuit,
554 1167 693 1197 Carolum
720 1166 862 1204 Magnum
885 1173 1068 1202 nequaquam
1093 1163 1250 1200 imparatos
1274 1161 1428 1199 reliquisse
1449 1161 1578 1192 Saxones

56 1228 72 1248 a
95 1218 291 1255 doctoribus,
314 1219 366 1255 qui
394 1219 508 1248 Christi
531 1219 692 1249 doctrinam
712 1226 778 1247 cum
795 1217 831 1246 iis
852 1216 1118 1250 communicarent,
1137 1214 1267 1251 adeoque
1290 1213 1435 1243 conditam
1458 1213 1577 1250 religio·

57 1278 122 1299 nem
152 1278 358 1301 conservarent
378 1280 411 1301 ac
436 1277 603 1301 tuerentur.
649 1269 753 1307 Magni
775 1275 869 1298 autem
895 1268 970 1297 scire
993 1268 1133 1303 interest,
1161 1274 1231 1297 num
1255 1264 1342 1294 huius
1365 1264 1571 1301 praedicandae

53 1321 191 1350 rationem
218 1323 416 1352 sacerdotibus
439 1324 525 1359 plane
550 1320 736 1359 permiserit,
766 1329 801 1350 an
824 1328 892 1350 vero
923 1319 1106 1356 gravissimae
1130 1318 1192 1356 ejus
1210 1317 1252 1346 rei
1273 1324 1371 1345 curam
1390 1315 1473 1344 etiam
1489 1322 1572 1351 post-

25 1373 27 1375 ’
55 1372 173 1410 earipse
197 1373 328 1410 gesserit.
370 1373 460 1411 Quod
483 1374 598 1410 quidem
633 1374 769 1403 affirmare
792 1373 823 1400 in
845 1378 964 1407 promtu
995 1377 1050 1400 est.
1100 1369 1178 1398 Nam
1201 1368 1328 1405 primum
1357 1367 1420 1404 ipse
1450 1367 1572 1404 pontifi-

56 1432 116 1454 cem
141 1425 297 1454 maximum
317 1424 486 1461 consuluit,
510 1425 568 1461 qua
590 1424 701 1454 rarione
726 1426 846 1460 lapsos,
877 1424 928 1452 sed
949 1422 1129 1460 poenitentia
1154 1421 1281 1457 ductos,
1303 1419 1432 1449 Saxones
1455 1419 1570 1449 tractari

52 1477 180 1513 placeret
200 1477 283 1514 (9).
321 1476 435 1508 Deinde
449 1477 633 1515 accepimus,
656 1486 721 1508 eum
745 1475 856 1505 hortari
873 1474 1014 1505 antistites
1041 1473 1228 1503 consuevisse
1241 1493 1253 1509 ,
1274 1477 1307 1500 ut
1330 1472 1416 1500 rudes
1436 1478 1565 1506 asperas-

36 1533 110 1563 ‘que
144 1535 254 1557 mentes
287 1528 440 1558 severitate
470 1529 529 1558 leni
559 1529 681 1565 quadam
713 1537 799 1566 atque
832 1530 951 1566 paterna
978 1528 1165 1565 mitigarent,
1195 1525 1299 1556 etenim
1326 1533 1429 1562 cogere
1461 1533 1511 1554 eos
1536 1533 1568 1554 ac

0 1587 1 1590 ¹
52 1577 182 1616 frangere
211 1580 408 1609 difficillimum
434 1589 497 1610 esse
521 1580 672 1612 futurum:
705 1591 737 1611 se
762 1582 897 1612 videlicet
921 1589 981 1611 non
1007 1579 1139 1609 fortunas
1166 1587 1267 1608 eorum
1298 1585 1434 1614 quaerere
1457 1583 1505 1605 aut
1532 1577 1568 1605 li-

0 1669 2 1722 l

1 1807 4 1865 l

52 1630 208 1667 bertatem,
230 1632 281 1660 sed
306 1633 438 1661 excultos
464 1633 581 1662 reddere
597 1633 729 1670 animos,
758 1640 944 1669 aeternaeque
960 1634 1061 1661 salutis
1084 1639 1203 1668 capaces
1226 1630 1327 1668 (10).
1370 1629 1500 1666 Quarum
1516 1629 1565 1657 ad-

51 1682 239 1713 monitionum
265 1683 393 1720 placidus
420 1684 565 1722 spiritus,
588 1694 620 1715 ac
649 1695 732 1716 verae
748 1686 874 1716 caritatis
893 1683 1074 1715 Christianae
1095 1681 1283 1721 plenissimus
1297 1701 1308 1719 ,
1330 1690 1389 1711 non
1416 1687 1483 1718 apte
1501 1679 1566 1717 qui-

1503 1732 1568 1763 dem
1593 1754 1594 1757 ,

86 1814 150 1848 (1)
169 1815 228 1842 Vid.
246 1816 372 1843 Chronic.
391 1819 443 1849 Ep.
462 1819 624 1846 Hildeshem.
642 1828 684 1854 ap.
701 1820 831 1846 LeibnitZ.
857 1821 875 1847 1.
891 1821 910 1847 l.
936 1826 954 1846 t.
969 1819 991 1846 Ι.
1014 1827 1043 1852 p.
1055 1826 1115 1853 472.

85 1860 152 1897 (Β)
176 1863 195 1890 l·
213 1863 230 1889 l.
256 1870 284 1895 P·
305 1863 373 1896 234,
391 1864 450 1896 285.
619 1862 690 1898 (3)
714 1865 733 1893 l.
751 1866 769 1892 l.
796 1867 814 1893 l.
831 1865 914 1893 VIII.
939 1874 967 1899 p.
984 1870 1053 1898 523,
1072 1871 1131 1897 524.

85 1907 147 1942 (4)
166 1910 207 1935 De
232 1909 392 1942 Metropoli,
411 1911 436 1935 in
453 1912 572 1943 prooem.
776 1910 932 1947 (5),Hist.
951 1913 1019 1938 eccl.
1039 1919 1104 1945 opp.
1130 1917 1149 1937 t.
1163 1910 1184 1936 1.
1204 1918 1231 1943 p.
1247 1909 1328 1941 1261,
1350 1910 1425 1935 1262.

85 1953 152 1988 (6³
170 1956 234 1981 Vita
251 1956 356 1983 Willeh.
374 1957 460 1984 Brem.
478 1958 508 1984 ab
528 1958 626 1985 Ansch.
644 1959 813 1992 conscripta,
840 1967 866 1986 e.
883 1961 908 1987 8.

83 1999 149 2036 (7)
167 2003 227 2030 Vid.
245 2003 352 2035 Moser,
371 2011 399 2036 p.
415 2011 484 2039 2715,
503 2012 562 2039 273.
580 2011 636 2034 not.
654 2007 682 2034 b.
819 2006 885 2041 (8)
904 2005 965 2032 vid.
983 2006 1149 2032 Monument.
1169 2003 1280 2030 Paderb.
1298 2011 1327 2036 p.
1341 2008 1403 2035 325.

86 2048 149 2085 (9)
168 2052 218 2085 Ep.
235 2051 266 2078 ad
284 2051 362 2079 Hadr.
378 2061 406 2086 p.
420 2060 455 2081 ιιι.
472 2059 513 2086 25.
532 2061 573 2086 ap.
590 2054 678 2087 Bouq.
695 2061 723 2087 p.
739 2053 800 2088 568.
933 2049 1015 2087 (ιο)
1035 2050 1081 2078 Cf.
1097 2050 1200 2078 Fabric.
1218 2050 1236 2077 1.
1252 2051 1270 2077 l.
1288 2055 1310 2076 t.
1324 2049 1369 2076 IV.
1388 2057 1416 2082 p.
1431 2048 1494 2082 428.
