1919 2511
673 130 1074 167 onA-''rro
1568 149 1610 180 ³5

134 227 270 262 redacta
299 227 366 261 sint
397 225 510 260 omnia
546 224 736 271 vegetabilia
750 251 761 269 ,
794 232 893 271 atque
919 225 968 259 sic
987 227 1051 268 iis,
1081 228 1137 271 qui
1158 228 1265 262 studio
1289 228 1442 263 boemico
1467 230 1605 265 incum-

127 280 244 326 bunt,
264 285 310 317 sit
334 283 700 317 accommodatissimus
726 283 863 323 hortu53
896 289 1009 316 tamen
1033 285 1072 330 in·
1094 295 1133 317 eo
1158 289 1285 318 tantam
1314 287 1508 328 elegantiam
1529 293 1607 321 tan·

135 346 275 386 tumque
292 346 453 374 *ornatum
480 341 643 374 mirantur
665 339 943 382 obambulantes.‚
969 345 1005 374 ut
1023 341 1061 373 in
1081 341 1171 384 ipsos
1189 341 1413 385 Hesperidum
1435 342 1548 379 hortos
1569 354 1604 377 se

136 398 296 442 migrasse
314 397 460 431 credant.

200 456 252 487 Ne
278 454 407 487 medico
438 459 496 487 aut
527 453 798 497 pharmaceutieo
821 453 1002 497 quidquam
1025 453 1152 486 deesset
1166 479 1174 495 ‚
1198 465 1305 498 neque
1333 453 1372 487 iis
1395 467 1529 489 necesse
1553 457 1606 493 fo«,

132 515 204 552 ret,
228 509 265 544 in
290 515 383 544 tanto
399 511 591 554 plantarum
619 520 759 542 numero
775 533 785 551 ,
809 509 944 542 sollicite
971 520 1026 543 eas
1049 520 1227 554 quaerere,
1251 522 1394 556 quarum
1418 514 1504 546 vires
1529 524 1606 546 me-

129 565 226 600 dicae
246 567 282 600 in
310 567 486 600 hominum
507 567 648 600 salutem
671 565 821 598 adhiberi
848 567 973 608 solent5
997 566 1061 600 hae
1078 578 1194 601 omnes
1214 568 1355 612 legitimo
1383 568 1518 613 ordine,
1543 580 1605 604 suo

133 624 292 667 peculiari
313 624 386 657 loco
400 648 410 666 ,
438 624 602 656 colu-ntur.

196 679 360 713 Calidaria
374 685 452 713 sunt
462 680 554 712 multi
557 678 693 723 piicata‚
705 682 799 716 novis
816 681 956 715 inventis
974 683 1111 716 consilio
1128 692 1189 715 suo
1207 683 1323 715 melius
1338 686 1600 721 accommodata.

128 735 311 780 'ropidaria
333 743 411 770 sunt
435 743 551 779 aucta,
581 738 794 782 ornatiusque
819 739 1002 781 instructa,
1032 740 1077 772 ita
1107 745 1144 772 ut
1172 740 1319 772 exoticae
1344 742 1497 785 plantae,
1521 754 1601 788 qua·

125 802 207 825 rum
227 792 325 837 'copia
343 793 468 827 ult-imis
493 794 544 826 his
569 793 687 835 annis,
721 799 790 825 tarn
825 804 904 826 cura
938 794 1118 828 Clarissimi
1148 808 1467 840 RssmwAnn‘ru,
1499 811 1601 843 quam

127 852 366 884 Botanicorum
394 852 540 894 plurium
561 875 572 892 ,
603 851 660 894 qui
697 848 887 882 rarissimas
924 850 1011 883 dono
1055 851 1216 884 dederunt
1247 853 1398 895 plantas,
1432 855 1601 900 insigniter

124 906 286 948 increvit,
309 906 365 940 hic
383 908 435 939 sui
454 905 597 939 climatis
614 907 758 939 calorem
778 907 949 940 inveniant
968 913 1002 939 et
1021 908 1103 940 laete
1129 914 1290 941 crescant.

191 964 369 996 Praeterea
392 963 515 996 ultimis
541 963 593 995 his
613 963 817 1006 temporibus
841 964 922 996 alter
942 962 1019 996 usui
1041 963 1253 997 oeconomico
1270 966 1372 998 rurali
1387 965 1596 1009 peculiariter

124 1017 308 1051 destinatus
334 1025 384 1052 est
410 1019 544 1062 hortem,
569 1030 634 1064 quo
657 1030 874 1063 quaecunque
894 1020 930 1053 in
956 1012 1057 1052 usum
1078 1031 1292 1054 communem
1309 1022 1447 1064 cedunt,
1471 1025 1522 1059 vel
1536 1036 1597 1058 ce-

126 1074 201 1108 dere
225 1082 365 1119 possunt
386 1077 539 1120 plantae,
564 1077 773 1110 excoluntur„

189 1134 240 1165 Ne
265 1131 461 1166 institutioni
483 1134 709 1167 Oeconomiae
728 1134 862 1167 Ruralis
886 1134 992 1167 ullum
1017 1134 1178 1167 auxilium
1201 1134 1349 1178 deesset,
1372 1137 1506 1182 insignis
1527 1141 1596 1182 jam

124 1195 256 1234 praesto
281 1195 330 1222 est
354 1190 500 1223 collectio
524 1191 823 1224 instrumentorum
842 1190 886 1224 ad
905 1201 1001 1235 agros
1016 1191 1192 1233 colendos,
1216 1193 1267 1226 vel
1291 1192 1334 1226 ad
1359 1204 1399 1226 ea
1418 1202 1596 1237 praestan-

119 1245 165 1279 da
177 1271 187 1288 ,
202 1245 322 1290 quibus
338 1248 374 1280 in
390 1247 456 1281 vita
474 1246 646 1280 communi
661 1257 775 1280 carere
786 1258 856 1280 non
871 1258 1061 1291 possumus.
1086 1250 1158 1281 Nec
1173 1253 1305 1281 tantum
1317 1251 1525 1293 propositum
1543 1258 1593 1287 est

117 1301 177 1335 hic
197 1309 329 1346 praesto
347 1303 491 1346 habere,
514 1315 600 1348 quae
622 1303 745 1337 nostris
770 1303 806 1337 in
830 1303 1020 1348 regionibus
1045 1304 1195 1338 adhiberi
1220 1306 1326 1339 solent
1347 1307 1590 1352 instrumenta,

116 1350 180 1392 sed
203 1365 237 1392 et
264 1371 348 1404 quae
375 1360 445 1393 aliis
473 1360 623 1404 gentibus
643 1361 679 1393 in
698 1371 762 1393 usu
782 1367 884 1403 sunt,
908 1367 966 1394 aut
984 1362 1077 1396 novis
1095 1360 1238 1395 inventis
1261 1361 1489 1406 perficiuntur.

185 1418 281 1458 Quae
294 1417 338 1450 ad
351 1416 529 1460 Physicam
549 1417 840 1460 experimentalem
860 1416 1025 1460 pertinent
1036 1418 1257 1449 instrumenta
1269 1442 1279 1458 ,
1305 1419 1470 1461 imprimis
1490 1422 1590 1455 etiam

118 1469 211 1503 hisce
231 1471 328 1504 annis
355 1478 527 1515 tantopere
543 1478 622 1505 sunt
641 1473 854 1514 multiplicata
877 1473 912 1505 in
928 1474 1021 1505 omni
1041 1472 1141 1515 hujus
1158 1472 1316 1507 scientiae
1332 1485 1450 1518 genere
1461 1500 1471 1518 ,
1496 1483 1533 1510 ut
1549 1479 1588 1511 iis

115 1536 162 1559 ne
181 1526 368 1560 aedificium
382 1528 514 1572 quidem
532 1539 591 1572 per
604 1538 640 1561 se
667 1529 747 1561 satis
764 1528 914 1571 amplum
932 1529 1096 1569 sufficiat;
1127 1528 1196 1562 imo
1219 1535 1292 1562 tum
1309 1530 1446 1563 demum
1469 1538 1587 1566 omnes

114 1581 181 1616 hae
190 1581 320 1616 divitiae
333 1582 370 1617 in
386 1585 499 1617 oculos
517 1585 688 1618 incurrent
700 1609 709 1626 ‚
732 1585 983 1628 quamprimum
999 1584 1064 1617 hoc
1080 1595 1169 1617 anno
1185 1584 1221 1618 in
1238 1587 1416 1620 novissime
1434 1594 1583 1624 exstruc-

116 1645 208 1682 turn,
230 1639 335 1685 magis
356 1642 540 1684 spatiosum
562 1646 595 1673 et
617 1640 850 1683 commodum,
873 1647 906 1674 et
920 1641 998 1674 huic
1015 1640 1152 1674 consilio
1173 1643 1467 1676 accommodatum
1490 1646 1583 1683 aedis

117 1694 231 1730 ficium
254 1697 414 1730 translata
437 1703 544 1730 erunt.
588 1698 661 1731 Nisi
683 1708 738 1729 me
766 1699 878 1730 omnia
900 1697 1036 1739 fallant,
1062 1702 1134 1730 tum
1166 1699 1277 1741 palam
1300 1698 1447 1742 patebit,
1478 1711 1584 1745 quan-

114 1757 167 1786 tos
197 1753 234 1786 in
274 1753 365 1787 hisce
398 1752 555 1787 doctrinis
590 1754 728 1787 fecerint
765 1764 957 1799 progressus
987 1765 1056 1787 non
1089 1759 1222 1788 tantum
1252 1756 1376 1798 exteri,
1401 1756 1460 1790 sed
1481 1757 1582 1793 etiam

111 1810 292 1852 praeclari,
315 1810 436 1854 quibu-s
460 1816 575 1845 nostra
594 1811 701 1854 patria
724 1809 899 1854 gloriatur,
923 1811 996 1845 viri.

177 1867 253 1901 Hac
277 1867 311 1900 in
323 1872 417 1910 parte
439 1868 495 1902 vix
521 1867 703 1912 quidquam
720 1866 977 1901 desiderandum
1001 1873 1169 1912 superest;
1203 1867 1376 1904 videamus
1405 1869 1446 1903 de
1465 1871 1579 1906 Astro-

108 1921 234 1956 nomia.

175 1978 451 2015 Observatorium
484 1986 593 2016 totum
626 1991 753 2017 novum
784 1979 901 2026 paucis
929 1981 1054 2016 abhinc
1082 1982 1179 2015 annis
1211 1987 1261 2016 est
1286 1983 1516 2029 aedificatum,
1543 1991 1576 2021 et

107 2033 203 2067 omni
226 2043 389 2079 apparatu
410 2038 454 2072 ad
475 2038 665 2072 docendum
687 2044 719 2072 et
735 2037 983 2072 observandum
1001 2037 1223 2083 copiosissime
1244 2037 1455 2074 instructum.

172 2093 263 2125 Inter
284 2091 370 2128 bene
394 2096 499 2129 multa
520 2096 647 2129 summi
672 2096 836 2129 momenti
857 2095 1076 2128 instrumenta
1089 2118 1099 2137 ,
1126 2095 1258 2139 gloriari
1281 2094 1377 2129 nobis
1404 2096 1478 2129 licet
1500 2098 1574 2130 exi-

890 2154 918 2185 Ο
1502 2154 1571 2188 mio
