1919 2511
402 116 633 150 RESPONSIO
661 126 704 149 AD
733 116 1048 158 QUAESTIONEM
1076 115 1354 151 LITERARIAM.
1593 125 1630 149 21

576 300 878 332 FABULA
954 300 1181 332 NONA.

706 397 784 417 SUS
819 397 870 416 ΕΤ
904 396 1065 419 CANIS..

416 476 532 513 Magna
549 474 672 504 invicem
689 476 866 504 contentione
883 480 1063 503 exarserant

411 527 482 564 Sus,
505 534 533 556 et
551 527 651 563 canis,
672 535 865 564 magnamque
882 534 945 555 voce
964 524 1087 554 dissonet

413 578 529 607 Rixam
550 578 684 613 ciebant,
704 583 791 614 atque
811 576 916 606 acerba
928 577 1052 614 jurgia.

418 628 548 658 Tandem
568 629 698 667 superbis
718 627 909 657 exacerbatus
928 629 1023 656 minis·

417 680 492 716 Sus,
509 687 565 718 per
584 680 723 710 Venerem
735 699 746 715 ,
766 680 831 715 ait,
852 681 878 708 si
897 680 968 708 miln'
984 680 1157 717 perrexeris

414 731 556 761 Molestus
577 740 653 766 esse,
673 720 756 759 den'te
774 735 805 758 te
821 728 1016 765 transfodero.

416 782 488 811 Tum
508 783 591 811 canis
610 783 723 810 amaris
742 780 850 810 salibus
869 787 1023 819 aspergens
1040 789 1137 809 suem:

412 832 507 869 Bene,
525 834 643 871 inqui-t,
664 837 752 871 atque
772 833 898 870 apposite
918 840 988 860 eam
999 830 1088 864 juras
1106 830 1202 860 Deam

420 882 511 924 ,Quae
531 890 560 912 te
580 883 641 913 odit
660 884 751 918 adm,
773 888 826 918 ut,
847 884 898 920 qui
918 892 954 911 ex
973 888 1029 910 tua
1045 883 1252 921 impurissima*

415 934 513 963 Carne
532 933 648 971 ederit,
672 943 735 963 eum
756 933 812 963 illa
832 939 937 962 arceat
956 932 1058 971 templo
1079 942 1137 964 suo.

420 984 510 1014 Immo
524 992 623 1024 potes,
645 993 695 1014 sur
709 985 828 1022 lnquit,
848 985 917 1013 hinc
935 984 1121 1022 dignoscere,

418 1035 519 1073 ,Quam
539 1035 648 1074 diligat
666 1045 710 1064 me
730 1035 833 1070 Diva,
853 1043 929 1073 quae
946 1035 1023 1063 hunc
1042 1037 1094 1073 qui
1115 1034 1239 1064 laeserit·

421 1086 495 1123 Me,
515 1089 621 1126 quique
639 1094 743 1115 carnes
761 1084 844 1114 dente
862 1086 985 1115 violarit
1005 1094 1102 1121 meas,

421 1138 500 1168 Eum
522 1144 556 1167 ut
571 1136 731 1177 profanum
753 1137 827 1166 nolit
846 1136 888 1165 ad
904 1145 932 1165 se
952 1136 1124 1166 admittere»

429 1238 565 1269 Prudens
585 1240 634 1268 νῖν
653 1247 708 1274 ea,
730 1246 806 1277 quae
825 1236 984 1276 exprobrat
1003 1235 1199 1267 adversarius*

429 1290 493 1328 Ipse
512 1292 546 1319 in
565 1297 648 1319 suam
669 1295 805 1327 torquere
824 1290 904 1318 novit
920 1287 1059 1326 gloriam.

178 1345 230 1373 Sus
253 1350 279 1373 et
304 1342 403 1372 Cam's.
446 1341 582 1371 Fabulam
602 1347 750 1370 mutuatus
768 1346 812 1369 est
831 1338 866 1368 ab
883 1338 1029 1375 Aesopica
1057 1338 1117 1368 fab.
1138 1339 1187 1369 68.
1220 1337 1249 1368 in
1266 1337 1347 1369 Coll'.
1365 1340 1448 1375 vulg.
1472 1339 1519 1368 cui
1539 1349 1657 1376 prorsus

138 1397 260 1427 similem
277 1395 362 1424 habet
382 1394 571 1432 Aphthonius
593 1394 734 1431 Sophista
750 1393 811 1423 No.
832 1393 880 1421 68.
908 1392 943 1421 ad
961 1399 1045 1428 quam
1062 1390 1125 1420 vid.
1142 1391 1228 1420 docta
1249 1389 1437 1427 Heusingerii
1452 1397 1520 1420 nota
1542 1392 1570 1420 in
1587 1392 1657 1421 edit.

140 1448 174 1476 de
197 1448 268 1476 Fur.
291 1455 346 1484 pag
374 1455 423 1484 73.
462 1446 509 1475 Ad
531 1446 711 1483 epimythion
734 1452 830 1475 tamen
857 1443 937 1479 quod
956 1442 1076 1475 attinet,
1098 1450 1183 1470 suum
1209 1440 1238 1469 in
1264 1449 1298 1470 eo
1318 1439 1463 1477 ingenium
1482 1448 1599 1469 secutus
1616 1449 1659 1469 est

139 1505 240 1527 noster
261 1504 367 1534 poeta,
395 1506 537 1534 monens,
565 1498 737 1534 prudentem
756 1496 849 1526 virum
867 1494 897 1523 in
918 1502 997 1522 suam
1015 1492 1166 1522 utilitatem
1187 1498 1215 1521 et
1235 1491 1355 1529 gloriam
1375 1500 1406 1520 ea
1431 1498 1566 1529 torquere
1586 1501 1657 1529 quae

140 1549 318 1578 adversarius
337 1549 511 1586 exprobrat,
534 1557 598 1577 cum
616 1548 727 1577 Graeca
744 1547 842 1576 fabula
861 1545 939 1574 istud
961 1545 996 1574 ad
1014 1545 1152 1573 Oratores
1176 1543 1341 1581 restringat.

178 1599 314 1629 Dissona.
355 1599 483 1636 Egregia
494 1608 553 1629 vox
570 1608 629 1628 non
647 1605 758 1628 tantum
776 1598 810 1626 de
831 1595 914 1633 porci
931 1595 1070 1633 grunnitu
1088 1601 1116 1624 et
1134 1596 1237 1624 latratu
1255 1595 1354 1634 canis,
1375 1596 1427 1624 sed
1449 1602 1477 1624 et
1495 1595 1529 1623 de
1552 1595 1660 1624 utrius-

144 1660 198 1688 que
210 1651 446 1688 exprobratione.
484 1651 595 1679 Rixam
611 1651 685 1679 ciere
699 1658 749 1686 sq.
772 1657 819 1678 vs.
840 1654 874 1678 ut
890 1647 968 1685 apud
985 1645 1090 1684 Venejv.
1103 1646 1216 1676 Patere.
1236 1644 1307 1676 Lib.
1327 1647 1352 1676 Γ.
1374 1654 1440 1682 cap.
1460 1653 1490 1675 2.
1511 1646 1561 1674 ubi
1577 1646 1658 1675 vitici·

141 1704 196 1732 viri
215 1702 307 1733 docti.

181 1754 296 1783 Salibus
311 1761 473 1792 aspergens.
514 1754 660 1790 Mae-ulis,
686 1753 814 1792 infamia
828 1753 952 1790 aliquem
970 1750 1140 1791 adspergere
1155 1749 1364 1781 bene-dicitur.
1404 1749 1452 1780 An
1469 1758 1538 1778 vero
1555 1749 1659 1778 salibus

143 1806 172 1836 id
202 1812 245 1834 est
264 1805 338 1842 jocis
356 1806 479 1842 aliquem
497 1805 667 1845 adspergere
690 1806 765 1835 bene
784 1805 917 1840 dicatur,
937 1803 1062 1834 dubitari
1081 1809 1193 1839 potest,
1233 1803 1268 1831 In
1286 1801 1474 1837 adspersione
1494 1801 1567 1830 enim
1585 1809 1664 1830 sem·

144 1865 196 1894 per
221 1855 410 1893 inteiligitur,
431 1862 465 1884 ut
487 1855 550 1892 ini,
574 1857 621 1885 cui
648 1856 757 1893 aliquid
783 1854 988 1892 adspergitur,
1008 1853 1038 1882 id
1062 1853 1229 1889 adhaereat;
1251 1852 1293 1881 sic
1322 1852 1412 1889 piscis
1437 1854 1495 1881 saIe
1516 1853 1664 1889 adspergi.

145 1915 212 1943 tur3
240 1907 316 1936 haud
340 1915 411 1936 vero
432 1907 507 1945 focis
530 1907 654 1943 aliquem
677 1907 894 1944 adspergimus‚
916 1912 948 1934 ut
971 1905 1032 1943 ioci
1053 1905 1223 1934 adhaereant
1243 1904 1306 1940 illi,
1327 1904 1379 1933 sed
1403 1911 1436 1933 ut
1452 1905 1487 1933 iis
1505 1912 1660 1941 pungatur.

146 1960 269 1988 Videtur
301 1958 389 1996 igitur
411 1959 536 1988 Faernus
561 1959 668 1988 salibus
694 1959 844 1988 notionem
871 1957 1009 1986 tribuisse
1040 1965 1100 1985 non
1135 1956 1304 1985 urbanitatis
1331 1955 1381 1984 sed
1408 1955 1658 1993 exprobrationis,

150 2019 221 2047 quae
245 2019 305 2040 non
332 2011 407 2040 cadit
433 2010 463 2040 in
490 2011 563 2039 hanc
591 2018 714 2047 vocem,
741 2009 798 2038 n'rsi
826 2016 966 2047 quatenus
990 2007 1098 2037 dictum
1124 2006 1162 2037 sit
1188 2007 1344 2037 acer-burne
1364 2006 1415 2035 sed
1438 2013 1466 2036 et
1486 2013 1545 2035 tum
1566 2013 1658 2035 tamen

149 2069 208 2090 non
227 2061 413 2099 conspergit,
435 2062 485 2091 sed
502 2061 626 2100 pungit,
648 2062 815 2092 transfodit.

901 2113 928 2143 C
949 2120 967 2150 3
1584 2108 1661 2137 Eam
