1919 2511
255 165 312 193 ³02
535 157 825 200 JOANNIS
884 157 1196 190 HERMANI
1252 157 1485 193 KROON

297 245 462 274 Solvet-etur
486 241 518 270 in
543 244 629 273 risus.
668 244 802 279 Propert.
822 240 891 272 Lib.
905 240 960 271 lv.
981 242 1054 278 eleg·
1072 250 1104 278 4.
1125 250 1170 274 vs.
1186 251 1236 280 ῃ.

544 293 684 323 Romulus
703 292 834 323 excubias
853 292 977 323 decrevit
994 295 1026 322 in
1044 295 1102 323 otia
1122 295 1209 332 solvi,

581 346 677 385 Atque
695 348 857 374 intermissa
875 352 975 375 castra
993 346 1076 374 silere
1095 346 1177 374 tuba.

256 400 307 428 nbi
337 404 413 427 recte
437 397 617 428 Burmannus
653 419 673 435 ,‚
689 398 758 428 solvi
779 400 810 426 in
832 400 910 435 otia,
938 398 1055 436 inquit,
1084 403 1112 427 et
1128 396 1264 435 gaudia,
1294 401 1335 426 est
1355 395 1440 435 genio
1467 395 1623 434 hilariter,
1643 398 1769 429 tristitia

257 470 278 487 aa
297 450 372 480 omni
389 454 506 484 amota,
533 448 717 486 ἰηαῙιιζξενε.η

293 501 414 529 Noxam
430 498 606 529 admittenti.
637 501 670 529 Id
691 507 752 537 est,
768 501 968 531 committenti.
999 500 1070 531 Liv.
1087 500 1159 529 Lib.
1176 499 1216 528 ΙΙ.
1236 507 1300 535 cap.
1316 506 1364 536 37.
1388 518 1408 536 „
1423 498 1492 528 Non
1506 505 1601 528 tamen
1617 499 1770 532 admissum

260 572 283 587 ς,
302 550 458 589 quidquam
475 550 512 579 ab
533 552 569 580 iis
587 553 772 581 criminatum
801 554 898 588 venio,
919 551 969 582 sed
981 559 1117 588 cautum,
1140 560 1174 580 ne
1197 549 1392 580 admittant.’'
1430 549 1507 580 Hinc
1525 550 1680 581 admissum
1698 553 1770 582 sub·

253 602 379 631 §tantive
401 610 455 638 pro
477 609 591 640 peccato
616 604 692 640 apud
717 603 784 633 Cic.
808 604 887 634 Part.
911 604 995 633 Orat.
1030 612 1094 641 cap.
1122 610 1171 640 35.
1219 601 1424 639 Epimythium
1455 609 1517 633 non
1537 603 1667 641 adjunxit
1688 604 1770 636 Faer-

253 662 335 690 nus,
357 652 436 690 quod
456 653 486 684 in
510 654 631 685 Graecis
652 657 709 685 tale
734 661 796 692 est,
816 654 885 684 illos
907 663 1033 692 quorum
1057 653 1231 692 improbitas
1249 660 1319 684 nota
1339 659 1405 691 est,
1424 653 1522 685 statim
1543 655 1684 693 dignosci.

959 758 1078 770 .ss

623 833 886 867 FABULA
940 834 1409 868 NONAGESIMA.

858 930 1165 953 MERCURIUS·

542 1007 727 1037 Mercurium
749 1008 785 1037 ab
805 1009 864 1038 alto
885 1009 962 1038 misit
981 1008 1046 1038 olim
1066 1007 1229 1047 Juppiter‚

544 1057 714 1092 Artificibus
733 1059 904 1089 medicamen
924 1065 957 1088 ut
976 1058 1117 1089 mendatii

538 1108 676 1137 .Misceret
687 1130 698 1145 ‚
717 1111 767 1139 ille
783 1110 937 1148 diligenter
954 1110 989 1139 id
1005 1117 1097 1139 terens

544 1159 596 1187 Ad
611 1162 793 1189 constitutum
812 1166 904 1189 mente
921 1166 1071 1187 mensurae
1088 1156 1223 1194 modum,

543 1209 729 1239 Circumtulit
739 1231 750 1247 ,
767 1217 934 1249 partemque
949 1210 1051 1247 cuique
1068 1209 1195 1238 miscuit.

542 1260 627 1289 -Solus
646 1268 794 1299 supererat
812 1268 911 1291 sutor:
929 1268 956 1290 et
975 1259 1170 1290 medicaminis

544 1311 677 1340 Multum
697 1313 782 1340 etiam
802 1318 887 1341 erat:
905 1311 981 1350 quod
998 1312 1160 1341 universum
1179 1309 1226 1339 illi
1244 1308 1322 1339 Deus

545 1361 609 1399 Ipso
629 1361 790 1399 ebibendum
804 1362 942 1401 praebuit
960 1364 1113 1392 mertario.

547 1412 624 1440 Hinc
635 1412 751 1448 factum
763 1433 774 1449 ,
795 1420 827 1442 ut
848 1414 937 1442 omnis
955 1415 1115 1442 mentiatur
1133 1411 1264 1448 artifex,

545 1460 603 1490 Sed
618 1467 698 1491 sutor
716 1463 765 1492 illo
783 1464 815 1491 in
830 1472 934 1501 genere
945 1470 1075 1502 praestet
1093 1464 1232 1493 omnibus·

302 1562 482 1592 Mercurius.
520 1560 627 1591 Exstat
651 1562 725 1592 inter
749 1564 860 1601 Aesop.
884 1566 963 1602 vulg.
987 1567 1059 1598 coll.
1084 1566 1147 1596 No.
1167 1573 1236 1603 103.

304 1615 496 1644 Medicamem
534 1615 583 1643 Sic
610 1622 643 1643 ut
668 1615 846 1646 Graecorum
873 1618 1041 1655 φάρμακον,
1061 1617 1100 1646 ita
1116 1616 1288 1646 Latinorum
1313 1613 1484 1644 medicamen
1502 1618 1530 1642 et
1546 1612 1778 1642 medicamentum

260 1666 352 1696 verba
377 1672 446 1695 sunt
479 1665 590 1701 media,
630 1673 702 1701 quae
729 1673 785 1696 tam
811 1676 953 1698 venenum
983 1676 1068 1704 quam
1099 1667 1314 1697 medicationem
1343 1664 1518 1702 significant.
1567 1663 1616 1693 Sic
1641 1663 1776 1699 Hyginus

261 1718 323 1746 {ab-
343 1726 407 1755 199.
458 1737 477 1753 ‚‚
505 1717 584 1745 Circe
604 1724 724 1755 propter
750 1719 852 1748 Zelum
878 1719 1088 1749 medicamentis
1114 1727 1219 1756 aquam
1242 1717 1447 1754 inquinaverat
1458 1715 1477 1728 ’¹
1515 1714 1546 1744 id
1575 1721 1619 1743 est
1643 1713 1772 1743 venenis.

262 1767 355 1797 Varro
379 1767 459 1804 apud
481 1767 564 1796 Non.
592 1768 655 1797 No.
676 1778 745 1806 297.
788 1790 808 1806 „
839 1770 963 1808 Quaerit
987 1771 1090 1801 ibidem
1116 1773 1154 1801 ab
1179 1770 1360 1806 Hannibale,
1388 1777 1442 1798 cur
1466 1767 1570 1798 biberit
1595 1766 1778 1796 medicamen-

261 1840 284 1856 „
303 1827 384 1855 tum;
405 1821 475 1858 quia
492 1819 646 1853 Romanis,
666 1821 761 1858 inquit
772 1841 782 1857 ,
805 1830 848 1850 me
865 1822 1021 1852 Prusiades
1040 1821 1159 1852 tradere
1174 1819 1320 1851 volebat?

298 1870 448 1899 Miscet-et.
489 1870 611 1899 Miscere
638 1871 727 1899 alicui
748 1872 863 1908 proprie
889 1873 994 1904 dicitur
1022 1875 1057 1904 de
1084 1874 1177 1910 vino,
1209 1871 1288 1909 quod
1309 1869 1470 1907 antiquitus
1493 1877 1567 1906 aqua
1588 1868 1780 1904 miscebatur,

261 1922 474 1958 temperabatur
488 1941 499 1958 ,
538 1921 603 1951 dein
632 1922 667 1952 ad
702 1922 757 1952 alia
781 1925 939 1962 translata,
973 1926 1019 1955 sic
1051 1926 1168 1954 miscere
1187 1923 1307 1954 aconita
1333 1922 1424 1952 alicui
1445 1922 1523 1960 apud
1542 1920 1634 1951 Ovid.
1656 1920 1778 1950 Metam.

262 1972 336 2004 Mb.
357 1975 381 2002 1.
406 1981 453 2003 vs·
473 1981 540 2009 147.

304 2022 468 2054 Mortario»
509 2025 587 2054 Inter
613 2024 804 2056 instrumenta
825 2027 936 2057 medica
956 2034 1091 2059 'tetemet
1114 2026 1243 2058 Isidorus
1260 2023 1333 2056 Lib.
1353 2023 1409 2055 IV.
1432 2032 1496 2062 cap·
1517 2032 1565 2055 ιι.

1700 2107 1781 2138 FA.
