1919 2511
396 152 622 186 RESPONSIO
650 164 695 185 At>
725 156 1033 196 QUAESTIONEM
1063 159 1273 195 MEDICAM.
1554 178 1589 208 3¹

266 404 744 450 SECTIO
881 413 1386 459 ALTERA.

107 507 312 530 HISTORIA
333 511 574 534 LITERARIA
595 514 726 536 OMNIS
748 516 918 538 AUXILII
943 519 1186 547 MANUALIS,
1207 521 1258 542 ET
1288 523 1534 547 1NSTUMEN-

141 558 269 580 TALIS
298 561 340 582 IN
368 562 734 586 RESTITUTIONEM
760 567 927 589 HUMERI
955 569 1317 594 LUXATIAVARIIS
1338 575 1494 597 AUCTO—

621 615 749 637 RIBUS
777 618 1016 642 PRoposlTx.

58 695 208 757 Medici
233 735 277 758 est
301 738 420 768 curare,
443 739 516 768 quae
541 732 571 762 in
600 741 686 771 aegro
707 741 806 764 contra
827 743 955 766 naturam
982 744 1071 774 sunt,
1093 747 1157 768 eum
1180 739 1210 770 in
1227 740 1314 771 finem
1341 751 1357 772 e
1378 744 1470 773 causis
1494 753 1569 773 mor·

56 777 86 807 bi
108 785 236 808 naturam
268 789 366 811 eruere
390 789 500 820 tentat,
523 792 606 819 quam
633 784 717 814 etiam
746 794 798 822 per
814 795 1007 824 symptomata
1026 788 1202 828 interrogat,
1224 792 1393 823 miserorum
1414 796 1491 824 salus
1508 803 1566 824 me-

57 829 114 859 dici
136 836 180 860 est
204 832 351 870 studium3
382 834 451 870 quid
479 835 676 871 praeclarIus?
705 837 769 873 jure
796 837 867 867 dixit
894 838 1001 868 Cicero
1029 839 1121 877 (1):
1162 862 1182 879 „
1211 842 1340 874 homines
1366 860 1404 868 —
1431 845 1466 874 ad
1484 845 1564 875 Deos

55 881 136 910 nulla
158 890 188 910 re
212 883 332 920 propius
356 886 518 922 accedunt,
541 895 623 923 quam
644 888 764 917 salutem
785 888 951 920 hominibus
971 890 1097 921 dand0.''

88 931 118 961 A
141 933 242 969 primis
268 934 335 964 inde
356 936 537 973 temporibus
556 937 770 975 aegritudines,
792 948 863 976 quas
891 941 925 970 ab
946 942 1070 972 externis
1089 942 1202 980 injuriis
1221 944 1292 982 (2)
1311 945 1490 982 accipiebant
1511 946 1563 976 ho-

50 981 162 1019 mines,
190 992 243 1014 nec
268 985 331 1015 sine
360 986 454 1016 taedio
478 995 557 1017 mens
581 989 619 1017 ob
645 996 755 1019 arctum
779 999 844 1019 cum
867 1000 989 1029 corpore
1015 993 1165 1024 vinculum
1190 993 1321 1032 ferebat,
1348 996 1468 1026 tollendi
1500 1003 1563 1026 stu-

51 1032 128 1062 dium
149 1035 285 1065 collatum
310 1045 375 1073 est,
399 1045 534 1074 quantum
554 1039 663 1069 scilicet
685 1040 754 1069 artis
778 1041 850 1070 fines
869 1043 1013 1074 sinebant.

89 1083 161 1114 Non
183 1085 340 1117 mirandum
361 1088 481 1126 itaque,
503 1091 582 1127 quod
605 1093 765 1128 permulta,
793 1101 857 1121 cum
879 1093 961 1124 etiarn
985 1096 1020 1125 de
1043 1096 1156 1127 interna
1180 1096 1321 1127 medicina
1348 1099 1456 1136 optime
1484 1106 1562 1129 vete-

48 1142 93 1163 res
125 1136 220 1165 meriti
247 1138 332 1174 sint,
360 1138 492 1170 Medicae
523 1141 591 1171 artis
616 1142 767 1180 Principes
792 1143 876 1174 etiam
896 1146 1084 1185 tradiderint,
1117 1157 1189 1185 quae
1213 1155 1357 1180 externam
1394 1151 1561 1182 medicinam

46 1191 195 1220 spectant,
215 1187 295 1217 illius
313 1196 443 1222 matrem.

86 1236 163 1265 Illud
184 1236 288 1267 iterum
311 1240 490 1271 laxatio-num
507 1244 657 1273 curatione
674 1245 834 1282 probatur,
858 1255 930 1282 quae
947 1249 1062 1279 alteram
1081 1250 1200 1280 conficit
1219 1251 1406 1289 Quaestionis
1426 1260 1557 1291 partem,

47 1285 96 1315 cui
119 1286 310 1319 absolvendae
326 1291 383 1328 jam
406 1301 452 1322 me
477 1294 619 1331 accingo,
647 1295 785 1325 Vestrum
815 1297 1047 1330 Clarissimorum
1071 1300 1208 1331 Virorum
1235 1302 1413 1340 indulgentia
1440 1303 1555 1342 fretus,

48 1344 131 1372 quam
161 1338 326 1376 imploranti
352 1350 428 1372 certe
451 1353 510 1374 non
535 1346 728 1383 denegabiti5‚
750 1355 865 1377 suarum
886 1349 989 1379 virium
1009 1350 1214 1382 imbecillitatis
1234 1353 1366 1383 conscio.

83 1387 171 1418 Hune
195 1391 295 1426 putavi
322 1392 391 1422 mihi
414 1394 623 1426 observandum
649 1406 712 1426 esse
733 1397 763 1427 in
785 1398 829 1427 his
849 1402 1056 1436 pertractandis
1086 1402 1212 1432 ordinem
1232 1404 1485 1443 chronologicum,
1507 1409 1557 1445 qui

44 1446 61 1467 a
77 1437 238 1469 Medicinae
254 1441 388 1472 Patribus
399 1444 520 1482 incipit,
542 1453 570 1475 et
585 1447 761 1483 simpliciora
779 1449 916 1486 proponit
936 1457 1062 1480 veterum
1082 1453 1186 1483 auxilia
1201 1454 1236 1482 ad
1252 1455 1400 1485 humerum
1427 1459 1554 1487 luxatum

46 1487 75 1517 in
97 1489 183 1518 situm
208 1494 363 1521 naturalem
389 1495 598 1532 reducendum,
625 1506 696 1533 quae
711 1497 790 1527 vario
810 1500 897 1529 modo
920 1502 1010 1538 tnagis
1031 1503 1195 1541 composita
1216 1505 1420 1546 reddiderunt,
1442 1517 1556 1539 eorum-

45 1546 102 1576 que
127 1548 276 1571 numerum
298 1544 383 1574 novis
408 1546 577 1583 excogitatis
597 1547 774 1579 adauxerunt
800 1549 1002 1582 Recentiotes.

79 1712 143 1749 (ι)
167 1715 242 1743 Orat.
258 1725 306 1750 pro
331 1720 366 1753 Q.
383 1720 488 1755 Ligario
515 1729 540 1749 c.
561 1727 605 1749 12.

77 1759 140 1795 (2)
163 1763 189 1798 J.
206 1763 238 1792 Z.
257 1763 366 1795 Piatner.
385 1767 484 1801 opusc.
508 1774 527 1797 t.
543 1775 569 1796 2.
589 1769 657 1802 prol.
676 1775 700 1797 1.
724 1777 751 1802 p.
766 1777 793 1799 2.
817 1770 981 1806 Lim-1749.

1461 2137 1548 2169 CA.
