1919 2511
430 190 660 222 RESPONSIO
688 199 732 223 nn
761 191 1075 232 QUAESTIONEM
1103 193 1318 228 MEDICAM.
1590 211 1625 240 71

114 272 174 312 ipsi
194 272 253 302 ossi
271 274 370 303 luxato
396 273 551 312 afferatur,
580 283 617 305 ne
640 274 840 305 attitulatione
863 277 949 306 unius
971 277 1125 308 alteriusve
1145 278 1223 308 ossis
1242 280 1378 316 perdatur
1398 281 1507 320 (13),
1538 292 1626 320 quare

114 333 177 356 non
194 323 305 354 sufficit
321 324 447 354 thoracis
464 326 609 362 retentio,
629 327 677 355 vel
694 328 892 356 musculorum
911 330 1044 365 scapulae
1063 328 1217 359 affixorum
1233 333 1347 368 pressio
1358 354 1369 368 ,
1389 339 1422 361 ut
1445 333 1493 362 fiat
1512 342 1626 365 contra-

109 376 268 412 extensio,
294 375 345 405 sed
367 376 524 413 requiritur
541 377 678 414 quaedam
693 377 739 408 vis
764 377 795 407 in
818 377 914 415 ipsum
935 378 1008 408 illud
1030 388 1063 410 os
1087 380 1265 412 sufficienter
1283 389 1311 413 et
1331 383 1492 413 extensioni
1514 393 1619 416 conve-

113 427 225 459 nienter
244 435 344 464 agens.

149 477 246 507 Facile
269 486 337 515 ergo
367 477 492 514 quisque
514 479 671 516 perspicit,
703 480 802 516 quod,
830 489 895 510 cum
924 482 1057 519 plerique
1078 483 1209 521 >chirurgi
1234 485 1264 515 in
1289 485 1419 522 potentia
1445 487 1621 517 extensionis

109 527 255 558 subtiliter
272 537 324 565 per
339 528 539 559 Mechanicam
567 532 696 569 augenda
720 530 877 560 faciliorem
905 533 1097 568 quaesiverint
1125 536 1298 565 luxationem
1323 538 1482 574 reponendi
1509 539 1622 567 metho-

110 579 199 615 dum,
220 579 303 608 etiam
328 580 420 608 coacti
445 581 504 610 sint
526 582 561 610 ad
578 581 705 611 firmiora
724 582 880 612 retinacula
896 583 1074 622 {formanda‚
1095 589 1390 618 contra-extensioni
1413 589 1622 627 inservientia,

105 629 215 666 quibus
231 629 275 659 vis
292 637 456 660 nasceretur
475 632 501 660 ei
518 633 693 662 extensionis
708 633 852 670 aequalis,
881 636 957 664 unde
976 635 1195 672 ligamentorum
1212 638 1418 675 simpliciorum
1446 647 1475 669 et
1494 641 1619 678 compli-

105 686 235 711 catorum
255 689 327 710 usus
345 683 518 718 repetendus
534 692 596 712 esse
612 683 737 714 videtur.
777 685 952 722 Complures
967 695 1035 716 vero
1054 687 1193 725 Chirurgi
1214 689 1329 719 illorum
1348 699 1432 720 usum
1449 692 1553 721 acriter
1575 701 1618 721 re·

106 731 322 769 prehenderunt
342 732 428 770 (14),
448 733 579 770 inprimis
598 735 635 763 ob
651 735 830 772 pressionem
841 756 852 773 ‚
875 746 958 773 quam
970 737 1000 767 in
1016 740 1164 769 musculos
1175 741 1356 778 subiacentes
1369 750 1504 773 exserunt
1520 743 1612 781 (15);

102 782 159 812 sed
185 791 249 812 raro
275 783 309 812 ab
333 783 445 820 abusu,
468 794 552 821 quem
572 785 670 816 forsan
692 787 826 817 nonnulli
850 787 881 817 in
906 788 979 818 hanc
1006 797 1066 819 rem
1092 791 1175 820 etiam
1202 795 1434 830 transtulerunt,
1471 794 1507 822 ad
1529 803 1613 823 usum

103 834 335 863 concludendum
358 844 422 866 esse
441 844 535 873 puto3
567 837 708 874 quidquid
730 838 789 874 sit,
815 838 846 867 id
862 840 1053 870 necessarium
1078 848 1142 878 est,
1170 842 1219 871 ubi
1243 844 1379 873 notabilis
1407 844 1441 873 fit
1463 846 1609 881 extensio,

100 885 184 921 =quod
203 885 229 913 ei
252 887 426 922 respondeat
444 887 575 924 *aequalis
594 889 871 925 contra-extensio,
901 896 934 919 ut
957 899 991 920 os
1017 892 1144 921 luxatum
1170 894 1245 923 inter
1264 901 1415 932 utramque
1439 902 1533 924 teneat
1556 905 1616 925 me-

99 934 179 964 ›diam
203 935 389 966 directionem
405 956 417 974 ‚
447 945 594 975 praeterea
624 947 689 968 cum
715 939 782 969 talia
803 940 976 977 ligamenta,
1002 945 1337 974 contra-extensionem
1371 945 1546 983 efficientia,
1575 948 1614 976 ita

97 986 216 1022 quidem
234 986 350 1023 possint
370 988 527 1026 applicari,
558 996 592 1018 ut
609 989 670 1019 fere
692 991 773 1020 nulia
796 991 862 1020 inde
885 992 1006 1022 molesta
1024 994 1113 1023 laesio
1133 995 1315 1025 mollioribus
1333 996 1462 1033 partibus
1481 997 1606 1028 eveniat.

98 1034 244 1073 Equidem
261 1047 331 1067 vero
350 1045 421 1075 puto
440 1040 476 1068 ad
497 1040 671 1070 luxationem
694 1043 886 1079 reponendam
910 1045 978 1080 plus
1005 1044 1076 1074 boni
1096 1047 1256 1082 exspectari
1275 1056 1362 1083 posse
1386 1057 1402 1077 a
1427 1049 1612 1078 convenienti

97 1090 296 1118 musculorum
321 1088 480 1119 directione
506 1090 612 1128 (16),
642 1101 727 1129 quam
752 1093 868 1130 quidem
894 1094 929 1123 ab
951 1095 1209 1126 instrumentorum
1232 1106 1391 1136 apparatu,
1424 1108 1547 1135 quorum
1567 1101 1611 1129 vis

93 1139 202 1176 gradus
220 1139 269 1169 vix
286 1141 447 1177 computari
461 1148 583 1178 :po-test,
605 1149 632 1172 et
649 1143 782 1173 lubenter
799 1145 942 1174 assentior
965 1146 1031 1175 talia
1047 1147 1152 1176 dicenti
1167 1148 1268 1178 White
1284 1152 1342 1187 (17
1355 1159 1388 1188 ):
1419 1171 1438 1186 ‚‚
1461 1151 1530 1180 Iam
1545 1160 1610 1180 eve·

92 1197 133 1227 ry
147 1189 203 1227 day
223 1199 303 1220 more
324 1192 380 1221 and
393 1201 473 1221 more
486 1194 665 1231 convincecl,
686 1195 747 1224 that
764 1203 781 1224 a
800 1196 886 1225 much
902 1196 956 1226 less
973 1195 1056 1227 force
1072 1198 1134 1228 will
1151 1199 1186 1228 be
1202 1208 1379 1238 necessary,
1397 1202 1466 1231 than
1482 1203 1560 1232 what
1582 1204 1607 1233 is

95 1243 246 1279 generally
263 1242 377 1271 used.''’

132 1292 288 1322 Intellectu
312 1294 387 1323 enim
410 1294 524 1324 difficile
547 1302 611 1331 est,
632 1298 780 1332 quomodo
804 1297 1012 1336 instrumenta,
1036 1308 1108 1335 quae
1126 1309 1178 1336 per
1198 1300 1272 1329 viam
1294 1300 1512 1341 brevissimam,
1532 1305 1554 1333 i.
1577 1315 1603 1335 e.

87 1342 195 1373 lineam
226 1350 330 1373 rectam
362 1347 490 1375 luxatum
516 1355 551 1375 os
574 1348 738 1384 attrahunt,
766 1349 999 1386 repositionem,
1031 1358 1115 1386 quam
1147 1351 1324 1388 moliuntur,
1352 1353 1469 1383 efficere
1495 1356 1610 1391 possin-t

82 1386 123 1425 vin
145 1395 305 1424 difficiliori
327 1404 416 1432 casu,
441 1397 491 1425 ubi
509 1398 617 1426 luxatio
641 1399 812 1428 secundaricz
837 1400 960 1430 obtinet.
1001 1400 1061 1430 Hic
1080 1401 1154 1430 enim
1180 1411 1240 1431 non
1258 1403 1405 1440 loquimur
1429 1406 1464 1434 de
1481 1406 1605 1437 faciliori

85 1454 179 1483 casu,
200 1447 252 1477 ubi
275 1456 375 1477 manus
395 1447 544 1477 levissimo
567 1456 648 1478 motu
671 1449 812 1479 luxationi
835 1451 940 1479 mederi
964 1453 1082 1488 solent,
1101 1453 1152 1482 sed
1169 1453 1204 1482 de
1227 1462 1281 1490 eo,
1304 1454 1353 1483 ubi
1379 1464 1477 1486 revera
1498 1458 1533 1487 ad
1552 1467 1606 1495 po-

1543 1515 1571 1537 te
1576 1518 1606 1538 H·

124 1597 205 1632 (13)
226 1598 293 1625 Petit
306 1599 394 1625 'Praite
414 1607 434 1626 r.
450 1606 474 1627 1.
491 1609 519 1634 p.
536 1609 579 1635 42.
595 1603 677 1629 Paris.
694 1609 769 1637 1741.
796 1601 922 1630 Percivall
954 1602 1025 1630 Pott.
1043 1605 1062 1630 1.
1080 1612 1104 1633 c.
1123 1613 1151 1638 p.
1163 1605 1223 1638 698.
1241 1612 1266 1632 n.
1284 1607 1311 1634 6.
1346 1607 1412 1634 Nam
1426 1609 1490 1634 licet
1504 1609 1598 1636 forsan

81 1650 107 1669 >a
118 1645 262 1677 ligamentis
278 1646 327 1678 ipsi
345 1647 400 1672 ossi
422 1647 513 1674 luxato
530 1648 664 1681 >impositis
678 1655 770 1682 parum
795 1649 933 1674 molestiae
958 1652 1083 1677 musculis
1104 1659 1221 1685 paretur,
1246 1660 1296 1678 non
1313 1654 1408 1685 video,
1434 1656 1504 1688 quod
1517 1675 1525 1688 ,
1552 1658 1601 1693 nisi

83 1689 140 1716 dioc
154 1691 216 1723 fiat,
235 1692 340 1718 cubitus
359 1693 385 1718 in
402 1694 555 1721 extensione
573 1695 657 1721 flexus
673 1702 731 1722 esse
747 1697 849 1729 possit,
868 1697 939 1731 quod
952 1704 1028 1727 certe
1044 1700 1120 1726 etiam
1139 1708 1192 1726 non
1207 1700 1236 1727 fi:
1254 1702 1307 1728 sine
1324 1704 1509 1732 emolumento,

124 1736 208 1772 (14)
230 1740 412 1767 Desau1t1.-c.
430 1748 457 1773 p.
473 1742 533 1770 161.

121 1783 138 1817 (
148 1783 201 1818 15.)
220 1785 326 1812 Letrres
341 1786 375 1812 de
386 1787 472 1812 Portal
485 1794 626 1814 contenant
636 1787 761 1814 l'Extrait
774 1788 850 1814 d’une
865 1789 988 1815 memoire
1003 1798 1048 1817 sur
1064 1792 1090 1817 le
1105 1792 1197 1826 danger
1210 1792 1254 1820 des
1272 1796 1382 1823 machin.
1398 1799 1490 1824 cet.i11
1505 1798 1598 1833 Journ-

80 1829 120 1856 -de
137 1830 240 1858 Medic.
264 1838 283 1859 t.
296 1833 339 1859 26.
360 1841 388 1866 Ρ.
402 1835 461 1867 548.
502 1835 593 1866 Aubry
613 1842 677 1861 vero
702 1836 814 1862 refutare
837 1843 946 1862 conatur
964 1838 1075 1870 theses,
1100 1846 1161 1872 quas
1182 1840 1266 1866 Portal
1294 1841 1409 1870 defendit
1438 1845 1453 1869 1.
1471 1852 1496 1871 c.
1522 1852 1540 1872 t.
1555 1853 1597 1878 27.

80 1884 112 1909 ’ep-
125 1878 171 1910 383
188 1885 245 1910 seq.
280 1879 395 1904 Alteram
410 1887 475 1907 vero
495 1880 604 1913 Por-tal,
624 1881 663 1907 his
681 1889 732 1907 non
750 1889 907 1914 contentus,
934 1886 1072 1918 epistolam
1089 1887 1198 1919 scripsit
1216 1888 1233 1914 1.
1252 1895 1278 1915 c.
1296 1894 1315 1915 t.
1332 1891 1373 1916 28.
1390 1898 1417 1923 p.
1432 1892 1463 1923 48
1483 1899 1537 1924 seq.
1556 1899 1599 1917 sur

50 1933 55 1935 >
81 1925 165 1951 vabus
183 1925 228 1952 des
246 1927 347 1957 mach-3
364 1928 534 1955 inveniuntur
554 1931 630 1956 etiam
654 1930 810 1958 Reflexions
827 1939 871 1958 sur
891 1933 926 1958 les
948 1932 1019 1958 deux
1039 1933 1178 1959 memoires
1197 1933 1229 1960 de
1249 1935 1290 1962 M.
1304 1935 1396 1961 Portal
1410 1944 1459 1969 par
1478 1937 1596 1970 Dupouy

82 1971 113 1996 ³in
127 1971 200 1997 dicto
221 1973 310 1999 mario
330 1981 358 2006 p.
372 1975 440 2007 348..

117 2016 200 2051 (16)
216 2018 356 2045 Bernstein
372 2020 419 2046 ιίι).
433 2020 565 2048 Verrenk.
585 2028 638 2048 cet.
656 2030 684 2055 p.
699 2021 758 2054 136.
802 2021 860 2054 Bey
884 2021 933 2048 den
951 2023 1128 2056 Einrichtung
1151 2025 1217 2051 muss
1238 2033 1295 2051 man
1317 2025 1362 2053 das
1383 2028 1461 2054 GlIed
1486 2029 1511 2055 in
1535 2031 1595 2056 eine

84 2063 248 2091 schickliche
269 2065 404 2092 n‘ahmlich
428 2067 519 2093 solche
542 2067 613 2101 Lage
634 2067 762 2101 bringen,
781 2074 824 2093 wo
851 2069 900 2094 alle
922 2070 1051 2096 Muskeln
1075 2071 1141 2097 um's
1168 2071 1270 2098 Gelenk
1293 2080 1323 2099 so
1345 2074 1397 2100 viel
1423 2075 1538 2107 moglich
1558 2083 1597 2102 er·

80 2109 185 2137 schlafft
202 2111 268 2138 sind.

116 2155 136 2187 s
148 2158 202 2191 ¹7)
219 2159 260 2185 An
275 2163 387 2184 account
404 2157 439 2183 of
451 2164 464 2183 a
480 2165 538 2185 new
555 2158 669 2186 method.
687 2165 740 2186 cet.
753 2159 783 2185 «in
799 2158 867 2188 med.
885 2160 1000 2189 observ.
1017 2160 1065 2188 and
1083 2163 1180 2197 Inquir.
1196 2165 1252 2190 vol.
1267 2172 1293 2190 2.
1309 2173 1336 2199 p.
1351 2167 1411 2197 381.
