1919 2511
627 133 1027 173 ORATIO.
1536 135 1579 176 9·v

89 227 195 270 aeris,
220 234 382 271 aquarum
395 249 404 266 ,
427 223 577 258 locorum
593 223 771 264 varietate,
791 220 920 257 vivendi
937 231 1053 265 genere
1065 244 1074 261 ,
1100 218 1169 252 imo
1188 229 1250 263 pro
1271 218 1398 254 diversa
1421 220 1555 263 regimi-

90 285 143 316 nis
163 281 285 327 politici
306 281 429 322 forma,
452 282 601 315 variante
626 279 782 312 methodo
804 278 995 311 tractanda:
1020 276 1064 309 ad
1080 286 1166 309 nova
1187 276 1353 316 remedia,
1377 287 1460 319 quae
1486 279 1554 308 Bo-

91 340 298 380 tanicorum,
324 334 580 378 Chemicorum,
604 341 636 368 et
652 335 941 378 Peregrinatorum
966 333 1128 367 industria
1150 331 1244 364 nobis
1271 331 1413 375 quotidie
1437 331 1548 373 offert,

88 396 202 428 severa
231 393 313 427 casti
333 393 518 434 ratiocinii,
551 398 583 425 et
606 391 775 424 rationalis
797 391 1018 433 experientiae
1044 389 1168 422 trutina
1194 387 1427 431 ponderanda;
1457 392 1489 418 et
1511 387 1555 420 ad

87 451 142 483 illa
167 450 210 482 ad
237 460 357 493 corpus
381 449 569 482 humaniun
593 450 629 482 in
658 453 746 480 statu
772 451 903 490 aegroto
926 445 1142 489 applicanda,
1174 445 1224 479 vel
1244 445 1281 476 in
1301 443 1381 476 illud
1402 445 1556 486 ingeren-

88 506 148 546 da;
179 517 353 550 nunquam
376 516 446 539 non
467 511 543 538 ante
568 505 680 538 oculos
706 505 834 547 posito,
865 504 1043 545 animoque
1064 501 1165 534 infixo
1182 525 1191 542 ,
1222 511 1322 533 aureo
1351 500 1403 533 illo
1428 500 1558 534 monitu

89 558 338 600 Boe'rhaeviano
367 575 384 595 2>
401 561 538 594 Abstine
549 586 560 603 ,
582 562 612 594 si
629 560 823 593 methodum
844 559 989 591 nescis.’'

129 617 165 650 Si
191 618 288 652 vultis
309 619 459 661 exempla
482 619 522 650 A.
542 618 583 650 A.
607 619 654 650 H.
669 618 714 648 H.
740 626 825 659 quae
848 612 1048 647 sententiam
1067 619 1219 647 nostram
1235 614 1417 654 illustrent,
1442 611 1556 645 confe—

88 683 203 707 ramus
226 684 287 706 nos
311 673 355 717 ad
388 673 588 706 laboratoria
615 670 1016 715 Physico-Chemicorum
1032 694 1041 711 ,
1071 681 1187 703 eorum
1212 669 1338 713 vigiliae
1370 679 1433 702 nos
1460 670 1557 712 prin-

87 730 165 772 cipii
191 731 343 762 Luminis
372 729 415 762 ad
442 733 627 772 Corporum
649 727 891 772 Vegetabilium
913 733 946 759 et
967 727 1171 759 Animalium
1199 727 1385 769 energeiam
1410 726 1557 757 incitan-

85 786 165 818 dam
193 785 423 819 efficacitatem
453 786 654 826 docuerunt,
679 785 842 827 simulque
864 784 1192 823 demonstraverunt,
1225 780 1379 824 principii
1402 781 1557 815 Luminis

85 843 316 875 imminutione
330 867 340 884 ,
364 842 414 875 vel
439 840 589 874 absentia
610 841 777 883 plenaria,
801 839 890 872 hanc
918 840 1091 873 universae
1114 840 1261 870 Naturae
1290 838 1464 881 organicae
1487 839 1570 871 vim-

84 897 259 940 imminui‚
290 899 342 932 vel
365 903 396 930 et
424 897 556 940 penitus
575 896 660 937 tolli,
683 896 747 938 qua
768 896 957 928 inventione
974 896 1009 927 in
1032 895 1114 927 lucis
1135 894 1227 927 aditu
1249 895 1299 928 vel
1328 893 1556 935 concedendo,

87 954 137 987 vel
159 953 403 996 praecludendo
423 953 459 985 in
478 950 604 984 morbis
629 950 735 984 acutis
758 956 790 983 et
815 950 997 991 chronicis,
1023 950 1233 982 Medicorum
1258 948 1473 982 attentionem
1495 960 1556 982 ex—

88 1009 286 1045 citaverunt-⁷

131 1067 236 1100 Iidem
264 1066 422 1100 Chemiae
450 1067 589 1100 cultores
618 1066 703 1099 ae'ris
732 1062 988 1110 atmosphaerici
1013 1062 1305 1108 compositionem,
1337 1063 1556 1107 principiique

58 1137 61 1139 ·
89 1124 160 1165 ejus
183 1124 386 1167 oxygenetici
411 1124 642 1156 necessitatem
670 1123 706 1156 in
731 1121 957 1166 respirationis
978 1121 1108 1165 negotio
1132 1121 1175 1153 ad
1204 1122 1348 1153 calorem
1379 1120 1558 1152 animalem

87 1180 362 1221 sustentandum,
387 1180 584 1223 sanguinem
602 1179 816 1222 a'superfluis
836 1204 847 1221 ,
879 1184 911 1212 et
936 1179 1063 1212 nocivis
1089 1176 1266 1219 carbonio,
1296 1181 1330 1209 et-
1358 1176 1559 1220 hydrogenlo

91 1234 330 1268 defaecandum
340 1260 349 1277 ,
365 1233 612 1278 humorumque
629 1236 866 1278 inquilinorum
876 1259 886 1276 ,
905 1241 937 1268 et
953 1235 1100 1278 partium
1120 1233 1301 1266 solidarum
1317 1233 1466 1275 corporis
1481 1231 1559 1264 ani—

93 1289 190 1322 malis
209 1289 481 1333 compositionem
501 1290 708 1332 chemicam,
732 1296 764 1323 et
784 1291 1017 1324 alimentorum
1038 1300 1102 1333 ope
1125 1298 1343 1332 processuum
1361 1288 1558 1329 dynamico-

92 1346 320 1379 chemicorum
338 1345 597 1379 elaborationem
609 1371 619 1388 ,
645 1352 677 1379 et
692 1349 839 1379 Naturae
860 1349 1041 1379 Humanae
1057 1345 1328 1377 assimilationem
1339 1368 1349 1385 ‚
1369 1341 1559 1376 certissimis

92 1402 347 1445 experimentiS,
370 1407 402 1434 et
420 1403 565 1445 analogia
588 1403 734 1435 maxime
753 1403 896 1435 naturali
918 1391 961 1434 ad
979 1401 1114 1433 oculum
1134 1405 1381 1433 monstrarunt:
1405 1400 1475 1432 Nec
1492 1398 1557 1432 ho-

92 1466 170 1490 rum
196 1459 329 1492 inventa
352 1463 384 1490 et
407 1457 569 1500 producta
591 1468 653 1491 nos
679 1459 714 1490 in
735 1456 949 1500 pathogenifi,
978 1462 1011 1489 et
1027 1456 1223 1489 morborum
1248 1456 1368 1488 natura
1394 1453 1557 1488 materiali

94 1513 296 1546 enucleanda
313 1513 550 1554 deseruerunt3
573 1524 615 1546 ex
633 1513 685 1546 his
707 1514 797 1546 enim
820 1512 917 1546 nobis
940 1513 1155 1546 innotuerunt
1177 1511 1379 1544 calculorum
1393 1511 1430 1543 in
1449 1511 1560 1543 Oeco-

94 1570 206 1602 nomia
229 1570 364 1602 animali
386 1569 646 1613 hospitantium,
671 1568 850 1612 tophorlmi
863 1593 873 1610 ,
898 1568 1144 1609 meliceridum,
1169 1572 1423 1609 steatomatum,
1448 1572 1481 1599 et
1501 1576 1562 1604 os«,

92 1630 337 1658 teosarcosewm
359 1627 505 1668 genesis,
529 1631 668 1666 natura,
692 1630 724 1657 et
750 1625 961 1668 compositio:
992 1627 1032 1656 In
1052 1624 1185 1667 longum
1212 1629 1401 1665 excurreret
1421 1623 1536 1656 Oratio
1547 1639 1561 1664 ,v

73 1681 81 1688 '
93 1682 121 1713 si
137 1680 293 1714 Chemiae
313 1679 481 1714 Historiae
491 1706 501 1724 ,
530 1692 608 1715 cum
623 1680 813 1723 Pathologia
836 1685 869 1713 et
883 1681 986 1713 Praxi
999 1679 1130 1712 Medica
1148 1679 1393 1722 conjungendae
1409 1679 1558 1714 necess?

92 1741 195 1769 tatem
215 1735 306 1770 vobis
323 1743 509 1770 monstrare
525 1739 652 1772 vellem.
699 1736 865 1778 Sufficiat,
889 1741 927 1769 ut
947 1747 992 1769 ex
1007 1736 1232 1769 recentiorum
1246 1735 1482 1768 chenu'corum
1504 1736 1560 1768 in-·

95 1792 200 1826 ventis
213 1816 223 1833 ,
247 1792 290 1824 ad
305 1793 432 1825 Praxin
449 1793 617 1827 Medicam
637 1792 835 1826 facientibus
858 1793 954 1825 unice
978 1803 1163 1828 memorem
1187 1792 1427 1835 principiorum
1445 1791 1559 1824 alcali-

96 1857 218 1880 norum
230 1871 239 1889 ‚
259 1858 302 1880 ex
316 1847 508 1882 substantiis
530 1849 696 1882 nonnullis
711 1847 942 1892 vegetabilibus
955 1850 1089 1880 summa
1110 1848 1270 1881 industria
1286 1847 1482 1881 eductorum
1502 1848 1558 1880 in·-

97 1903 306 1944 ventionem‚
330 1904 383 1936 cui
398 1904 561 1946 Kininae,
589 1904 831 1945 Cinehoninae,
855 1904 1020 1945 Emefini,
1044 1903 1235 1946 Morphini‚
1258 1903 1447 1946 Veratrini,
1469 1906 1563 1936 Bru-r

98 1957 164 1991 cini
177 1982 186 1998 ,
210 1958 413 2002 aliorumque
435 1960 588 1993 notitiam
605 1959 784 1993 debemus:
809 1970 953 2003 quorum
974 1959 1197 1992 remediorum
1220 1970 1281 2003 ope
1306 1959 1453 2003 prudens
1470 1957 1560 1992 Artis

98 2013 289 2046 salutiferae
307 2015 472 2058 >Magister
498 2017 587 2050 velut
610 2016 772 2049 miracula
796 2021 965 2058 praestare
993 2021 1121 2058 potest,
1151 2026 1294 2058 quorum
1316 2016 1468 2048 omnium
1494 2015 1562 2049 sive

98 2069 313 2111 eductorum,
343 2070 410 2105 sive
439 2071 677 2114 productorum
696 2071 873 2116 futuram
898 2071 1123 2104 inventionem
1144 2071 1330 2115 Antiquitas
1357 2081 1400 2104 ne
1422 2070 1473 2106 vel
1501 2079 1561 2112 per

910 2129 938 2159 Β
1466 2135 1561 2160 some
