1919 2511
353 126 579 158 REsPoNsio
601 135 642 156 An
664 125 973 166 QUAESTIONEM
995 116 1323 159 THEOLOGICAM.
1569 140 1587 168 5

80 218 256 248 genuorum,
285 209 430 239 servilium
462 209 541 246 (1).
591 209 656 238 Hos
684 199 797 244 quidem
823 207 870 236 alii
895 208 924 237 in
955 207 1076 252 libertos
1106 215 1134 237 et
1163 218 1264 239 servos
1291 211 1471 248 distinguunt
1499 213 1579 251 (ε).

76 261 140 291 Nec
161 261 208 290 iila
235 261 403 297 perantiqua
429 261 531 296 populi
550 260 656 288 divisio
682 260 779 289 Caroli
795 260 894 297 Magni
912 268 1000 289 aetate
1026 261 1206 291 obsoleverat
1228 263 1303 299 (g).
1352 264 1433 301 Quae
1449 265 1517 293 mira
1537 275 1581 294 res

78 311 225 348 eo··magis
247 310 460 340 admirationem
486 317 669 345 commovet,
701 319 759 345 quo
784 311 890 340 certius
919 319 985 348 est,
1016 314 1123 341 nullam
1152 313 1287 343 habuisse
1314 314 1426 344 nobiles
1453 316 1482 345 in
1506 318 1585 353 inge·

78 371 152 392 nuos
184 362 386 399 potestatem.v
418 361 524 396 Neque
552 368 645 390 tamen
676 360 718 389 illi
748 369 807 390 non
838 363 868 390 in
895 362 1008 391 arcibus
1035 370 1062 391 et
1093 364 1218 392 castellis
1246 365 1444 395 munitissimis
1475 367 1587 396 habita.

78 411 166 449 bant,
195 412 283 442 nullis
308 412 424 441 omnino
449 413 543 449 legum
570 411 693 441 vinculis
721 411 893 447 constricti,
927 422 984 448 quo
1007 414 1109 443 minus
1130 414 1158 443 in
1186 415 1260 444 bona
1284 424 1315 444 ac
1343 416 1416 445 vitas
1445 417 1584 454 ingenuo-

76 470 138 494 rum
163 460 311 493 hominum
342 463 483 492 violentas
515 471 614 492 manus
646 462 786 492 inferrent
806 462 887 499 (4).
935 463 1052 493 Scilicet
1085 466 1180 494 odium
1209 467 1335 502 priscum
1369 469 1500 505 servitii,
1531 479 1585 499 una

77 522 142 543 cum
168 514 368 543 ardentissimo
390 514 529 543 libertatis
555 523 671 550 amore,
700 521 755 543 tam
782 515 838 543 alte
867 515 1009 544 insidebat
1031 517 1181 546 Saxonicis
1206 519 1371 554 mentibus,
1392 527 1424 549 ut
1447 520 1583 558 nobiles,

78 566 137 601 qua
163 564 355 602 fruebantur,
385 565 513 594 contenti
536 565 726 600 auctoritate,
756 568 809 596 etsi
836 570 882 597 vel
909 570 994 606 hujus
1020 570 1107 598 aciem
1135 570 1297 606 saepissime
1330 570 1483 603 hebescere
1508 574 1588 603 vide-

77 623 169 653 rent,
197 624 290 647 tamen
309 638 322 653 ,
351 617 386 645 de
408 617 598 653 popularibus
628 617 826 654 opprimendis
845 639 856 655 ‚
892 626 940 648 aut
963 620 1016 648 sub
1044 622 1145 658 Jugum
1177 621 1323 652 mittendis
1353 633 1389 653 ne
1428 625 1590 662 cogitarent

77 660 189 704 quidem
212 668 292 705 (5).

116 719 244 748 Saxones
261 719 290 749 in
308 719 403 749 varios
428 729 518 757 pagos
537 720 622 750 divisi
634 741 643 756 ,
666 729 740 757 quos
756 721 826 751 belli
842 722 949 759 duces,
971 724 1086 754 eosdem
1112 726 1191 762 pacis
1208 726 1320 764 judices
1343 727 1485 758 habebant
1504 730 1586 767 (6).

76 770 288 807 Hos‚rsi:ut‚
316 771 420 801 Tacito
441 772 582 801 referente
596 792 606 807 ‚
631 772 788 808 Germani,
811 773 852 801 illi
872 773 954 803 etiam
980 783 1013 803 ex
1033 776 1142 805 virtute
1165 778 1329 808 sumebant.
1370 779 1455 809 Unus
1472 789 1506 809 ex
1530 781 1586 818 iis,

75 822 202 851 instante
223 822 323 858 bello,
353 823 489 859 princeps
516 823 681 852 creabatur:
715 824 794 859 quod
819 832 942 858 munus,
974 828 1137 863 composita
1164 838 1254 865 pace,
1282 830 1434 860 confestim
1462 832 1590 869 depone-

76 870 126 900 bat
148 872 227 909 (7).
268 868 416 909 Stipendia
433 874 537 902 milites
558 882 617 902 non
636 873 837 904 merebantur:
859 884 921 904 nam
941 876 1047 914 singuli
1066 887 1120 914 pro
1143 880 1248 916 bonis,
1271 881 1347 918 aris,
1369 882 1466 919 focis,
1487 885 1590 922 conJ'u-

76 930 131 958 ge»,
151 922 250 952 liberis
275 923 335 952 suis
363 924 536 953 dimicabant
558 925 641 961 (8).
682 924 737 954 Dei
764 934 823 954 non
846 926 928 955 ducis
960 929 1040 964 signa
1066 937 1164 963 erant,
1193 931 1247 959 sub
1276 932 1381 968 quibus
1405 933 1533 970 legiones
1560 935 1590 964 in

75 975 219 1003 certamen
238 974 414 1003 ducebantur
435 975 514 1012 (9).
555 975 694 1004 Divinum
716 976 834 1005 Numen
852 979 962 1006 summa
979 981 1161 1010 veneratione
1181 982 1394 1019 suspicientes,
1416 985 1505 1021 huic,
1527 985 1589 1015 sine

76 1024 158 1052 mora
174 1030 225 1053 aut
250 1024 450 1061 dubitatione,
472 1025 529 1054 sibi
549 1026 803 1062 obtemperandum
827 1028 976 1063 putabant.
1017 1030 1111 1068 Quam
1134 1032 1190 1060 Dei
1214 1035 1425 1064 venerationem
1442 1036 1470 1065 in
1488 1040 1590 1066 caussa

77 1081 195 1110 quoque
209 1074 300 1104 fuisse
316 1076 439 1113 opinor,
461 1085 514 1105 cur
536 1077 707 1114 singularem
731 1079 815 1113 plane
847 1083 875 1105 et
897 1080 1151 1109 extraordinarium
1168 1083 1366 1113 sacerdotibus
1387 1086 1524 1116 honorem
1541 1089 1593 1116 tri.

74 1125 212 1164 buerint,
244 1138 327 1165 quos
345 1129 489 1159 illimitata
514 1130 578 1160 fere
604 1137 631 1160 et
656 1129 825 1159 auctoritate
845 1136 874 1158 et
896 1137 1039 1166 potestate
1061 1132 1103 1160 uti
1125 1140 1302 1168 paterentur.
1350 1136 1465 1166 Etenim
1488 1139 1592 1168 horum

76 1183 157 1211 erat,
187 1180 328 1209 moderari
349 1181 506 1210 conciones
534 1182 635 1219 (10).
675 1181 773 1219 Quum
800 1188 945 1218 praeterea
966 1183 1001 1210 de
1027 1184 1105 1211 caelo
1130 1184 1335 1223 observantes,
1358 1188 1383 1216 si
1406 1189 1454 1217 Dii
1474 1190 1589 1226 quidem

75 1227 230 1263 prohibere
242 1229 428 1267 viderentur,
450 1240 552 1269 negare
567 1239 711 1269 possent,
731 1233 818 1261 ullam
837 1233 872 1261 de
890 1234 987 1261 eadem
1006 1242 1036 1262 re
1050 1234 1079 1262 in
1098 1235 1226 1269 eumdem
1249 1237 1323 1265 diem
1347 1241 1590 1270 consultationem

74 1277 159 1314 fieri,
182 1280 246 1315 quis
263 1289 369 1316 quaeso
386 1290 446 1311 non
468 1284 582 1318 cernit,
603 1289 709 1319 quanta
733 1283 906 1319 interposita
935 1285 1003 1313 haec
1027 1292 1126 1313 eorum
1149 1287 1327 1323 auctoritas,
1351 1287 1461 1318 Romae
1483 1291 1588 1325 etiam,

26 1327 27 1330 ’
76 1337 107 1357 re
124 1329 240 1366 publica
255 1332 367 1369 libera,
389 1334 499 1370 optime
516 1335 636 1372 probata
650 1335 805 1371 Patribus,
829 1334 860 1364 in
879 1334 995 1374 ciyitate
1013 1336 1135 1372 regenda
1159 1338 1278 1366 valuerit
1292 1339 1307 1376 (
1319 1339 1376 1376 11)
1388 1340 1402 1369 ‘3
1443 1340 1540 1378 Quum
1557 1343 1591 1371 ad

76 1388 201 1417 pugnam
219 1381 330 1419 iretur,
350 1393 446 1420 neque
469 1386 711 1422 animadvertere,
741 1395 836 1423 neque
863 1387 992 1424 vincire,
1020 1398 1115 1425 neque
1139 1391 1286 1420 verberare
1312 1393 1424 1429 quidem
1438 1415 1449 1431 ,
1470 1396 1526 1424 nisi
1547 1406 1591 1426 sa-

76 1432 243 1463 cerdotibus
268 1436 459 1473 permissum3
489 1446 549 1467 non
577 1439 658 1474 quasi
683 1439 714 1468 in
739 1448 882 1476 poenam,
902 1447 997 1475 neque
1019 1440 1100 1469 ducis
1122 1442 1226 1478 jussu,
1249 1444 1299 1472 sed
1322 1446 1400 1474 velut
1417 1446 1483 1475 Deo
1502 1447 1590 1484 impe-

79 1489 179 1520 rante,
203 1493 287 1521 quem
316 1487 414 1516 adesse
438 1487 611 1518 bellantibus
642 1491 792 1519 crederent
816 1491 917 1529 (12).
957 1490 1051 1519 Etiam
1078 1491 1108 1520 in
1131 1493 1243 1521 colendi
1274 1495 1330 1524 Dei
1349 1496 1456 1525 ratione
1471 1500 1587 1535 conspi-

75 1533 200 1564 ciebatur
216 1535 355 1567 libertatis
374 1545 402 1568 et
419 1539 631 1576 aequabilitatis
657 1541 789 1578 publicae
812 1542 951 1571 studium.
993 1541 1068 1570 Nam
1093 1543 1203 1572 etiamsi
1221 1545 1303 1574 Deos
1321 1547 1439 1578 Penates
1461 1558 1493 1578 ac
1515 1549 1587 1578 Ter-

1535 1609 1588 1629 1111.-

77 1697 81 1703 .
109 1675 125 1708 (
136 1674 175 1710 ι)
199 1677 263 1706 Vid.
280 1679 402 1706 Nithardi
419 1680 477 1708 hist.
496 1683 515 1709 1.
529 1690 557 1716 4.
574 1690 650 1717 quem
671 1684 734 1710 citat
751 1684 852 1712 Moser.
894 1685 1115 1713 osnabriichische
1136 1686 1311 1720 Geschichte,
1331 1694 1350 1716 t,
1367 1688 1388 1715 Ι.
1414 1695 1440 1722 p.
1458 1696 1514 1723 194.
1535 1697 1587 1721 quo

74 1719 186 1749 diversas
211 1727 301 1757 populi
326 1728 418 1753 classes
436 1729 509 1754 latius
531 1729 658 1756 describit
676 1731 693 1757 1.
711 1730 731 1757 1.
748 1738 775 1762 p.
790 1731 824 1757 86
841 1738 899 1763 sqq.

110 1767 176 1802 (2)
195 1770 254 1796 Vid.
272 1773 419 1806 Dippoldt,
437 1774 528 1800 Leben
544 1775 629 1802 Karl's
647 1776 692 1802 des
711 1777 846 1807 Groszen‚
864 1784 891 1809 p.
905 1784 949 1809 40.

111 1812 176 1847 (3)
195 1816 256 1842 Vid.
274 1817 383 1849 Moser,
400 1820 418 1845 1.
435 1820 452 1846 l.
469 1829 497 1853 p.
515 1827 572 1853 193.
775 1821 838 1856 (4)
857 1823 924 1851 Vid.
942 1824 1056 1856 Moser,
1074 1826 1092 1853 l.
1110 1826 1128 1852 l.
1146 1833 1174 1860 p.
1190 1828 1234 1859 48.

110 1862 171 1897 (5)
192 1864 251 1890 Vid.
269 1865 379 1897 Meset,
397 1868 417 1893 1.
432 1869 452 1896 l.
468 1877 496 1902 p.
510 1876 555 1903 49.
571 1876 626 1897 not.
644 1871 670 1899 b.

111 1907 176 1943 (6)
196 1911 264 1937 Anu.
283 1913 358 1939 Poe't.
375 1913 434 1940 sax.
452 1915 470 1942 l.
483 1916 503 1942 1.
522 1923 564 1944 vs,
578 1924 612 1949 40
629 1924 688 1950 sqq.
707 1918 774 1951 apud
791 1919 915 1951 Bouquet
927 1936 936 1949 ,
962 1919 1059 1951 p.·136.
1094 1919 1201 1951 Moser,
1219 1921 1238 1948 l.
1252 1921 1270 1947 l.
1287 1928 1314 1954 p.
1328 1926 1371 1956 37.

112 1955 173 1991 (7)
191 1959 251 1985 Vid.
269 1960 377 1993 Moser,
396 1970 423 1995 p.
439 1964 487 1996 48,
505 1971 547 1997 50.
564 1964 663 1993 non-71.
679 1972 737 1992 not.
752 1967 772 1993 ι’.
791 1972 817 1991 et
834 1972 910 1997 quem
928 1965 991 1990 citat
1010 1965 1094 1996 Beda,
1115 1966 1184 1993 l-list.
1198 1967 1264 1993 eccl.
1284 1968 1318 1994 V.
1337 1975 1379 1995 ιι.

114 2001 180 2037 (8)
199 2006 259 2032 Vid.
278 2007 368 2032 Moser
380 2025 388 2038 ‚
406 2016 434 2042 p.
450 2016 495 2042 37.
687 2009 751 2046 (9)
769 2010 830 2038 Vid.
848 2011 955 2042 Moser,
975 2012 993 2037 1.
1008 2012 1026 2038 l.
1202 2011 1285 2047 (ιο)
1305 2014 1364 2042 Vid.
1383 2014 1490 2046 Meser,
1509 2022 1534 2047 p.
1548 2016 1588 2047 48.

109 2047 194 2085 (ιι)
213 2052 270 2080 vid.
289 2053 396 2088 Moser,
412 2063 439 2089 p.
455 2063 498 2090 50.
516 2063 571 2085 not.
582 2066 610 2084 a.
814 2057 893 2090 (ια)
911 2057 973 2085 vid.
989 2058 1102 2091 Moser,
1120 2058 1138 2086 1.
1155 2059 1175 2085 ῑ.
1191 2065 1246 2087 not.
1261 2068 1283 2087 e.
