<?xml version="1.0" encoding="UTF-8"?>
<!DOCTYPE html PUBLIC "-//W3C//DTD XHTML 1.0 Transitional//EN"
    "http://www.w3.org/TR/xhtml1/DTD/xhtml1-transitional.dtd">
<html xmlns="http://www.w3.org/1999/xhtml" xml:lang="en" lang="en">
 <head>
  <title>
</title>
<meta http-equiv="Content-Type" content="text/html;charset=utf-8" />
  <meta name='ocr-system' content='tesseract 3.04.00' />
  <meta name='ocr-capabilities' content='ocr_page ocr_carea ocr_par ocr_line ocrx_word'/>
</head>
<body>
  <div class='ocr_page' id='page_1' title='image "annalesacademiae24rijk_0408.png"; bbox 0 0 1919 2511; ppageno 0'>
   <div class='ocr_carea' id='block_1_1' title="bbox 280 137 1458 173">
    <p class='ocr_par' dir='ltr' id='par_1_1' title="bbox 280 137 1458 173">
     <span class='ocr_line' id='line_1_1' title="bbox 280 137 1458 173; baseline 0.003 -5"><span class='ocrx_word' id='word_1_1' title='bbox 280 146 318 168; x_wconf 80' lang='grc' dir='ltr'><strong>ιο</strong></span> <span class='ocrx_word' id='word_1_2' title='bbox 606 137 787 168; x_wconf 87' lang='lat' dir='ltr'>ANTONII</span> <span class='ocrx_word' id='word_1_3' title='bbox 807 137 984 173; x_wconf 86' lang='lat' dir='ltr'>HENRICI</span> <span class='ocrx_word' id='word_1_4' title='bbox 1003 145 1070 168; x_wconf 78' lang='lat' dir='ltr'><strong>vAN</strong></span> <span class='ocrx_word' id='word_1_5' title='bbox 1089 146 1156 168; x_wconf 72' lang='lat' dir='ltr'><strong>mm</strong></span> <span class='ocrx_word' id='word_1_6' title='bbox 1176 138 1290 170; x_wconf 90' lang='lat' dir='ltr'>BOON</span> <span class='ocrx_word' id='word_1_7' title='bbox 1310 140 1458 171; x_wconf 89' lang='lat' dir='ltr'>MESCH</span> 
     </span>
    </p>
   </div>
   <div class='ocr_carea' id='block_1_2' title="bbox 272 219 1800 1894">
    <p class='ocr_par' dir='ltr' id='par_1_2' title="bbox 276 219 1787 356">
     <span class='ocr_line' id='line_1_2' title="bbox 276 219 1786 259; baseline 0.007 -13"><span class='ocrx_word' id='word_1_8' title='bbox 276 220 391 247; x_wconf 73' lang='lat' dir='ltr'><strong>humum</strong></span> <span class='ocrx_word' id='word_1_9' title='bbox 415 219 528 247; x_wconf 72' lang='lat' dir='ltr'><strong>acidam</strong></span> <span class='ocrx_word' id='word_1_10' title='bbox 563 226 590 248; x_wconf 85' lang='lat' dir='ltr'><strong>et</strong></span> <span class='ocrx_word' id='word_1_11' title='bbox 611 220 727 249; x_wconf 75' lang='lat' dir='ltr'><strong>humum</strong></span> <span class='ocrx_word' id='word_1_12' title='bbox 751 227 849 249; x_wconf 85' lang='lat' dir='ltr'><strong>atram</strong></span> <span class='ocrx_word' id='word_1_13' title='bbox 870 220 957 259; x_wconf 83' lang='lat'>(1);</span> <span class='ocrx_word' id='word_1_14' title='bbox 985 228 1171 252; x_wconf 85' lang='lat' dir='ltr'><strong>numerantur</strong></span> <span class='ocrx_word' id='word_1_15' title='bbox 1202 229 1230 251; x_wconf 88' lang='lat' dir='ltr'><strong>et</strong></span> <span class='ocrx_word' id='word_1_16' title='bbox 1257 222 1328 253; x_wconf 83' lang='lat' dir='ltr'><strong>aliae</strong></span> <span class='ocrx_word' id='word_1_17' title='bbox 1349 223 1481 259; x_wconf 81' lang='lat' dir='ltr'><strong>species,</strong></span> <span class='ocrx_word' id='word_1_18' title='bbox 1511 231 1582 259; x_wconf 84' lang='lat' dir='ltr'><strong>quae</strong></span> <span class='ocrx_word' id='word_1_19' title='bbox 1609 229 1702 255; x_wconf 87' lang='lat' dir='ltr'><strong>tamen</strong></span> <span class='ocrx_word' id='word_1_20' title='bbox 1721 234 1786 256; x_wconf 83' lang='lat' dir='ltr'><strong>om·</strong></span> 
     </span>
     <span class='ocr_line' id='line_1_3' title="bbox 277 270 1787 313; baseline 0.005 -14"><span class='ocrx_word' id='word_1_21' title='bbox 277 278 328 299; x_wconf 89' lang='lat' dir='ltr'><strong>nes</strong></span> <span class='ocrx_word' id='word_1_22' title='bbox 351 270 385 298; x_wconf 87' lang='lat' dir='ltr'><strong>ad</strong></span> <span class='ocrx_word' id='word_1_23' title='bbox 404 279 491 299; x_wconf 86' lang='lat' dir='ltr'><strong>unum</strong></span> <span class='ocrx_word' id='word_1_24' title='bbox 513 270 597 299; x_wconf 89' lang='lat' dir='ltr'><strong>trium</strong></span> <span class='ocrx_word' id='word_1_25' title='bbox 625 279 847 301; x_wconf 89' lang='lat' dir='ltr'><strong>memoratorum</strong></span> <span class='ocrx_word' id='word_1_26' title='bbox 872 281 1007 310; x_wconf 87' lang='lat' dir='ltr'>generum</span> <span class='ocrx_word' id='word_1_27' title='bbox 1027 275 1119 310; x_wconf 83' lang='lat' dir='ltr'><strong>vulgo</strong></span> <span class='ocrx_word' id='word_1_28' title='bbox 1135 273 1308 304; x_wconf 76' lang='lat' dir='ltr'><strong>referuntur.</strong></span> <span class='ocrx_word' id='word_1_29' title='bbox 1348 275 1396 304; x_wconf 85' lang='lat' dir='ltr'><strong>De</strong></span> <span class='ocrx_word' id='word_1_30' title='bbox 1424 273 1546 303; x_wconf 81' lang='lat' dir='ltr'><strong>diversis</strong></span> <span class='ocrx_word' id='word_1_31' title='bbox 1565 281 1659 304; x_wconf 87' lang='lat' dir='ltr'><strong>autem</strong></span> <span class='ocrx_word' id='word_1_32' title='bbox 1677 276 1787 313; x_wconf 77' lang='lat' dir='ltr'><strong>princi-</strong></span> 
     </span>
     <span class='ocr_line' id='line_1_4' title="bbox 276 320 896 356; baseline 0.008 -8"><span class='ocrx_word' id='word_1_33' title='bbox 276 320 332 356; x_wconf 90' lang='lat' dir='ltr'><strong>piis</strong></span> <span class='ocrx_word' id='word_1_34' title='bbox 353 321 383 350; x_wconf 88' lang='lat' dir='ltr'><strong>in</strong></span> <span class='ocrx_word' id='word_1_35' title='bbox 401 321 513 350; x_wconf 87' lang='lat' dir='ltr'><strong>diversa</strong></span> <span class='ocrx_word' id='word_1_36' title='bbox 533 322 620 350; x_wconf 90' lang='lat' dir='ltr'><strong>humo</strong></span> <span class='ocrx_word' id='word_1_37' title='bbox 640 331 717 351; x_wconf 86' lang='lat' dir='ltr'><strong>nunc</strong></span> <span class='ocrx_word' id='word_1_38' title='bbox 735 323 896 354; x_wconf 87' lang='lat' dir='ltr'><strong>videamus.</strong></span> 
     </span>
    </p>

    <p class='ocr_par' dir='ltr' id='par_1_3' title="bbox 273 373 1791 564">
     <span class='ocr_line' id='line_1_5' title="bbox 317 373 1790 414; baseline 0.005 -14"><span class='ocrx_word' id='word_1_39' title='bbox 317 373 352 401; x_wconf 86' lang='lat' dir='ltr'><strong>In</strong></span> <span class='ocrx_word' id='word_1_40' title='bbox 377 373 455 401; x_wconf 91' lang='lat' dir='ltr'><strong>omni</strong></span> <span class='ocrx_word' id='word_1_41' title='bbox 476 373 564 401; x_wconf 88' lang='lat' dir='ltr'><strong>humo</strong></span> <span class='ocrx_word' id='word_1_42' title='bbox 587 374 787 410; x_wconf 83' lang='lat' dir='ltr'><strong>cujuscunque</strong></span> <span class='ocrx_word' id='word_1_43' title='bbox 810 375 922 411; x_wconf 85' lang='lat' dir='ltr'><strong>generis</strong></span> <span class='ocrx_word' id='word_1_44' title='bbox 948 375 1131 412; x_wconf 85' lang='lat' dir='ltr'><strong>reperiuntur</strong></span> <span class='ocrx_word' id='word_1_45' title='bbox 1153 375 1240 405; x_wconf 84' lang='lat' dir='ltr'><strong>fibrae</strong></span> <span class='ocrx_word' id='word_1_46' title='bbox 1262 376 1322 405; x_wconf 83' lang='lat' dir='ltr'><strong>fere</strong></span> <span class='ocrx_word' id='word_1_47' title='bbox 1348 375 1494 412; x_wconf 77' lang='lat' dir='ltr'>integrae,</span> <span class='ocrx_word' id='word_1_48' title='bbox 1514 377 1561 404; x_wconf 88' lang='lat' dir='ltr'><strong>vel</strong></span> <span class='ocrx_word' id='word_1_49' title='bbox 1589 376 1716 406; x_wconf 88' lang='lat' dir='ltr'><strong>nondum</strong></span> <span class='ocrx_word' id='word_1_50' title='bbox 1732 386 1790 414; x_wconf 87' lang='lat' dir='ltr'><strong>pu·</strong></span> 
     </span>
     <span class='ocr_line' id='line_1_6' title="bbox 273 422 1786 464; baseline 0.005 -14"><span class='ocrx_word' id='word_1_51' title='bbox 273 422 382 451; x_wconf 79' lang='lat' dir='ltr'><strong>tredine</strong></span> <span class='ocrx_word' id='word_1_52' title='bbox 401 423 516 459; x_wconf 87' lang='lat' dir='ltr'><strong>penitus</strong></span> <span class='ocrx_word' id='word_1_53' title='bbox 545 431 718 460; x_wconf 87' lang='lat' dir='ltr'>corruptae,</span> <span class='ocrx_word' id='word_1_54' title='bbox 746 431 840 461; x_wconf 88' lang='lat' dir='ltr'><strong>partes</strong></span> <span class='ocrx_word' id='word_1_55' title='bbox 867 431 895 454; x_wconf 87' lang='lat' dir='ltr'><strong>et</strong></span> <span class='ocrx_word' id='word_1_56' title='bbox 925 435 998 461; x_wconf 91' lang='lat' dir='ltr'><strong>quae</strong></span> <span class='ocrx_word' id='word_1_57' title='bbox 1024 428 1128 463; x_wconf 86' lang='lat' dir='ltr'><strong>aquis,</strong></span> <span class='ocrx_word' id='word_1_58' title='bbox 1160 434 1187 456; x_wconf 91' lang='lat' dir='ltr'><strong>et</strong></span> <span class='ocrx_word' id='word_1_59' title='bbox 1215 436 1287 463; x_wconf 89' lang='lat' dir='ltr'><strong>quae</strong></span> <span class='ocrx_word' id='word_1_60' title='bbox 1315 427 1452 456; x_wconf 77' lang='lat' dir='ltr'><strong>alcalibus</strong></span> <span class='ocrx_word' id='word_1_61' title='bbox 1482 428 1660 463; x_wconf 88' lang='lat' dir='ltr'><strong>solvuntur,</strong></span> <span class='ocrx_word' id='word_1_62' title='bbox 1691 436 1786 464; x_wconf 87' lang='lat' dir='ltr'><strong>partes</strong></span> 
     </span>
     <span class='ocr_line' id='line_1_7' title="bbox 278 474 1791 514; baseline 0.005 -13"><span class='ocrx_word' id='word_1_63' title='bbox 278 482 350 509; x_wconf 84' lang='lat' dir='ltr'><strong>quae</strong></span> <span class='ocrx_word' id='word_1_64' title='bbox 375 474 543 503; x_wconf 85' lang='lat' dir='ltr'><strong>carbonicae</strong></span> <span class='ocrx_word' id='word_1_65' title='bbox 569 475 723 510; x_wconf 87' lang='lat' dir='ltr'><strong>dicuntur,</strong></span> <span class='ocrx_word' id='word_1_66' title='bbox 749 475 862 505; x_wconf 88' lang='lat' dir='ltr'><strong>diversa</strong></span> <span class='ocrx_word' id='word_1_67' title='bbox 889 477 978 513; x_wconf 86' lang='lat' dir='ltr'><strong>salia,</strong></span> <span class='ocrx_word' id='word_1_68' title='bbox 1008 477 1074 507; x_wconf 81' lang='lat' dir='ltr'><strong>alia.</strong></span> <span class='ocrx_word' id='word_1_69' title='bbox 1114 479 1159 507; x_wconf 89' lang='lat' dir='ltr'><strong>De</strong></span> <span class='ocrx_word' id='word_1_70' title='bbox 1190 478 1235 507; x_wconf 88' lang='lat' dir='ltr'><strong>his</strong></span> <span class='ocrx_word' id='word_1_71' title='bbox 1260 478 1299 507; x_wconf 86' lang='lat' dir='ltr'><strong>ita</strong></span> <span class='ocrx_word' id='word_1_72' title='bbox 1325 477 1446 507; x_wconf 82' lang='lat' dir='ltr'>seorsim</span> <span class='ocrx_word' id='word_1_73' title='bbox 1475 477 1622 514; x_wconf 81' lang='lat' dir='ltr'><strong>dicemus,</strong></span> <span class='ocrx_word' id='word_1_74' title='bbox 1651 484 1684 507; x_wconf 92' lang='lat' dir='ltr'><strong>ut</strong></span> <span class='ocrx_word' id='word_1_75' title='bbox 1703 478 1791 510; x_wconf 88' lang='lat' dir='ltr'><strong>simul</strong></span> 
     </span>
     <span class='ocr_line' id='line_1_8' title="bbox 276 525 1534 564; baseline 0.004 -12"><span class='ocrx_word' id='word_1_76' title='bbox 276 531 430 561; x_wconf 81' lang='lat' dir='ltr'><strong>appareat,</strong></span> <span class='ocrx_word' id='word_1_77' title='bbox 464 525 569 561; x_wconf 83' lang='lat' dir='ltr'><strong>quibus</strong></span> <span class='ocrx_word' id='word_1_78' title='bbox 599 526 698 554; x_wconf 88' lang='lat' dir='ltr'><strong>harum</strong></span> <span class='ocrx_word' id='word_1_79' title='bbox 717 526 891 556; x_wconf 82' lang='lat' dir='ltr'><strong>diVersarum</strong></span> <span class='ocrx_word' id='word_1_80' title='bbox 909 528 1033 564; x_wconf 87' lang='lat' dir='ltr'><strong>partium</strong></span> <span class='ocrx_word' id='word_1_81' title='bbox 1051 537 1107 557; x_wconf 89' lang='lat' dir='ltr'><strong>una</strong></span> <span class='ocrx_word' id='word_1_82' title='bbox 1125 529 1229 557; x_wconf 89' lang='lat' dir='ltr'><strong>humus</strong></span> <span class='ocrx_word' id='word_1_83' title='bbox 1251 529 1286 557; x_wconf 88' lang='lat' dir='ltr'><strong>ab</strong></span> <span class='ocrx_word' id='word_1_84' title='bbox 1307 530 1393 558; x_wconf 85' lang='lat' dir='ltr'><strong>altera</strong></span> <span class='ocrx_word' id='word_1_85' title='bbox 1413 528 1534 557; x_wconf 84' lang='lat' dir='ltr'><strong>differat.</strong></span> 
     </span>
    </p>

    <p class='ocr_par' dir='ltr' id='par_1_4' title="bbox 272 577 1797 1117">
     <span class='ocr_line' id='line_1_9' title="bbox 315 577 1790 617; baseline 0.003 -12"><span class='ocrx_word' id='word_1_86' title='bbox 315 577 437 613; x_wconf 86' lang='lat' dir='ltr'><strong>Fibrae,</strong></span> <span class='ocrx_word' id='word_1_87' title='bbox 468 577 595 606; x_wconf 87' lang='lat' dir='ltr'><strong>nondum</strong></span> <span class='ocrx_word' id='word_1_88' title='bbox 626 578 777 614; x_wconf 85' lang='lat' dir='ltr'>putredine</span> <span class='ocrx_word' id='word_1_89' title='bbox 804 579 873 608; x_wconf 88' lang='lat' dir='ltr'><strong>satis</strong></span> <span class='ocrx_word' id='word_1_90' title='bbox 904 585 1077 616; x_wconf 84' lang='lat' dir='ltr'><strong>corruptae,</strong></span> <span class='ocrx_word' id='word_1_91' title='bbox 1100 579 1284 608; x_wconf 84' lang='lat' dir='ltr'><strong>tenuissimae</strong></span> <span class='ocrx_word' id='word_1_92' title='bbox 1310 586 1401 616; x_wconf 83' lang='lat' dir='ltr'><strong>sunt,</strong></span> <span class='ocrx_word' id='word_1_93' title='bbox 1428 586 1455 608; x_wconf 91' lang='lat' dir='ltr'><strong>et</strong></span> <span class='ocrx_word' id='word_1_94' title='bbox 1481 587 1558 608; x_wconf 87' lang='lat' dir='ltr'><strong>nunc</strong></span> <span class='ocrx_word' id='word_1_95' title='bbox 1583 580 1681 616; x_wconf 88' lang='lat' dir='ltr'><strong>plures</strong></span> <span class='ocrx_word' id='word_1_96' title='bbox 1701 587 1790 617; x_wconf 87' lang='lat' dir='ltr'><strong>sunt,</strong></span> 
     </span>
     <span class='ocr_line' id='line_1_10' title="bbox 280 628 1793 668; baseline 0.003 -12"><span class='ocrx_word' id='word_1_97' title='bbox 280 636 356 656; x_wconf 88' lang='lat' dir='ltr'><strong>nunc</strong></span> <span class='ocrx_word' id='word_1_98' title='bbox 373 636 492 657; x_wconf 89' lang='lat' dir='ltr'><strong>nurnero</strong></span> <span class='ocrx_word' id='word_1_99' title='bbox 509 628 645 659; x_wconf 90' lang='lat' dir='ltr'><strong>minores.</strong></span> <span class='ocrx_word' id='word_1_100' title='bbox 676 629 762 658; x_wconf 88' lang='lat' dir='ltr'>Licet</span> <span class='ocrx_word' id='word_1_101' title='bbox 778 631 869 666; x_wconf 89' lang='lat' dir='ltr'><strong>tales,</strong></span> <span class='ocrx_word' id='word_1_102' title='bbox 890 631 988 665; x_wconf 89' lang='lat' dir='ltr'><strong>quales</strong></span> <span class='ocrx_word' id='word_1_103' title='bbox 1006 629 1038 659; x_wconf 92' lang='lat' dir='ltr'><strong>in</strong></span> <span class='ocrx_word' id='word_1_104' title='bbox 1055 630 1143 660; x_wconf 89' lang='lat' dir='ltr'><strong>humo</strong></span> <span class='ocrx_word' id='word_1_105' title='bbox 1160 631 1264 660; x_wconf 80' lang='lat' dir='ltr'><strong>adsunt</strong></span> <span class='ocrx_word' id='word_1_106' title='bbox 1275 650 1285 667; x_wconf 93' lang='lat'><strong>,</strong></span> <span class='ocrx_word' id='word_1_107' title='bbox 1297 630 1380 667; x_wconf 90' lang='lat' dir='ltr'><strong>aquis</strong></span> <span class='ocrx_word' id='word_1_108' title='bbox 1396 639 1455 660; x_wconf 89' lang='lat' dir='ltr'><strong>non</strong></span> <span class='ocrx_word' id='word_1_109' title='bbox 1474 630 1671 667; x_wconf 87' lang='lat' dir='ltr'><strong>suscipiuntur</strong></span> <span class='ocrx_word' id='word_1_110' title='bbox 1682 651 1692 668; x_wconf 91' lang='lat'><strong>,</strong></span> <span class='ocrx_word' id='word_1_111' title='bbox 1705 632 1793 661; x_wconf 87' lang='lat' dir='ltr'><strong>adeo-</strong></span> 
     </span>
     <span class='ocr_line' id='line_1_11' title="bbox 278 680 1794 718; baseline 0.003 -11"><span class='ocrx_word' id='word_1_112' title='bbox 278 687 334 715; x_wconf 87' lang='lat' dir='ltr'><strong>que</strong></span> <span class='ocrx_word' id='word_1_113' title='bbox 353 680 511 715; x_wconf 86' lang='lat' dir='ltr'><strong>plantarum</strong></span> <span class='ocrx_word' id='word_1_114' title='bbox 537 680 680 709; x_wconf 85' lang='lat' dir='ltr'><strong>radicibus</strong></span> <span class='ocrx_word' id='word_1_115' title='bbox 707 681 821 710; x_wconf 89' lang='lat' dir='ltr'><strong>minime</strong></span> <span class='ocrx_word' id='word_1_116' title='bbox 845 681 1036 716; x_wconf 85' lang='lat' dir='ltr'><strong>hauriuntur,</strong></span> <span class='ocrx_word' id='word_1_117' title='bbox 1059 688 1151 710; x_wconf 87' lang='lat' dir='ltr'><strong>tamen</strong></span> <span class='ocrx_word' id='word_1_118' title='bbox 1174 691 1233 711; x_wconf 91' lang='lat' dir='ltr'><strong>non</strong></span> <span class='ocrx_word' id='word_1_119' title='bbox 1248 681 1432 718; x_wconf 83' lang='lat' dir='ltr'><strong>negligendae</strong></span> <span class='ocrx_word' id='word_1_120' title='bbox 1450 688 1538 718; x_wconf 80' lang='lat' dir='ltr'><strong>sunt,</strong></span> <span class='ocrx_word' id='word_1_121' title='bbox 1561 682 1695 718; x_wconf 78' lang='lat' dir='ltr'><strong>quoniam</strong></span> <span class='ocrx_word' id='word_1_122' title='bbox 1721 689 1794 712; x_wconf 85' lang='lat' dir='ltr'><strong>tem-</strong></span> 
     </span>
     <span class='ocr_line' id='line_1_12' title="bbox 276 730 1794 769; baseline 0.002 -10"><span class='ocrx_word' id='word_1_123' title='bbox 276 739 349 766; x_wconf 81' lang='lat' dir='ltr'><strong>pore</strong></span> <span class='ocrx_word' id='word_1_124' title='bbox 373 730 450 767; x_wconf 85' lang='lat' dir='ltr'>ipsae</span> <span class='ocrx_word' id='word_1_125' title='bbox 470 731 499 760; x_wconf 91' lang='lat' dir='ltr'><strong>in</strong></span> <span class='ocrx_word' id='word_1_126' title='bbox 523 741 617 761; x_wconf 86' lang='lat' dir='ltr'><strong>veram</strong></span> <span class='ocrx_word' id='word_1_127' title='bbox 636 732 753 760; x_wconf 85' lang='lat' dir='ltr'><strong>humum</strong></span> <span class='ocrx_word' id='word_1_128' title='bbox 770 732 921 768; x_wconf 85' lang='lat' dir='ltr'>putredine</span> <span class='ocrx_word' id='word_1_129' title='bbox 940 739 1163 761; x_wconf 86' lang='lat' dir='ltr'><strong>convertuntur.</strong></span> <span class='ocrx_word' id='word_1_130' title='bbox 1206 733 1282 761; x_wconf 85' lang='lat' dir='ltr'><strong>Cum</strong></span> <span class='ocrx_word' id='word_1_131' title='bbox 1310 733 1385 761; x_wconf 90' lang='lat' dir='ltr'><strong>enim</strong></span> <span class='ocrx_word' id='word_1_132' title='bbox 1411 733 1516 761; x_wconf 90' lang='lat' dir='ltr'><strong>humus</strong></span> <span class='ocrx_word' id='word_1_133' title='bbox 1542 733 1588 762; x_wconf 86' lang='lat' dir='ltr'><strong>vel</strong></span> <span class='ocrx_word' id='word_1_134' title='bbox 1609 740 1725 769; x_wconf 81' lang='lat' dir='ltr'><strong>potassa</strong></span> <span class='ocrx_word' id='word_1_135' title='bbox 1745 734 1794 763; x_wconf 85' lang='lat' dir='ltr'><strong>vel</strong></span> 
     </span>
     <span class='ocr_line' id='line_1_13' title="bbox 274 782 1795 820; baseline 0.003 -11"><span class='ocrx_word' id='word_1_136' title='bbox 274 782 346 810; x_wconf 84' lang='lat' dir='ltr'><strong>soda</strong></span> <span class='ocrx_word' id='word_1_137' title='bbox 376 783 423 811; x_wconf 82' lang='lat' dir='ltr'><strong>vel</strong></span> <span class='ocrx_word' id='word_1_138' title='bbox 455 784 533 811; x_wconf 89' lang='lat' dir='ltr'><strong>calce</strong></span> <span class='ocrx_word' id='word_1_139' title='bbox 563 790 758 819; x_wconf 84' lang='lat' dir='ltr'><strong>excoquatur,</strong></span> <span class='ocrx_word' id='word_1_140' title='bbox 788 784 1010 820; x_wconf 80' lang='lat' dir='ltr'><strong>relinquuntur,</strong></span> <span class='ocrx_word' id='word_1_141' title='bbox 1043 783 1178 819; x_wconf 86' lang='lat' dir='ltr'><strong>quoniam</strong></span> <span class='ocrx_word' id='word_1_142' title='bbox 1213 791 1308 819; x_wconf 89' lang='lat' dir='ltr'><strong>neque</strong></span> <span class='ocrx_word' id='word_1_143' title='bbox 1336 783 1411 818; x_wconf 64' lang='lat' dir='ltr'><strong>aqua</strong></span> <span class='ocrx_word' id='word_1_144' title='bbox 1444 791 1538 818; x_wconf 86' lang='lat' dir='ltr'><strong>neque</strong></span> <span class='ocrx_word' id='word_1_145' title='bbox 1566 783 1703 812; x_wconf 84' lang='lat' dir='ltr'><strong>alcalibus</strong></span> <span class='ocrx_word' id='word_1_146' title='bbox 1734 785 1795 813; x_wconf 89' lang='lat' dir='ltr'><strong>sol-</strong></span> 
     </span>
     <span class='ocr_line' id='line_1_14' title="bbox 273 833 1796 872; baseline 0.003 -12"><span class='ocrx_word' id='word_1_147' title='bbox 273 839 401 868; x_wconf 88' lang='lat' dir='ltr'><strong>vuntur;</strong></span> <span class='ocrx_word' id='word_1_148' title='bbox 423 833 485 860; x_wconf 67' lang='lat' dir='ltr'><strong>aere</strong></span> <span class='ocrx_word' id='word_1_149' title='bbox 512 840 604 863; x_wconf 87' lang='lat' dir='ltr'><strong>tamen</strong></span> <span class='ocrx_word' id='word_1_150' title='bbox 631 834 672 863; x_wconf 85' lang='lat' dir='ltr'><strong>sic</strong></span> <span class='ocrx_word' id='word_1_151' title='bbox 692 842 860 871; x_wconf 89' lang='lat' dir='ltr'><strong>mutantur,</strong></span> <span class='ocrx_word' id='word_1_152' title='bbox 882 841 915 863; x_wconf 92' lang='lat' dir='ltr'><strong>ut</strong></span> <span class='ocrx_word' id='word_1_153' title='bbox 941 835 1076 872; x_wconf 87' lang='lat' dir='ltr'><strong>deinceps</strong></span> <span class='ocrx_word' id='word_1_154' title='bbox 1102 834 1295 864; x_wconf 87' lang='lat' dir='ltr'><strong>comminutae</strong></span> <span class='ocrx_word' id='word_1_155' title='bbox 1316 841 1345 863; x_wconf 93' lang='lat' dir='ltr'><strong>et</strong></span> <span class='ocrx_word' id='word_1_156' title='bbox 1370 841 1538 863; x_wconf 87' lang='lat' dir='ltr'><strong>corruentes</strong></span> <span class='ocrx_word' id='word_1_157' title='bbox 1564 835 1653 871; x_wconf 85' lang='lat' dir='ltr'><strong>magis</strong></span> <span class='ocrx_word' id='word_1_158' title='bbox 1684 835 1796 864; x_wconf 88' lang='lat' dir='ltr'><strong>solubi-</strong></span> 
     </span>
     <span class='ocr_line' id='line_1_15' title="bbox 274 882 1793 923; baseline 0.004 -13"><span class='ocrx_word' id='word_1_159' title='bbox 274 884 316 911; x_wconf 88' lang='lat' dir='ltr'><strong>les</strong></span> <span class='ocrx_word' id='word_1_160' title='bbox 337 882 424 918; x_wconf 85' lang='lat' dir='ltr'><strong>fiant,</strong></span> <span class='ocrx_word' id='word_1_161' title='bbox 453 890 539 919; x_wconf 88' lang='lat' dir='ltr'><strong>atque</strong></span> <span class='ocrx_word' id='word_1_162' title='bbox 557 884 695 913; x_wconf 91' lang='lat' dir='ltr'><strong>continuo</strong></span> <span class='ocrx_word' id='word_1_163' title='bbox 714 886 802 923; x_wconf 87' lang='lat' dir='ltr'><strong>magis</strong></span> <span class='ocrx_word' id='word_1_164' title='bbox 821 886 901 914; x_wconf 86' lang='lat' dir='ltr'><strong>humi</strong></span> <span class='ocrx_word' id='word_1_165' title='bbox 920 895 1020 915; x_wconf 88' lang='lat' dir='ltr'><strong>omnes</strong></span> <span class='ocrx_word' id='word_1_166' title='bbox 1049 885 1241 922; x_wconf 86' lang='lat' dir='ltr'><strong>proprietates</strong></span> <span class='ocrx_word' id='word_1_167' title='bbox 1268 891 1441 915; x_wconf 86' lang='lat' dir='ltr'><strong>monstrent.</strong></span> <span class='ocrx_word' id='word_1_168' title='bbox 1482 884 1587 914; x_wconf 85' lang='lat' dir='ltr'><strong>Calore</strong></span> <span class='ocrx_word' id='word_1_169' title='bbox 1614 886 1657 914; x_wconf 89' lang='lat' dir='ltr'><strong>sic</strong></span> <span class='ocrx_word' id='word_1_170' title='bbox 1683 894 1793 916; x_wconf 82' lang='lat' dir='ltr'><strong>mutan·</strong></span> 
     </span>
     <span class='ocr_line' id='line_1_16' title="bbox 274 933 1793 974; baseline 0.003 -12"><span class='ocrx_word' id='word_1_171' title='bbox 274 941 344 968; x_wconf 83' lang='lat' dir='ltr'><strong>tur,</strong></span> <span class='ocrx_word' id='word_1_172' title='bbox 374 941 405 962; x_wconf 90' lang='lat' dir='ltr'><strong>ut</strong></span> <span class='ocrx_word' id='word_1_173' title='bbox 425 933 549 963; x_wconf 84' lang='lat' dir='ltr'><strong>forment</strong></span> <span class='ocrx_word' id='word_1_174' title='bbox 573 944 696 971; x_wconf 81' lang='lat' dir='ltr'><strong>aquam,</strong></span> <span class='ocrx_word' id='word_1_175' title='bbox 719 938 814 965; x_wconf 87' lang='lat' dir='ltr'><strong>oleum</strong></span> <span class='ocrx_word' id='word_1_176' title='bbox 837 937 1068 974; x_wconf 85' lang='lat' dir='ltr'><strong>pyro-animale,</strong></span> <span class='ocrx_word' id='word_1_177' title='bbox 1099 936 1210 966; x_wconf 88' lang='lat' dir='ltr'><strong>acidum</strong></span> <span class='ocrx_word' id='word_1_178' title='bbox 1234 935 1418 964; x_wconf 83' lang='lat' dir='ltr'><strong>carbonicum</strong></span> <span class='ocrx_word' id='word_1_179' title='bbox 1445 942 1474 964; x_wconf 92' lang='lat' dir='ltr'><strong>et</strong></span> <span class='ocrx_word' id='word_1_180' title='bbox 1497 936 1707 973; x_wconf 88' lang='lat' dir='ltr'><strong>hydrogenium</strong></span> <span class='ocrx_word' id='word_1_181' title='bbox 1732 946 1793 967; x_wconf 86' lang='lat' dir='ltr'><strong>car-</strong></span> 
     </span>
     <span class='ocr_line' id='line_1_17' title="bbox 274 985 1791 1027; baseline 0.002 -14"><span class='ocrx_word' id='word_1_182' title='bbox 274 985 430 1022; x_wconf 65' lang='lat' dir='ltr'><strong>bonicum</strong></span> <span class='ocrx_word' id='word_1_183' title='bbox 455 985 585 1014; x_wconf 77' lang='lat' dir='ltr'><strong>exhalant</strong></span> <span class='ocrx_word' id='word_1_184' title='bbox 613 987 695 1015; x_wconf 87' lang='lat' dir='ltr'><strong>etiam</strong></span> <span class='ocrx_word' id='word_1_185' title='bbox 726 988 830 1016; x_wconf 86' lang='lat' dir='ltr'><strong>odores</strong></span> <span class='ocrx_word' id='word_1_186' title='bbox 860 988 1017 1017; x_wconf 87' lang='lat' dir='ltr'><strong>ammoniae</strong></span> <span class='ocrx_word' id='word_1_187' title='bbox 1039 990 1125 1027; x_wconf 80' lang='lat'><strong>(2),</strong></span> <span class='ocrx_word' id='word_1_188' title='bbox 1148 994 1175 1016; x_wconf 91' lang='lat' dir='ltr'><strong>et</strong></span> <span class='ocrx_word' id='word_1_189' title='bbox 1200 986 1322 1016; x_wconf 86' lang='lat' dir='ltr'><strong>cinerem</strong></span> <span class='ocrx_word' id='word_1_190' title='bbox 1348 986 1536 1022; x_wconf 80' lang='lat' dir='ltr'><strong>relinquunt,</strong></span> <span class='ocrx_word' id='word_1_191' title='bbox 1561 987 1592 1016; x_wconf 89' lang='lat' dir='ltr'><strong>in</strong></span> <span class='ocrx_word' id='word_1_192' title='bbox 1620 996 1679 1023; x_wconf 88' lang='lat' dir='ltr'><strong>quo</strong></span> <span class='ocrx_word' id='word_1_193' title='bbox 1708 996 1791 1025; x_wconf 83' lang='lat' dir='ltr'><strong>repe-</strong></span> 
     </span>
     <span class='ocr_line' id='line_1_18' title="bbox 275 1036 1797 1075; baseline 0.003 -11"><span class='ocrx_word' id='word_1_194' title='bbox 275 1036 389 1065; x_wconf 87' lang='lat' dir='ltr'><strong>riuntur</strong></span> <span class='ocrx_word' id='word_1_195' title='bbox 424 1036 519 1065; x_wconf 83' lang='lat' dir='ltr'><strong>eadem</strong></span> <span class='ocrx_word' id='word_1_196' title='bbox 547 1037 635 1073; x_wconf 82' lang='lat' dir='ltr'><strong>salia,</strong></span> <span class='ocrx_word' id='word_1_197' title='bbox 672 1039 784 1067; x_wconf 87' lang='lat' dir='ltr'><strong>eaedem</strong></span> <span class='ocrx_word' id='word_1_198' title='bbox 812 1045 902 1067; x_wconf 84' lang='lat' dir='ltr'><strong>terrae</strong></span> <span class='ocrx_word' id='word_1_199' title='bbox 929 1045 957 1067; x_wconf 94' lang='lat' dir='ltr'><strong>et</strong></span> <span class='ocrx_word' id='word_1_200' title='bbox 984 1039 1079 1068; x_wconf 90' lang='lat' dir='ltr'><strong>eadem</strong></span> <span class='ocrx_word' id='word_1_201' title='bbox 1104 1039 1197 1075; x_wconf 86' lang='lat' dir='ltr'><strong>oxyda</strong></span> <span class='ocrx_word' id='word_1_202' title='bbox 1226 1037 1387 1074; x_wconf 85' lang='lat' dir='ltr'><strong>metallica,</strong></span> <span class='ocrx_word' id='word_1_203' title='bbox 1411 1045 1484 1073; x_wconf 86' lang='lat' dir='ltr'><strong>quae</strong></span> <span class='ocrx_word' id='word_1_204' title='bbox 1505 1037 1627 1067; x_wconf 83' lang='lat' dir='ltr'><strong>inveniri</strong></span> <span class='ocrx_word' id='word_1_205' title='bbox 1647 1040 1746 1069; x_wconf 87' lang='lat' dir='ltr'><strong>solent</strong></span> <span class='ocrx_word' id='word_1_206' title='bbox 1764 1038 1797 1069; x_wconf 89' lang='lat' dir='ltr'><strong>in</strong></span> 
     </span>
     <span class='ocr_line' id='line_1_19' title="bbox 272 1088 374 1117; baseline 0.01 -1"><span class='ocrx_word' id='word_1_207' title='bbox 272 1088 374 1117; x_wconf 85' lang='lat' dir='ltr'><strong>humo.</strong></span> 
     </span>
    </p>

    <p class='ocr_par' dir='ltr' id='par_1_5' title="bbox 273 1138 1800 1842">
     <span class='ocr_line' id='line_1_20' title="bbox 312 1138 1796 1179; baseline 0.002 -11"><span class='ocrx_word' id='word_1_208' title='bbox 312 1138 403 1168; x_wconf 88' lang='lat' dir='ltr'><strong>Nunc</strong></span> <span class='ocrx_word' id='word_1_209' title='bbox 424 1145 517 1167; x_wconf 88' lang='lat' dir='ltr'><strong>autem</strong></span> <span class='ocrx_word' id='word_1_210' title='bbox 541 1139 575 1167; x_wconf 92' lang='lat' dir='ltr'><strong>de</strong></span> <span class='ocrx_word' id='word_1_211' title='bbox 600 1138 659 1167; x_wconf 88' lang='lat' dir='ltr'><strong>illis</strong></span> <span class='ocrx_word' id='word_1_212' title='bbox 681 1139 762 1167; x_wconf 90' lang='lat' dir='ltr'><strong>humi</strong></span> <span class='ocrx_word' id='word_1_213' title='bbox 786 1140 917 1175; x_wconf 83' lang='lat' dir='ltr'><strong>partibus</strong></span> <span class='ocrx_word' id='word_1_214' title='bbox 940 1140 1108 1177; x_wconf 85' lang='lat' dir='ltr'><strong>videamus,</strong></span> <span class='ocrx_word' id='word_1_215' title='bbox 1132 1149 1204 1176; x_wconf 85' lang='lat' dir='ltr'><strong>quae</strong></span> <span class='ocrx_word' id='word_1_216' title='bbox 1225 1139 1260 1168; x_wconf 90' lang='lat' dir='ltr'><strong>ab</strong></span> <span class='ocrx_word' id='word_1_217' title='bbox 1285 1147 1358 1175; x_wconf 88' lang='lat' dir='ltr'><strong>aqua</strong></span> <span class='ocrx_word' id='word_1_218' title='bbox 1376 1139 1593 1176; x_wconf 86' lang='lat' dir='ltr'><strong>suscipiuntur,</strong></span> <span class='ocrx_word' id='word_1_219' title='bbox 1616 1149 1796 1179; x_wconf 89' lang='lat' dir='ltr'><strong>quarumque</strong></span> 
     </span>
     <span class='ocr_line' id='line_1_21' title="bbox 273 1189 1799 1227; baseline 0.004 -10"><span class='ocrx_word' id='word_1_220' title='bbox 273 1189 399 1220; x_wconf 83' lang='lat' dir='ltr'><strong>indolem</strong></span> <span class='ocrx_word' id='word_1_221' title='bbox 426 1195 557 1219; x_wconf 84' lang='lat' dir='ltr'><strong>accurate</strong></span> <span class='ocrx_word' id='word_1_222' title='bbox 582 1191 730 1225; x_wconf 78' lang='lat' dir='ltr'><strong>explorare</strong></span> <span class='ocrx_word' id='word_1_223' title='bbox 753 1191 856 1219; x_wconf 86' lang='lat' dir='ltr'><strong>summi</strong></span> <span class='ocrx_word' id='word_1_224' title='bbox 877 1198 921 1220; x_wconf 89' lang='lat' dir='ltr'><strong>est</strong></span> <span class='ocrx_word' id='word_1_225' title='bbox 945 1192 1109 1227; x_wconf 87' lang='lat' dir='ltr'><strong>momenti,</strong></span> <span class='ocrx_word' id='word_1_226' title='bbox 1140 1189 1296 1226; x_wconf 85' lang='lat' dir='ltr'><strong>quoniam,</strong></span> <span class='ocrx_word' id='word_1_227' title='bbox 1327 1195 1359 1217; x_wconf 90' lang='lat' dir='ltr'><strong>ut</strong></span> <span class='ocrx_word' id='word_1_228' title='bbox 1387 1189 1453 1219; x_wconf 83' lang='lat' dir='ltr'><strong>dein</strong></span> <span class='ocrx_word' id='word_1_229' title='bbox 1475 1190 1656 1227; x_wconf 86' lang='lat' dir='ltr'><strong>videbimus,</strong></span> <span class='ocrx_word' id='word_1_230' title='bbox 1684 1191 1738 1222; x_wconf 86' lang='lat' dir='ltr'><strong>hae</strong></span> <span class='ocrx_word' id='word_1_231' title='bbox 1762 1193 1799 1223; x_wconf 80' lang='lat' dir='ltr'><strong>ad</strong></span> 
     </span>
     <span class='ocr_line' id='line_1_22' title="bbox 273 1239 1797 1279; baseline 0.002 -9"><span class='ocrx_word' id='word_1_232' title='bbox 273 1244 386 1279; x_wconf 83' lang='lat' dir='ltr'><strong>plantas</strong></span> <span class='ocrx_word' id='word_1_233' title='bbox 414 1239 578 1270; x_wconf 86' lang='lat' dir='ltr'><strong>nutriendas</strong></span> <span class='ocrx_word' id='word_1_234' title='bbox 601 1239 755 1275; x_wconf 86' lang='lat' dir='ltr'><strong>plurimum</strong></span> <span class='ocrx_word' id='word_1_235' title='bbox 781 1241 949 1275; x_wconf 81' lang='lat' dir='ltr'><strong>conferunt.</strong></span> <span class='ocrx_word' id='word_1_236' title='bbox 990 1243 1067 1272; x_wconf 88' lang='lat' dir='ltr'><strong>Cum</strong></span> <span class='ocrx_word' id='word_1_237' title='bbox 1086 1241 1174 1277; x_wconf 85' lang='lat' dir='ltr'><strong>igitur</strong></span> <span class='ocrx_word' id='word_1_238' title='bbox 1196 1240 1301 1269; x_wconf 87' lang='lat' dir='ltr'><strong>humus</strong></span> <span class='ocrx_word' id='word_1_239' title='bbox 1322 1246 1518 1276; x_wconf 85' lang='lat' dir='ltr'><strong>excoquatur,</strong></span> <span class='ocrx_word' id='word_1_240' title='bbox 1540 1250 1613 1277; x_wconf 88' lang='lat' dir='ltr'><strong>aqua</strong></span> <span class='ocrx_word' id='word_1_241' title='bbox 1629 1242 1718 1273; x_wconf 89' lang='lat' dir='ltr'><strong>solvit</strong></span> <span class='ocrx_word' id='word_1_242' title='bbox 1735 1252 1797 1273; x_wconf 87' lang='lat' dir='ltr'><strong>eam</strong></span> 
     </span>
     <span class='ocr_line' id='line_1_23' title="bbox 275 1289 1797 1331; baseline 0.003 -11"><span class='ocrx_word' id='word_1_243' title='bbox 275 1298 405 1328; x_wconf 77' lang='lat' dir='ltr'><strong>partem,</strong></span> <span class='ocrx_word' id='word_1_244' title='bbox 436 1298 520 1325; x_wconf 82' lang='lat' dir='ltr'><strong>quam</strong></span> <span class='ocrx_word' id='word_1_245' title='bbox 554 1297 710 1320; x_wconf 85' lang='lat' dir='ltr'><strong>extractum</strong></span> <span class='ocrx_word' id='word_1_246' title='bbox 740 1301 839 1322; x_wconf 88' lang='lat' dir='ltr'><strong>omnes</strong></span> <span class='ocrx_word' id='word_1_247' title='bbox 872 1296 919 1323; x_wconf 89' lang='lat' dir='ltr'><strong>vel</strong></span> <span class='ocrx_word' id='word_1_248' title='bbox 942 1294 1025 1323; x_wconf 84' lang='lat' dir='ltr'><strong>etiam</strong></span> <span class='ocrx_word' id='word_1_249' title='bbox 1053 1291 1212 1330; x_wconf 84' lang='lat' dir='ltr'><strong>germanice</strong></span> <span class='ocrx_word' id='word_1_250' title='bbox 1239 1289 1418 1327; x_wconf 73' lang='lat' dir='ltr'><strong>oxydulirter</strong></span> <span class='ocrx_word' id='word_1_251' title='bbox 1445 1293 1562 1321; x_wconf 85' lang='lat' dir='ltr'><strong>humum</strong></span> <span class='ocrx_word' id='word_1_252' title='bbox 1586 1299 1691 1322; x_wconf 90' lang='lat' dir='ltr'><strong>vocant</strong></span> <span class='ocrx_word' id='word_1_253' title='bbox 1713 1294 1797 1331; x_wconf 81' lang='grc'>(3).</span> 
     </span>
     <span class='ocr_line' id='line_1_24' title="bbox 273 1340 1794 1384; baseline 0.004 -13"><span class='ocrx_word' id='word_1_254' title='bbox 273 1343 353 1372; x_wconf 82' lang='lat' dir='ltr'><strong>Haec</strong></span> <span class='ocrx_word' id='word_1_255' title='bbox 379 1340 510 1370; x_wconf 79' lang='lat' dir='ltr'><strong>materies</strong></span> <span class='ocrx_word' id='word_1_256' title='bbox 537 1350 627 1377; x_wconf 85' lang='lat' dir='ltr'><strong>aquae</strong></span> <span class='ocrx_word' id='word_1_257' title='bbox 655 1345 701 1372; x_wconf 92' lang='lat' dir='ltr'><strong>vel</strong></span> <span class='ocrx_word' id='word_1_258' title='bbox 726 1344 831 1373; x_wconf 81' lang='lat' dir='ltr'><strong>flavum</strong></span> <span class='ocrx_word' id='word_1_259' title='bbox 857 1346 904 1374; x_wconf 85' lang='lat' dir='ltr'><strong>vel</strong></span> <span class='ocrx_word' id='word_1_260' title='bbox 927 1345 1042 1375; x_wconf 86' lang='lat' dir='ltr'><strong>fuscum</strong></span> <span class='ocrx_word' id='word_1_261' title='bbox 1067 1347 1202 1377; x_wconf 88' lang='lat' dir='ltr'><strong>conciliat</strong></span> <span class='ocrx_word' id='word_1_262' title='bbox 1226 1348 1354 1375; x_wconf 89' lang='lat' dir='ltr'><strong>colorem</strong></span> <span class='ocrx_word' id='word_1_263' title='bbox 1383 1353 1412 1375; x_wconf 90' lang='lat' dir='ltr'><strong>et</strong></span> <span class='ocrx_word' id='word_1_264' title='bbox 1437 1356 1568 1384; x_wconf 87' lang='lat' dir='ltr'><strong>saporem</strong></span> <span class='ocrx_word' id='word_1_265' title='bbox 1591 1347 1794 1382; x_wconf 86' lang='lat' dir='ltr'><strong>subamarum,</strong></span> 
     </span>
     <span class='ocr_line' id='line_1_25' title="bbox 274 1393 1798 1434; baseline 0.002 -9"><span class='ocrx_word' id='word_1_266' title='bbox 274 1403 329 1425; x_wconf 83' lang='lat' dir='ltr'><strong>nec</strong></span> <span class='ocrx_word' id='word_1_267' title='bbox 353 1393 425 1422; x_wconf 85' lang='lat' dir='ltr'><strong>acidi</strong></span> <span class='ocrx_word' id='word_1_268' title='bbox 450 1399 543 1421; x_wconf 85' lang='lat' dir='ltr'><strong>tamen</strong></span> <span class='ocrx_word' id='word_1_269' title='bbox 572 1402 624 1421; x_wconf 88' lang='lat' dir='ltr'><strong>nec</strong></span> <span class='ocrx_word' id='word_1_270' title='bbox 650 1394 731 1423; x_wconf 86' lang='lat' dir='ltr'><strong>alcali</strong></span> <span class='ocrx_word' id='word_1_271' title='bbox 761 1402 900 1425; x_wconf 85' lang='lat' dir='ltr'><strong>monstrat</strong></span> <span class='ocrx_word' id='word_1_272' title='bbox 924 1397 1076 1429; x_wconf 78' lang='lat' dir='ltr'><strong>indicium.</strong></span> <span class='ocrx_word' id='word_1_273' title='bbox 1116 1398 1198 1428; x_wconf 84' lang='lat' dir='ltr'><strong>Talis</strong></span> <span class='ocrx_word' id='word_1_274' title='bbox 1226 1398 1336 1427; x_wconf 85' lang='lat' dir='ltr'><strong>solutio</strong></span> <span class='ocrx_word' id='word_1_275' title='bbox 1358 1407 1453 1434; x_wconf 87' lang='lat' dir='ltr'><strong>neque</strong></span> <span class='ocrx_word' id='word_1_276' title='bbox 1477 1398 1567 1427; x_wconf 88' lang='lat' dir='ltr'><strong>acidis</strong></span> <span class='ocrx_word' id='word_1_277' title='bbox 1587 1407 1682 1434; x_wconf 89' lang='lat' dir='ltr'><strong>neque</strong></span> <span class='ocrx_word' id='word_1_278' title='bbox 1702 1399 1798 1428; x_wconf 87' lang='lat' dir='ltr'><strong>alcali-</strong></span> 
     </span>
     <span class='ocr_line' id='line_1_26' title="bbox 275 1444 1798 1484; baseline 0.002 -10"><span class='ocrx_word' id='word_1_279' title='bbox 275 1447 331 1475; x_wconf 85' lang='lat' dir='ltr'><strong>bus</strong></span> <span class='ocrx_word' id='word_1_280' title='bbox 349 1446 502 1479; x_wconf 82' lang='lat' dir='ltr'><strong>turbatur,</strong></span> <span class='ocrx_word' id='word_1_281' title='bbox 524 1444 569 1472; x_wconf 90' lang='lat' dir='ltr'><strong>his</strong></span> <span class='ocrx_word' id='word_1_282' title='bbox 594 1451 690 1474; x_wconf 85' lang='lat' dir='ltr'><strong>tamen</strong></span> <span class='ocrx_word' id='word_1_283' title='bbox 711 1445 788 1474; x_wconf 82' lang='lat' dir='ltr'><strong>illius</strong></span> <span class='ocrx_word' id='word_1_284' title='bbox 816 1448 897 1476; x_wconf 89' lang='lat' dir='ltr'><strong>color</strong></span> <span class='ocrx_word' id='word_1_285' title='bbox 921 1448 1108 1484; x_wconf 87' lang='lat' dir='ltr'><strong>aliquomodo</strong></span> <span class='ocrx_word' id='word_1_286' title='bbox 1134 1455 1272 1478; x_wconf 84' lang='lat' dir='ltr'><strong>mutatur.</strong></span> <span class='ocrx_word' id='word_1_287' title='bbox 1312 1448 1392 1478; x_wconf 87' lang='lat' dir='ltr'><strong>Sales</strong></span> <span class='ocrx_word' id='word_1_288' title='bbox 1418 1449 1555 1478; x_wconf 85' lang='lat' dir='ltr'><strong>metallici</strong></span> <span class='ocrx_word' id='word_1_289' title='bbox 1581 1458 1649 1478; x_wconf 89' lang='lat' dir='ltr'><strong>vero</strong></span> <span class='ocrx_word' id='word_1_290' title='bbox 1669 1449 1726 1478; x_wconf 91' lang='lat' dir='ltr'><strong>hoc</strong></span> <span class='ocrx_word' id='word_1_291' title='bbox 1750 1454 1798 1477; x_wconf 83' lang='lat' dir='ltr'><strong>ex-</strong></span> 
     </span>
     <span class='ocr_line' id='line_1_27' title="bbox 279 1499 1798 1537; baseline 0.001 -10"><span class='ocrx_word' id='word_1_292' title='bbox 279 1505 401 1528; x_wconf 82' lang='lat' dir='ltr'><strong>tractum</strong></span> <span class='ocrx_word' id='word_1_293' title='bbox 419 1507 454 1526; x_wconf 81' lang='lat' dir='ltr'><strong>ex</strong></span> <span class='ocrx_word' id='word_1_294' title='bbox 470 1499 590 1526; x_wconf 84' lang='lat' dir='ltr'><strong>humore</strong></span> <span class='ocrx_word' id='word_1_295' title='bbox 607 1499 755 1534; x_wconf 88' lang='lat' dir='ltr'><strong>deponunt</strong></span> <span class='ocrx_word' id='word_1_296' title='bbox 779 1500 833 1528; x_wconf 87' lang='lat' dir='ltr'><strong>sub</strong></span> <span class='ocrx_word' id='word_1_297' title='bbox 859 1500 951 1531; x_wconf 88' lang='lat' dir='ltr'><strong>forma</strong></span> <span class='ocrx_word' id='word_1_298' title='bbox 976 1503 1158 1532; x_wconf 81' lang='lat' dir='ltr'><strong>floccorum:</strong></span> <span class='ocrx_word' id='word_1_299' title='bbox 1181 1502 1278 1537; x_wconf 84' lang='lat' dir='ltr'><strong>quales</strong></span> <span class='ocrx_word' id='word_1_300' title='bbox 1303 1500 1488 1536; x_wconf 86' lang='lat' dir='ltr'><strong>deponuntur</strong></span> <span class='ocrx_word' id='word_1_301' title='bbox 1509 1499 1614 1529; x_wconf 82' lang='lat' dir='ltr'><strong>sulfate</strong></span> <span class='ocrx_word' id='word_1_302' title='bbox 1635 1499 1798 1535; x_wconf 83' lang='lat' dir='ltr'><strong>aluminae,</strong></span> 
     </span>
     <span class='ocr_line' id='line_1_28' title="bbox 275 1549 1800 1591; baseline 0 -12"><span class='ocrx_word' id='word_1_303' title='bbox 275 1549 500 1587; x_wconf 85' lang='lat' dir='ltr'><strong>hydrochlorate</strong></span> <span class='ocrx_word' id='word_1_304' title='bbox 515 1549 631 1585; x_wconf 81' lang='lat' dir='ltr'><strong>stanni,</strong></span> <span class='ocrx_word' id='word_1_305' title='bbox 643 1558 749 1579; x_wconf 86' lang='lat' dir='ltr'><strong>acetate</strong></span> <span class='ocrx_word' id='word_1_306' title='bbox 767 1552 900 1589; x_wconf 82' lang='lat' dir='ltr'><strong>plumbi,</strong></span> <span class='ocrx_word' id='word_1_307' title='bbox 919 1553 1023 1582; x_wconf 89' lang='lat' dir='ltr'><strong>nitrate</strong></span> <span class='ocrx_word' id='word_1_308' title='bbox 1043 1552 1215 1591; x_wconf 81' lang='lat' dir='ltr'><strong>hydrargyri</strong></span> <span class='ocrx_word' id='word_1_309' title='bbox 1239 1557 1266 1580; x_wconf 88' lang='lat' dir='ltr'><strong>et</strong></span> <span class='ocrx_word' id='word_1_310' title='bbox 1282 1550 1384 1580; x_wconf 88' lang='lat' dir='ltr'><strong>nitrate</strong></span> <span class='ocrx_word' id='word_1_311' title='bbox 1399 1551 1529 1588; x_wconf 88' lang='lat' dir='ltr'><strong>argenti,</strong></span> <span class='ocrx_word' id='word_1_312' title='bbox 1542 1557 1570 1579; x_wconf 89' lang='lat' dir='ltr'><strong>et</strong></span> <span class='ocrx_word' id='word_1_313' title='bbox 1588 1551 1617 1578; x_wconf 91' lang='lat' dir='ltr'><strong>hi</strong></span> <span class='ocrx_word' id='word_1_314' title='bbox 1635 1550 1701 1579; x_wconf 87' lang='lat' dir='ltr'><strong>flavi</strong></span> <span class='ocrx_word' id='word_1_315' title='bbox 1717 1551 1800 1579; x_wconf 88' lang='lat' dir='ltr'><strong>colo·</strong></span> 
     </span>
     <span class='ocr_line' id='line_1_29' title="bbox 276 1600 1797 1638; baseline 0 -8"><span class='ocrx_word' id='word_1_316' title='bbox 276 1602 318 1630; x_wconf 73' lang='lat' dir='ltr'><strong>ris</strong></span> <span class='ocrx_word' id='word_1_317' title='bbox 334 1608 423 1637; x_wconf 82' lang='lat' dir='ltr'><strong>sunt;</strong></span> <span class='ocrx_word' id='word_1_318' title='bbox 440 1600 527 1636; x_wconf 85' lang='lat' dir='ltr'><strong>magis</strong></span> <span class='ocrx_word' id='word_1_319' title='bbox 545 1600 621 1629; x_wconf 83' lang='lat' dir='ltr'><strong>fusci</strong></span> <span class='ocrx_word' id='word_1_320' title='bbox 643 1601 750 1630; x_wconf 84' lang='lat' dir='ltr'><strong>coloris</strong></span> <span class='ocrx_word' id='word_1_321' title='bbox 767 1602 991 1638; x_wconf 83' lang='lat' dir='ltr'><strong>hydrochlorate</strong></span> <span class='ocrx_word' id='word_1_322' title='bbox 1008 1611 1035 1633; x_wconf 87' lang='lat' dir='ltr'><strong>et</strong></span> <span class='ocrx_word' id='word_1_323' title='bbox 1056 1603 1160 1633; x_wconf 88' lang='lat' dir='ltr'><strong>sulfate</strong></span> <span class='ocrx_word' id='word_1_324' title='bbox 1176 1602 1257 1631; x_wconf 86' lang='lat' dir='ltr'><strong>ferri.</strong></span> <span class='ocrx_word' id='word_1_325' title='bbox 1282 1601 1404 1631; x_wconf 87' lang='lat' dir='ltr'><strong>Kortius</strong></span> <span class='ocrx_word' id='word_1_326' title='bbox 1425 1609 1517 1631; x_wconf 83' lang='lat' dir='ltr'><strong>autem</strong></span> <span class='ocrx_word' id='word_1_327' title='bbox 1535 1602 1688 1638; x_wconf 88' lang='lat' dir='ltr'><strong>probavit,</strong></span> <span class='ocrx_word' id='word_1_328' title='bbox 1703 1601 1797 1637; x_wconf 88' lang='lat' dir='ltr'><strong>illud,</strong></span> 
     </span>
     <span class='ocr_line' id='line_1_30' title="bbox 278 1651 1798 1692; baseline 0.002 -13"><span class='ocrx_word' id='word_1_329' title='bbox 278 1653 359 1688; x_wconf 84' lang='lat' dir='ltr'><strong>quod</strong></span> <span class='ocrx_word' id='word_1_330' title='bbox 378 1651 542 1687; x_wconf 74' lang='lat' dir='ltr'><strong>depositum</strong></span> <span class='ocrx_word' id='word_1_331' title='bbox 574 1658 640 1687; x_wconf 76' lang='lat' dir='ltr'><strong>est,</strong></span> <span class='ocrx_word' id='word_1_332' title='bbox 662 1661 721 1681; x_wconf 86' lang='lat' dir='ltr'><strong>non</strong></span> <span class='ocrx_word' id='word_1_333' title='bbox 747 1662 846 1682; x_wconf 83' lang='lat' dir='ltr'><strong>rursus</strong></span> <span class='ocrx_word' id='word_1_334' title='bbox 869 1655 903 1683; x_wconf 88' lang='lat' dir='ltr'><strong>ab</strong></span> <span class='ocrx_word' id='word_1_335' title='bbox 927 1657 1002 1692; x_wconf 75' lang='lat' dir='ltr'><strong>aqua</strong></span> <span class='ocrx_word' id='word_1_336' title='bbox 1025 1665 1112 1692; x_wconf 86' lang='lat' dir='ltr'><strong>posse</strong></span> <span class='ocrx_word' id='word_1_337' title='bbox 1140 1654 1254 1690; x_wconf 82' lang='lat' dir='ltr'><strong>suscipi</strong></span> <span class='ocrx_word' id='word_1_338' title='bbox 1274 1653 1364 1690; x_wconf 75' lang='lat'><strong>(4),</strong></span> <span class='ocrx_word' id='word_1_339' title='bbox 1397 1654 1475 1690; x_wconf 88' lang='lat' dir='ltr'><strong>quod</strong></span> <span class='ocrx_word' id='word_1_340' title='bbox 1502 1660 1530 1682; x_wconf 88' lang='lat' dir='ltr'><strong>et</strong></span> <span class='ocrx_word' id='word_1_341' title='bbox 1554 1653 1624 1681; x_wconf 86' lang='lat' dir='ltr'><strong>mihi</strong></span> <span class='ocrx_word' id='word_1_342' title='bbox 1652 1652 1798 1682; x_wconf 80' lang='lat' dir='ltr'><strong>constitit.</strong></span> 
     </span>
     <span class='ocr_line' id='line_1_31' title="bbox 276 1701 1792 1743; baseline -0.001 -10"><span class='ocrx_word' id='word_1_343' title='bbox 276 1704 354 1733; x_wconf 84' lang='lat' dir='ltr'><strong>lnud</strong></span> <span class='ocrx_word' id='word_1_344' title='bbox 379 1710 473 1732; x_wconf 88' lang='lat' dir='ltr'><strong>autem</strong></span> <span class='ocrx_word' id='word_1_345' title='bbox 501 1701 684 1731; x_wconf 86' lang='lat' dir='ltr'><strong>animadverti</strong></span> <span class='ocrx_word' id='word_1_346' title='bbox 717 1703 822 1732; x_wconf 84' lang='lat' dir='ltr'><strong>velim:</strong></span> <span class='ocrx_word' id='word_1_347' title='bbox 853 1713 887 1733; x_wconf 85' lang='lat' dir='ltr'><strong>ex</strong></span> <span class='ocrx_word' id='word_1_348' title='bbox 918 1706 972 1734; x_wconf 91' lang='lat' dir='ltr'><strong>hoc</strong></span> <span class='ocrx_word' id='word_1_349' title='bbox 1006 1707 1200 1743; x_wconf 81' lang='lat' dir='ltr'><strong>experimento</strong></span> <span class='ocrx_word' id='word_1_350' title='bbox 1229 1705 1332 1741; x_wconf 87' lang='lat' dir='ltr'><strong>partim</strong></span> <span class='ocrx_word' id='word_1_351' title='bbox 1360 1704 1496 1741; x_wconf 86' lang='lat' dir='ltr'><strong>explicari</strong></span> <span class='ocrx_word' id='word_1_352' title='bbox 1527 1713 1615 1741; x_wconf 81' lang='lat' dir='ltr'><strong>posse</strong></span> <span class='ocrx_word' id='word_1_353' title='bbox 1643 1712 1792 1740; x_wconf 87' lang='lat' dir='ltr'><strong>caussam,</strong></span> 
     </span>
     <span class='ocr_line' id='line_1_32' title="bbox 282 1753 1798 1791; baseline 0 -9"><span class='ocrx_word' id='word_1_354' title='bbox 282 1762 368 1790; x_wconf 74' lang='lat' dir='ltr'><strong>quare</strong></span> <span class='ocrx_word' id='word_1_355' title='bbox 395 1753 485 1782; x_wconf 79' lang='lat' dir='ltr'><strong>sulfas</strong></span> <span class='ocrx_word' id='word_1_356' title='bbox 508 1753 577 1781; x_wconf 88' lang='lat' dir='ltr'><strong>ferri</strong></span> <span class='ocrx_word' id='word_1_357' title='bbox 594 1755 754 1789; x_wconf 87' lang='lat' dir='ltr'><strong>plantarum</strong></span> <span class='ocrx_word' id='word_1_358' title='bbox 774 1755 928 1784; x_wconf 86' lang='lat' dir='ltr'><strong>nutritioni</strong></span> <span class='ocrx_word' id='word_1_359' title='bbox 946 1763 973 1785; x_wconf 90' lang='lat' dir='ltr'><strong>et</strong></span> <span class='ocrx_word' id='word_1_360' title='bbox 992 1756 1169 1787; x_wconf 84' lang='lat' dir='ltr'><strong>incremento</strong></span> <span class='ocrx_word' id='word_1_361' title='bbox 1187 1757 1257 1785; x_wconf 88' lang='lat' dir='ltr'><strong>adeo</strong></span> <span class='ocrx_word' id='word_1_362' title='bbox 1276 1763 1378 1786; x_wconf 88' lang='lat' dir='ltr'><strong>noceat</strong></span> <span class='ocrx_word' id='word_1_363' title='bbox 1394 1755 1570 1791; x_wconf 82' lang='lat' dir='ltr'><strong>aliquando,</strong></span> <span class='ocrx_word' id='word_1_364' title='bbox 1593 1762 1621 1783; x_wconf 87' lang='lat' dir='ltr'><strong>et</strong></span> <span class='ocrx_word' id='word_1_365' title='bbox 1642 1755 1723 1791; x_wconf 86' lang='lat' dir='ltr'><strong>agri,</strong></span> <span class='ocrx_word' id='word_1_366' title='bbox 1746 1753 1798 1791; x_wconf 75' lang='lat' dir='ltr'><strong>qui</strong></span> 
     </span>
     <span class='ocr_line' id='line_1_33' title="bbox 280 1804 1797 1842; baseline -0.001 -7"><span class='ocrx_word' id='word_1_367' title='bbox 280 1807 328 1836; x_wconf 81' lang='lat' dir='ltr'><strong>vel</strong></span> <span class='ocrx_word' id='word_1_368' title='bbox 351 1806 407 1834; x_wconf 84' lang='lat' dir='ltr'><strong>hoc</strong></span> <span class='ocrx_word' id='word_1_369' title='bbox 440 1805 498 1834; x_wconf 86' lang='lat' dir='ltr'><strong>sale</strong></span> <span class='ocrx_word' id='word_1_370' title='bbox 528 1805 575 1833; x_wconf 85' lang='lat' dir='ltr'><strong>vel</strong></span> <span class='ocrx_word' id='word_1_371' title='bbox 605 1804 702 1840; x_wconf 80' lang='lat' dir='ltr'><strong>oxydo</strong></span> <span class='ocrx_word' id='word_1_372' title='bbox 731 1804 800 1833; x_wconf 82' lang='lat' dir='ltr'><strong>ferri</strong></span> <span class='ocrx_word' id='word_1_373' title='bbox 826 1806 988 1842; x_wconf 81' lang='lat' dir='ltr'><strong>abundant,</strong></span> <span class='ocrx_word' id='word_1_374' title='bbox 1016 1808 1086 1837; x_wconf 86' lang='lat' dir='ltr'><strong>adeo</strong></span> <span class='ocrx_word' id='word_1_375' title='bbox 1116 1808 1176 1837; x_wconf 87' lang='lat' dir='ltr'><strong>sint</strong></span> <span class='ocrx_word' id='word_1_376' title='bbox 1201 1807 1353 1838; x_wconf 81' lang='lat' dir='ltr'><strong>infertiles.</strong></span> <span class='ocrx_word' id='word_1_377' title='bbox 1402 1807 1547 1836; x_wconf 87' lang='lat' dir='ltr'><strong>Nimirum</strong></span> <span class='ocrx_word' id='word_1_378' title='bbox 1573 1806 1608 1835; x_wconf 83' lang='lat' dir='ltr'><strong>iis</strong></span> <span class='ocrx_word' id='word_1_379' title='bbox 1638 1811 1797 1835; x_wconf 82' lang='lat' dir='ltr'><strong>extractum</strong></span> 
     </span>
    </p>

    <p class='ocr_par' dir='ltr' id='par_1_6' title="bbox 1723 1863 1800 1894">
     <span class='ocr_line' id='line_1_34' title="bbox 1723 1863 1800 1894; baseline 0 -8"><span class='ocrx_word' id='word_1_380' title='bbox 1723 1863 1800 1894; x_wconf 76' lang='lat' dir='ltr'><strong>aqua</strong></span> 
     </span>
    </p>
   </div>
   <div class='ocr_carea' id='block_1_3' title="bbox 316 1940 1371 2123">
    <p class='ocr_par' dir='ltr' id='par_1_7' title="bbox 316 1940 1371 2074">
     <span class='ocr_line' id='line_1_35' title="bbox 316 1940 1371 1979; baseline 0.004 -8"><span class='ocrx_word' id='word_1_381' title='bbox 316 1940 385 1979; x_wconf 84' lang='lat'><strong>(1)</strong></span> <span class='ocrx_word' id='word_1_382' title='bbox 405 1945 447 1971; x_wconf 80' lang='lat' dir='ltr'><strong>Sic</strong></span> <span class='ocrx_word' id='word_1_383' title='bbox 465 1951 535 1970; x_wconf 82' lang='lat' dir='ltr'><strong>voco</strong></span> <span class='ocrx_word' id='word_1_384' title='bbox 553 1945 656 1971; x_wconf 84' lang='lat' dir='ltr'><strong>humum</strong></span> <span class='ocrx_word' id='word_1_385' title='bbox 674 1946 741 1971; x_wconf 87' lang='lat' dir='ltr'><strong>illius</strong></span> <span class='ocrx_word' id='word_1_386' title='bbox 760 1947 877 1977; x_wconf 83' lang='lat' dir='ltr'><strong>generis,</strong></span> <span class='ocrx_word' id='word_1_387' title='bbox 895 1954 970 1979; x_wconf 84' lang='lat' dir='ltr'><strong>quam</strong></span> <span class='ocrx_word' id='word_1_388' title='bbox 989 1948 1109 1974; x_wconf 86' lang='lat' dir='ltr'><strong>Germani</strong></span> <span class='ocrx_word' id='word_1_389' title='bbox 1136 1947 1229 1975; x_wconf 88' lang='lat' dir='ltr'><strong>dicunt</strong></span> <span class='ocrx_word' id='word_1_390' title='bbox 1246 1947 1371 1976; x_wconf 64' lang='lat' dir='ltr'><strong>verhoblt.</strong></span> 
     </span>
     <span class='ocr_line' id='line_1_36' title="bbox 319 1990 1353 2028; baseline 0.004 -12"><span class='ocrx_word' id='word_1_391' title='bbox 319 1990 384 2024; x_wconf 81' lang='lat'><strong>(2)</strong></span> <span class='ocrx_word' id='word_1_392' title='bbox 405 1992 465 2017; x_wconf 87' lang='lat' dir='ltr'><strong>Vid.</strong></span> <span class='ocrx_word' id='word_1_393' title='bbox 485 1992 583 2017; x_wconf 89' lang='lat' dir='ltr'><strong>Crome</strong></span> <span class='ocrx_word' id='word_1_394' title='bbox 602 1993 620 2017; x_wconf 89' lang='lat'><strong>1.</strong></span> <span class='ocrx_word' id='word_1_395' title='bbox 639 1993 654 2017; x_wconf 91' lang='grc'><strong>1.</strong></span> <span class='ocrx_word' id='word_1_396' title='bbox 674 1993 697 2016; x_wconf 90' lang='lat' dir='ltr'><strong>in</strong></span> <span class='ocrx_word' id='word_1_397' title='bbox 717 1992 851 2020; x_wconf 64' lang='lat' dir='ltr'><strong>Hermbsc²</strong></span> <span class='ocrx_word' id='word_1_398' title='bbox 869 1995 978 2021; x_wconf 90' lang='lat' dir='ltr'><strong>Archiv.</strong></span> <span class='ocrx_word' id='word_1_399' title='bbox 1000 1996 1031 2021; x_wconf 92' lang='lat' dir='ltr'><strong>B.</strong></span> <span class='ocrx_word' id='word_1_400' title='bbox 1047 1996 1081 2022; x_wconf 89' lang='lat' dir='ltr'><strong>V.</strong></span> <span class='ocrx_word' id='word_1_401' title='bbox 1104 2003 1163 2028; x_wconf 84' lang='lat' dir='ltr'><strong>pag.</strong></span> <span class='ocrx_word' id='word_1_402' title='bbox 1177 1995 1228 2028; x_wconf 83' lang='lat'><strong>356</strong></span> <span class='ocrx_word' id='word_1_403' title='bbox 1246 2001 1275 2020; x_wconf 88' lang='lat' dir='ltr'><strong>et</strong></span> <span class='ocrx_word' id='word_1_404' title='bbox 1293 2001 1353 2027; x_wconf 79' lang='lat'><em>359.</em></span> 
     </span>
     <span class='ocr_line' id='line_1_37' title="bbox 320 2035 1047 2074; baseline 0.008 -13"><span class='ocrx_word' id='word_1_405' title='bbox 320 2035 382 2070; x_wconf 82' lang='lat'><strong>(3)</strong></span> <span class='ocrx_word' id='word_1_406' title='bbox 402 2037 460 2064; x_wconf 85' lang='lat' dir='ltr'><strong>Vid.</strong></span> <span class='ocrx_word' id='word_1_407' title='bbox 480 2037 668 2064; x_wconf 79' lang='lat' dir='ltr'><strong>Hermbstadt&#39;s</strong></span> <span class='ocrx_word' id='word_1_408' title='bbox 688 2039 796 2066; x_wconf 69' lang='lat' dir='ltr'><strong>Archiv.</strong></span> <span class='ocrx_word' id='word_1_409' title='bbox 815 2041 847 2066; x_wconf 86' lang='lat' dir='ltr'><strong>B.</strong></span> <span class='ocrx_word' id='word_1_410' title='bbox 864 2041 895 2067; x_wconf 94' lang='lat' dir='ltr'><strong>V.</strong></span> <span class='ocrx_word' id='word_1_411' title='bbox 918 2048 978 2073; x_wconf 85' lang='lat' dir='ltr'><strong>pag.</strong></span> <span class='ocrx_word' id='word_1_412' title='bbox 994 2042 1047 2074; x_wconf 83' lang='lat'>138.</span> 
     </span>
    </p>

    <p class='ocr_par' dir='ltr' id='par_1_8' title="bbox 320 2081 1153 2123">
     <span class='ocr_line' id='line_1_38' title="bbox 320 2081 1153 2123; baseline 0.008 -16"><span class='ocrx_word' id='word_1_413' title='bbox 320 2081 383 2117; x_wconf 79' lang='lat'><strong>(4)</strong></span> <span class='ocrx_word' id='word_1_414' title='bbox 402 2083 463 2123; x_wconf 75' lang='lat' dir='ltr'><strong>Vlcl.v</strong></span> <span class='ocrx_word' id='word_1_415' title='bbox 481 2084 563 2110; x_wconf 81' lang='lat' dir='ltr'><strong>Kotte</strong></span> <span class='ocrx_word' id='word_1_416' title='bbox 580 2085 598 2110; x_wconf 84' lang='lat' dir='ltr'><strong>l.</strong></span> <span class='ocrx_word' id='word_1_417' title='bbox 618 2085 636 2110; x_wconf 87' lang='lat'><strong>1.</strong></span> <span class='ocrx_word' id='word_1_418' title='bbox 654 2092 712 2117; x_wconf 83' lang='lat' dir='ltr'><strong>pag.</strong></span> <span class='ocrx_word' id='word_1_419' title='bbox 726 2093 771 2118; x_wconf 83' lang='lat'><strong>93.</strong></span> <span class='ocrx_word' id='word_1_420' title='bbox 790 2092 816 2112; x_wconf 76' lang='lat' dir='ltr'><strong>et</strong></span> <span class='ocrx_word' id='word_1_421' title='bbox 834 2087 932 2112; x_wconf 79' lang='lat' dir='ltr'><strong>Crome</strong></span> <span class='ocrx_word' id='word_1_422' title='bbox 949 2087 966 2114; x_wconf 88' lang='lat'><strong>1.</strong></span> <span class='ocrx_word' id='word_1_423' title='bbox 984 2087 1002 2114; x_wconf 87' lang='lat'><strong>1.</strong></span> <span class='ocrx_word' id='word_1_424' title='bbox 1020 2094 1079 2120; x_wconf 82' lang='lat' dir='ltr'><strong>pag.</strong></span> <span class='ocrx_word' id='word_1_425' title='bbox 1092 2087 1153 2120; x_wconf 85' lang='lat'><strong>360.</strong></span> 
     </span>
    </p>
   </div>
  </div>
 </body>
</html>
