1919 2511
369 160 405 186 ‹24
627 148 846 181 :LAUDII
887 149 1117 182 HENRICI
1156 160 1238 181 vnn
1272 148 1628 184 HERWERDEN

372 232 443 269 ipsis
459 230 634 262 christianis
654 240 761 263 arceret
777 240 864 270 atque
882 235 1043 271 repelleret.
1087 234 1203 272 Quibus
1220 235 1255 264 ad
1266 235 1361 272 ‘ipsam
1383 236 1550 274 religionem
1568 236 1778 274 propagandam
1794 244 1881 268 usur-

371 283 490 320 pandis,
515 283 672 320 pessimum
692 291 719 313 et
742 285 860 314 maxime
885 285 1001 315 noxium
1019 285 1152 322 praebuit
1174 286 1393 322 insequentibus
1420 288 1542 318 saeculis
1567 289 1738 324 exemplum.
1779 288 1883 318 Homi-

371 343 423 364 nes
440 344 474 363 eo
491 344 583 371 usque
599 335 736 372 temporis
756 335 886 373 ignorare
901 336 1088 374 videbantur,
1107 346 1198 374 posse
1216 337 1297 367 etiam
1315 338 1457 368 militibus
1483 339 1560 369 flecti
1579 339 1688 369 animos
1706 339 1741 368 ad
1759 339 1881 369 Christo

371 386 639 422 obtemperandum.
681 386 814 425 Quibus,
832 394 903 424 quot
922 394 1041 424 postea,
1063 396 1127 418 eum
1151 389 1180 418 in
1205 388 1289 418 finem
1303 409 1315 426 ,
1335 398 1416 427 reges
1437 390 1482 419 usi
1504 391 1585 429 sint,
1605 391 1641 420 ad
1664 399 1745 420 verae
1765 390 1881 428 pietatis

371 442 399 464 et
420 435 485 465 fidei
500 437 682 475 perniciem,
706 438 775 474 quid
795 439 898 469 attinet
920 439 1100 469 memorare?

604 689 950 731 CAPUT
1061 692 1643 742 ALTERUM,

423 811 473 834 DE
502 811 656 835 CAROLI
687 814 821 836 MAGNI
848 816 898 837 AD
925 815 1218 837 EMENDANDAM
1247 816 1498 838 RELIGIONIS
1529 816 1829 839 CHRISTIANAB

583 865 812 887 DOCENDAE
842 866 1075 896 RATIONEM,
1106 867 1362 889 INST'ITUTIS
1391 867 1439 889 Ac
1471 867 1666 890 MERITIS.

723 991 1102 1025 SEOTIO
1188 990 1516 1026 PRIMA.

465 1095 518 1117 'DE
550 1096 683 1119 FORMA
712 1097 916 1120 RATIONIS
944 1098 1137 1122 DOCENDI
1167 1098 1439 1122 RELIGIONEM
1467 1099 1774 1123 CHRISTIANAM·

538 1220 568 1257 §.
587 1228 619 1256 4.
663 1212 709 1250 De
726 1211 802 1250 'cum
820 1211 905 1261 quani
927 1215 1046 1254 Carolus
1065 1223 1194 1262 Magnus
1213 1222 1336 1262 habuit,
1358 1223 1400 1253 ad
1410 1223 1572 1263 pellendam
1592 1224 1702 1253 aetatis*

976 1283 1044 1303 suae
1062 1275 1272 1312 ignorantiam.

360 1321 633 1404 Quaestionem,
653 1361 717 1392 Viri
738 1362 918 1393 Clarissimi!
949 1363 984 1393 de
1002 1363 1219 1402 Caroli'Magni
1236 1364 1265 1394 in
1284 1364 1451 1402 religionem
1475 1364 1667 1395 Christianam
1694 1365 1822 1402 meritis,
1843 1366 1882 1396 ita

364 1418 419 1438 vos
439 1411 552 1446 quidem
570 1413 646 1442 solvi
664 1414 793 1443 voluisse
812 1415 933 1444 arbitror
945 1435 955 1451 ,
969 1421 1021 1450 ut,
1040 1415 1180 1452 expositis
1199 1415 1278 1444 illius
1298 1416 1333 1445 ad
1348 1416 1420 1445 hanc
1438 1415 1754 1452 propagandamgestis
1772 1416 1882 1454 rebus,

364 1467 454 1495 post,
477 1463 670 1500 quodcunque
685 1466 720 1493 ad
736 1474 801 1494 eam
818 1466 942 1502 melius,
966 1473 1048 1502 quam
1074 1466 1180 1495 factum
1209 1472 1285 1496 esset
1305 1472 1405 1502 antea,
1427 1466 1582 1495 docendam
1606 1465 1740 1495 conferre
1761 1474 1881 1497 conatus

366 1509 428 1545 sit,
452 1510 646 1547 indageturet
664 1518 858 1546 ostendatur:
880 1517 948 1546 Nec
976 1517 1050 1546 enim
1075 1525 1140 1546 cum
1169 1517 1286 1547 indicari
1302 1516 1465 1555 2j-uberetis,
1495 1516 1564 1553 quid
1590 1515 1715 1546 Carolus
1735 1517 1884 1548 «id-emen-

362 1560 485 1589 dandam
501 1562 649 1599 religionis
674 1568 853 1597 Christianae
879 1568 1023 1597 docendae
1049 1568 1186 1598 rationem
1210 1569 1356 1604 effecerit,
1385 1568 1413 1597 id
1437 1569 1532 1597 solum
1559 1567 1653 1604 egisse
1674 1567 1830 1603 videmini,
1852 1575 1884 1598 ut
1918 1562 1919 1566 ¹

369 1611 587 1642 formatantum
605 1615 728 1646 rationis
747 1626 805 1647 eam
822 1618 945 1647 docendi
959 1619 1117 1648 traderetur
1128 1640 1139 1656 ,
1161 1620 1291 1657 neglecta
1309 1619 1374 1656 ipsa
1386 1618 1535 1655 religionis
1552 1618 1678 1647 materie.
1718 1614 1793 1647 Nam
1812 1618 1882 1649 hanc

368 1663 404 1691 ab
423 1663 474 1691 illa
499 1666 611 1694 secerni
632 1674 663 1695 et
686 1668 810 1697 abstrahi
837 1669 956 1699 omnino
982 1678 1043 1699 -non
1070 1679 1177 1707 posse,
1198 1670 1268 1707 quid
1289 1669 1379 1698 dicam
1392 1668 1407 1697 ἓ
1435 1668 1517 1704 Ergo
1538 1668 1638 1696 dulces
1659 1675 1691 1697 ac
1712 1669 1799 1698 utiles
1823 1676 1885 1699 stu·

372 1713 482 1742 diorum
506 1718 837 1755 commentationumque
868 1728 983 1749 suarum
1006 1721 1119 1751 fructus
1145 1722 1170 1750 is
1187 1730 1220 1751 se
1238 1726 1443 1757 percepturum
1473 1725 1536 1747 esse
1557 1724 1673 1755 speret,
1696 1719 1746 1755 qui
1770 1720 1882 1756 quidem
1909 1730 1919 1755 ι.

367 1763 479 1793 formas
504 1774 596 1796 rerum
620 1776 752 1798 accurate
777 1776 806 1798 et
833 1772 909 1799 clare
933 1779 1113 1809 cognoscat,
1140 1772 1283 1802 materiam
1308 1779 1368 1801 non
1400 1769 1583 1807 cognoscat?
1610 1784 1649 1791 -
1675 1769 1759 1799 Hanc
1784 1769 1883 1807 itaque

372 1821 544 1852 utramque,
567 1819 709 1848 materiam
730 1826 758 1848 et
776 1819 918 1857 formam,
935 1822 1026 1851 nobi-s
1050 1824 1217 1860 tangendam
1237 1830 1300 1852 esse
1323 1823 1425 1858 procul
1449 1820 1539 1849 dubio
1557 1817 1723 1848 censuistis.
1763 1820 1811 1849 Ab
1830 1821 1882 1851 hac

373 1873 466 1896 autem
488 1868 643 1899 ordiamur.
685 1870 752 1908 Qua
775 1871 886 1900 ratione
904 1871 956 1900 rite
976 1871 1106 1908 procedit
1121 1873 1227 1901 orati0.
1265 1869 1310 1897 Ac
1333 1867 1457 1905 primum
1478 1867 1592 1904 quidem
1607 1868 1643 1897 ad
1665 1877 1747 1904 eam,
1761 1871 1822 1900 nisi
1839 1880 1883 1901 me

374 1916 453 1946 fallat
473 1926 552 1948 mens
575 1928 635 1949 mea
649 1941 660 1956 ,
682 1921 807 1958 pertinet
837 1921 1033 1951 institutorum
1055 1930 1154 1950 eorum
1178 1920 1344 1958 expositio,
1375 1918 1481 1955 quibus
1509 1918 1633 1948 Carolus
1657 1919 1787 1951 homines
1813 1931 1882 1952 suos

376 1976 459 1997 omne
477 1970 646 2000 eruditionis
667 1980 755 2008 genus
774 1973 877 2002 docere
894 1972 1040 2002 studuisse
1057 1973 1198 2002 videatur.
1915 1990 1917 2004 ⁴

416 2020 484 2058 Quo
512 2027 641 2057 tempore
667 2031 760 2051 rerum
779 2023 968 2060 potiebatur,
989 2025 1191 2061 cujuscunque
1213 2023 1321 2053 ordinis
1347 2022 1376 2052 in
1400 2020 1516 2051 civitate
1542 2021 1672 2051 homines
1689 2023 1823 2053 omnibus
1839 2015 1919 2078 ca·¹ss

378 2070 477 2099 rebant
494 2071 620 2107 purioris
638 2072 785 2102 doctrinae
808 2074 1073 2110 elegantior-umque
1099 2073 1259 2104 litterarum
1288 2082 1320 2103 ac
1344 2073 1558 2110 disciplinarum
1585 2073 1710 2103 notitiis.
1750 2074 1887 2105 Barbarae
1908 2084 1915 2106 v

381 2128 480 2155 geiites
498 2122 574 2152 enim
592 2131 655 2152 cum
668 2142 679 2160 ,
695 2123 826 2154 ‚fluminis
843 2124 932 2155 instar
950 2125 1147 2163 rapidissimi,
1170 2134 1235 2157 arva
1261 2124 1427 2156 inundantis
1450 2132 1481 2154 ac
1506 2123 1663 2161 vastantis,
1685 2133 1814 2162 quaeque
1832 2126 1887 2163 ipsi
1906 2137 1911 2163 l

1912 1876 1919 1912 >4
