1919 2511
443 137 671 177 RESPONSIO
699 153 742 176 AD
771 143 1079 184 QUAESTIONEM
1107 145 1322 180 MEDICAM·
1598 160 1632 191 73

116 222 225 262 tionem
245 231 346 268 passi,
377 229 518 268 ejusmodi
540 218 713 266 'operatione
736 227 863 257 violenta
886 229 1020 266 majorem
1045 228 1171 259 subeunt
1192 230 1403 260 distractionem
1430 233 1467 263 ita
1493 235 1627 271 quidem,

115 275 147 313 tit
167 283 223 312 vim
249 283 278 312 vi
297 288 457 319 opponant.
509 280 682 310 Consultius
709 280 797 316 igitur
817 278 886 307 mihi
912 279 1045 316 videtur,
1072 288 1224 317 antequam
1251 284 1285 311 ad
1307 283 1397 319 ipsam
1425 286 1620 315 extensionem

111 323 308 370 transeamus,
330 334 422 371 primo
443 335 590 369 explorare
609 334 726 367 locum,
747 332 793 360 cui
819 338 906 367 caput
924 333 1050 360 luxatum
1067 332 1213 368 inhaeret,
1235 341 1263 362 et
1287 333 1360 362 viam
1374 354 1385 370 ,
1414 343 1498 370 quam
1525 336 1554 364 in
1578 338 1623 365 lu-

110 380 205 418 xando
226 393 356 415 secutum
375 392 441 420 est,
470 385 508 413 ita
527 391 559 413 ut
578 384 664 413 simul
685 383 823 413 rationem
847 386 999 415 habeamus
1027 394 1055 416 et
1078 389 1275 417 musculorum
1301 395 1423 418 mutatae
1451 390 1619 420 directionis

111 433 140 468 et
170 439 346 475 membranae
370 437 528 473 capsularis
552 436 698 472 disruptae
719 438 823 474 (215.
863 438 967 466 Galeni
993 438 1067 467 enim
1096 440 1218 475 regula,
1248 448 1331 475 quam
1359 441 1416 477 jam
1439 450 1527 477 supra
1561 452 1620 471 me-

109 482 306 525 mo‘ravimus‚
325 488 354 517 in
374 490 546 524 quacunque
561 487 706 516 luxatione
724 487 870 517 observari
890 495 1055 526 merentur3
1075 490 1144 519 dicit
1164 491 1250 528 (22)
1271 499 1385 521 autem:
1433 514 1452 529 ,.,
1472 494 1619 523 Conside-

105 549 137 570 ra
155 555 213 563 --
233 539 263 569 in
287 548 460 575 unaquaque
478 538 641 574 luxatione‚
664 539 803 568 undenam
825 539 963 568 articulus
983 549 1117 570 excessus
1137 542 1284 579 coeperit,
1308 545 1455 578 quomodo
1480 554 1617 582 progres-

103 599 154 620 sus
186 590 297 626 fuerit,
320 599 378 626 quo
404 590 486 619 finem
509 590 609 619 fecerit
629 590 699 620 tet.⁹
740 599 792 620 nec
816 591 930 626 minus,
960 600 1044 627 quam
1073 593 1157 629 ponit
1180 594 1255 622 Petit
1278 594 1376 623 dicens
1400 596 1506 632 (23).
1551 617 1570 633 „
1589 596 1616 626 Il

102 637 185 678 faut,
208 650 264 677 que
291 643 316 670 la
334 642 426 677 partie
448 642 506 670 soit
531 643 676 670 tellement
708 641 821 676 situee‚
853 649 908 676 que
934 642 976 670 les
1001 645 1127 672 muscles
1153 652 1184 672 se
1208 650 1345 673 trouvent
1370 645 1526 681 egalement
1553 653 1616 676 ten-

99 693 174 730 dus;
195 702 261 722 sans
290 693 360 728 quoi
388 701 483 728 ceux,
514 693 573 728 qui·
589 692 716 721 seroient
739 694 766 720 le
789 693 858 728 plus
883 700 918 721 en
935 693 1118 723 contraction
1142 694 1265 724 feroient
1288 702 1355 732 trop
1378 697 1412 725 de
1434 697 1610 733 resistence‚

99 750 129 773 et
147 743 368 772 diminueroient
390 746 416 773 la
434 744 514 773 force
532 745 566 772 de
591 743 765 772 l'extension
777 764 787 779 ‚
818 751 902 772 outre
919 743 953 772 ils
976 746 1148 780 pourroient
1170 755 1201 775 se
1219 747 1361 777 dechirer.
1373 748 1395 760 ”
1442 749 1539 786 Quare
1553 770 1563 785 ‚
1586 750 1612 778 si

97 795 134 823 ad
155 780 206 822 has
231 795 408 823 attendamus
433 795 545 831 regulas
570 795 659 830 vulgo
677 801 807 830 acceptas
829 794 940 831 (24),
973 796 1093 825 directio
1114 797 1224 826 humeri
1245 798 1381 834 obliqua,
1411 808 1509 835 parum
1536 801 1613 828 hori-

95 846 239 884 zontalein
257 838 414 881 superans,v
434 845 580 881 aptissima
602 845 737 880 videtur,
761 852 789 873 et
812 846 932 878 maxime
951 848 1126 877 conveniens
1151 849 1186 878 ad
1213 850 1424 878 restitutionem
1447 852 1535 880 luxati
1555 854 1608 881 hu·-

95 891 166 925 tneri
189 895 264 925 intra
284 897 409 927 axillam.
459 897 492 926 In
518 898 550 926 ea
571 897 643 925 enim
670 897 827 926 directione
851 900 975 927 musculi
1004 900 1160 928 elevatores
1187 901 1369 937 relaxantur-5
1401 902 1523 931 flexores
1549 911 1612 933 ten-

91 936 219 984 duntur3
253 948 328 976 ossis
349 947 460 976 humeri
478 955 565 983 caput
583 949 716 976 deorsum
738 955 769 976 et
792 955 952 980 extrorsum
977 952 1137 988 premitur,
1166 953 1312 990 superiori
1334 956 1494 991 capsularis
1520 966 1608 986 mem-

94 997 198 1028 branae
221 1007 303 1035 parte
326 999 554 1036 hypomochlion
579 1000 661 1035 quasi
685 1000 839 1029 formante.
883 1001 944 1038 Jam
963 1011 1034 1031 vero
1051 1003 1146 1032 omnis
1165 1004 1230 1040 vis,
1259 1005 1289 1035 in
1306 1014 1340 1034 os
1359 1005 1471 1035 humeri
1489 1008 1608 1045 oblique

90 1044 208 1079 surs'um
227 1058 334 1087 agens
353 1050 510 1087 capitulum
535 1051 643 1080 directe
665 1060 767 1080 versus
791 1061 870 1082 suam
888 1055 1038 1085 cavitatem
1054 1056 1192 1092 attrahit,
1213 1058 1378 1089 resistentia
1395 1062 1476 1090 nulla
1493 1070 1508 1090 a
1528 1071 1606 1092 mus-

90 1102 164 1132 culis
182 1103 396 1140 antagonisticis
416 1103 524 1133 oblata.
1168 1134 1170 1136 ,

126 1153 242 1183 Luxato
260 1163 336 1198 enim
356 1163 457 1183 versus
476 1154 612 1184 inferiora
632 1164 698 1185 osse
715 1155 849 1192 humeri,
870 1166 912 1187 m.
938 1136 1094 1194 pectoralis
1118 1159 1257 1197 maj0ris‚
1277 1160 1410 1190 latissimi
1432 1162 1536 1198 dorsi,
1563 1170 1606 1192 te-

88 1199 159 1234 retis
184 1205 299 1243 majoris
320 1213 347 1234 et
366 1205 488 1235 minoris
514 1207 640 1244 origines
666 1208 789 1244 propius
814 1208 849 1238 ad
876 1208 1049 1238 insertiones
1072 1211 1230 1246 accedunt,
1260 1220 1339 1248 nec,
1372 1213 1451 1247 quod
1475 1214 1504 1242 in
1530 1215 1604 1249 talk,

90 1257 202 1292 qualem
220 1256 402 1292 noxafflmus,
425 1258 584 1286 directione
605 1258 680 1287 ossis
707 1259 817 1287 humeri
838 1260 900 1289 sani
918 1260 1017 1296 fieret,
1038 1261 1068 1290 in
1087 1262 1264 1291 contrarium
1280 1263 1410 1293 trahunt.
1456 1266 1603 1296 Praeterea

88 1307 157 1337 haec
174 1304 293 1336 directio
313 1310 388 1337 ossis
413 1310 525 1338 humeri
548 1310 667 1339 maxime
686 1319 752 1339 cum
770 1312 810 1342 ,ea
837 1312 1149 1349 convenire'videtur,
1179 1313 1233 1341 sub
1251 1314 1307 1349 qua
1330 1315 1439 1343 luxatio
1465 1316 1600 1354 obtinet,

88 1359 207 1387 humero
235 1367 250 1387 a
281 1367 404 1394 corpore
434 1367 567 1393 remoto,
600 1379 618 1394 ,‚
638 1366 756 1394 oportet
781 1359 855 1388 enim
873 1380 883 1395 ‚
914 1368 988 1389 teste
1014 1362 1150 1397 Galerio,
1179 1370 1211 1392 ut
1240 1363 1306 1393 finis
1335 1373 1468 1394 excessus
1494 1368 1601 1403 princi-

82 1410 168 1451 ..pium
185 1411 293 1442 reditus
309 1409 418 1438 facias:
448 1416 534 1445 atque
552 1409 617 1438 inde
636 1418 712 1438 retro
730 1411 764 1438 ad
782 1410 958 1456 principium
976 1420 1069 1447 usque
1085 1413 1241 1443 laxationis
1258 1417 1487 1451 progrediaris.”

80 1488 95 1493 ,,
127 1461 207 1489 Haec
227 1460 339 1495 quidem
361 1460 480 1488 directio
500 1460 546 1496 ei,
571 1469 653 1496 quam
679 1462 774 1490 laudat
793 1462 895 1491 Sauter
916 1463 1004 1500 (25)
1025 1463 1210 1499 praeferenda
1229 1473 1291 1493 esse
1308 1466 1420 1495 videtur
1436 1488 1445 1503 ,
1467 1476 1513 1504 et,
1534 1470 1602 1500 licet

80 1511 123 1540 ab
145 1512 268 1546 utraque
285 1517 365 1547 parte
382 1511 545 1539 testimonia
563 1518 717 1547 prostent,
740 1521 813 1548 quae
834 1512 986 1550 utriusque
1001 1515 1189 1551 directionis,
1218 1524 1320 1544 versus
1336 1517 1471 1548 inferiora
1488 1521 1600 1551 scilicet

79 1569 120 1592 -et
139 1562 257 1598 oblique
277 1571 389 1590 sursum
402 1581 411 1598 ‚
441 1561 554 1590 felicem
579 1571 709 1592 eventum
727 1564 942 1599 demonstrant,
970 1567 1070 1603 majori
1087 1567 1169 1595 laude
1186 1566 1270 1604 digna
1286 1575 1348 1604 est,
1381 1571 1447 1606 quia
1471 1581 1530 1601 non
1553 1582 1603 1602 so-

87 1614 146 1642 lum
166 1613 276 1642 theoria
300 1622 358 1642 eam
379 1614 559 1642 commendat
573 1635 583 1650 ,
603 1615 653 1643 sed
671 1614 752 1644 etiam
779 1615 891 1654 minor,
915 1616 965 1653 qui
986 1618 1106 1647 alteram
1120 1618 1286 1648 directionis
1306 1619 1406 1649 lineam
1425 1623 1599 1662 comitatur,

83 1663 193 1693 doloris
212 1664 330 1701 gradus.

1521 1725 1600 1756 Haec

119 1795 199 1830 (21)
225 1796 258 1823 C.
277 1798 331 1823 Bell
349 1798 430 1831 Oper.
450 1798 524 1830 Surg.
542 1807 569 1832 p.
590 1801 651 1826 2e8.
678 1806 704 1825 et
724 1802 775 1829 tab.
792 1808 817 1835 5⁶.
843 1801 890 1834 fig.
905 1809 932 1830 ι.
957 1801 1003 1829 ubi
1025 1804 1125 1829 mentio
1143 1803 1173 1829 fit
1195 1804 1271 1838 hujus
1297 1806 1455 1833 membranae
1476 1809 1599 1843 singulari

86 1842 165 1868 modo
184 1842 317 1874 diSl'UPtae
334 1851 360 1870 et
376 1846 545 1877 ΓΕΡΟΞ1ῑ1οΠ15
559 1846 770 1878 impedimentum
790 1849 911 1876 Sistentis.

117 1887 200 1923 (21)
220 1890 325 1915 Comm.
345 1891 370 1915 in
392 1892 472 1924 l-ltpp.
491 1892 536 1918 lib.
555 1891 586 1917 de
605 1898 656 1920 art.
674 1902 704 1925 p.
721 1902 780 1929 504.

120 1933 198 1968 (23)
218 1935 308 1960 Traite
325 1935 370 1961 des
387 1936 478 1962 malad,
495 1938 541 1963 des
557 1946 586 1963 os
607 1945 626 1965 t.
648 1947 671 1965 1.
689 1948 716 1972 p.
730 1947 776 1972 4²·

116 1980 200 2014 (24)
220 1980 330 2007 Richter
347 1983 419 2010 Chir.
438 1984 507 2011 Bibl.
526 1983 592 2011 Ord.
612 1992 654 2011 10.
676 1986 693 2010 l
718 1994 744 2012 c.

123 2024 381 2062 (25)Jaa1·boeken
406 2028 455 2055 'der
481 2031 608 2056 Genees-
619 2049 628 2063 ,
654 2031 740 2058 Heel-
768 2039 800 2058 en
823 2032 1014 2059 Natuurkunde
1039 2040 1089 2060 cet.
1121 2040 1146 2066 4.
1171 2033 1239 2062 deel.
1271 2044 1297 2063 2.
1320 2037 1390 2064 stuk.
1418 2045 1446 2070 p.
1468 2044 1515 2072 170
1538 2047 1594 2073 seq.

59 2098 63 2099 ⁷
84 2070 167 2099 Amst.
187 2074 263 2107 1817.

950 2125 979 2153 K
