1919 2511
315 150 354 171 ῃ
562 127 1180 169 ςιᾸυῡῑΓΗΕΝΜσῑ-ῊΝ
1221 134 1568 168 HERWERDEN

315 221 484 252 cei-dotibus
497 218 582 251 erant
603 220 758 250 solvendae
770 239 780 256 ,
799 220 999 257 praesulibus,
1022 218 1189 256 judicibus,
1210 219 1368 256 legatisque
1384 219 1470 257 regiis
1486 220 1733 259 obtemperarent,
1753 217 1828 252 cete-

314 275 425 310 roquin
438 271 512 305 vero
529 272 644 310 legibus
661 271 722 300 suis
742 277 892 300 uterentur
911 270 992 308 (1).

359 326 448 364 Quod
464 324 654 354 tterrestribus
674 322 790 359 regibus
813 329 840 351 et
864 320 1111 358 expugnatoribus
1133 322 1264 358 accidit,
1293 329 1325 351 ut
1345 331 1545 359 quamcunque
1570 333 1637 353 suae
1663 324 1765 355 ditioni
1780 325 1828 354 ad'-

318 379 388 406 dant
414 377 580 413 regionem,
611 384 669 404 eam
688 375 881 405 emolumento
902 373 958 401 sibi
981 374 1122 408 lucroque
1146 372 1285 410 habeant,
1312 375 1421 402 etiamsi
1448 377 1538 404 multo
1562 376 1700 413 sanguine
1722 377 1830 406 consti-

318 429 407 464 terit,
433 428 460 456 id
475 429 509 456 de
524 428 675 456 Nazarcno
691 426 789 455 divino
808 431 909 454 nostro
930 423 995 460 quis
1011 424 1123 452 tandem
1140 432 1206 452 vere
1224 424 1367 454 affirmet?
1391 426 1464 462 Ejus
1483 435 1569 462 quum
1587 427 1624 456 sit
1641 428 1765 456 coeleste
1783 436 1832 457 na-

319 482 384 508 tur-a
401 478 573 515 imperium,
595 486 654 507 non
671 485 789 506 numero
799 477 906 511 cives,
928 475 979 504 sed
1004 474 1110 504 virtute
1137 474 1277 504 aestimat.
1319 475 1398 513 Quid
1425 476 1520 511 itaque
1544 476 1674 506 utilitatis
1699 477 1831 506 attulisse

318 538 413 558 sacrae
433 531 502 567 >ejus
523 528 635 557 civitati
661 528 794 557 Saxones
819 532 975 563 putemus,
1005 532 1130 562 agrestes
1154 525 1345 561 indoctosque
1367 526 1498 556 homines
1512 548 1523 563 ,
1543 529 1648 556 armata
1664 529 1694 557 vi
1717 529 1752 558 ad
1766 537 1830 558 cum

317 581 469 609 colendum
488 580 667 616 perductos-⁴?
690 578 797 615 quibus
826 578 893 607 fons
919 577 991 606 ritus
1007 575 1179 606 sanctissimi
1199 577 1347 606 videbatur
1370 578 1509 607 libertatis
1536 578 1721 615 sepulchrum
1739 579 1828 617 (2),

317 631 368 667 qui
382 631 536 668 aegerrime
553 630 702 665 ferebant,
722 631 863 668 majores,
887 638 959 665 quos
971 629 1089 657 maxime
1104 621 1330 665 venerabantur,
1351 639 1365 658 a
1383 629 1559 659 Christianis
1577 629 1740 662 abhorreri,
1760 629 1832 658 sibi-

320 692 376 718 que
395 682 592 711 abhorrendos
614 690 677 710 esse
694 681 796 710 debere
815 681 907 718 (3)⁴?
936 680 1041 717 qulbus
1062 680 1097 709 ab
1126 680 1307 711 incunabulis
1332 681 1397 711 inde
1421 682 1554 711 traditum
1588 683 1682 712 virum
1711 683 1832 718 decere,

317 733 419 762 ulcisci
450 733 580 770 injuriam
598 754 608 769 ,
643 733 838 768 heroibusque
865 739 933 769 post
971 731 1028 760 fata
1062 740 1132 760 suos
1163 739 1324 761 reservatos
1361 742 1422 762 esse
1453 742 1569 770 campos
1603 734 1710 770 elysios
1735 734 1829 770 (4)‘?

316 785 405 821 Quod
423 784 543 821 siigitur
563 784 597 812 de
613 784 733 819 Caroli,
753 785 788 812 ad
803 783 971 820 religionem
990 782 1182 812 Christianam
1200 783 1228 812 iri
1245 783 1369 812 Saxonifi.
1385 786 1616 820 propagandam,
1632 785 1740 813 meritis
1759 785 1833 814 nihil

316 836 439 872 amplius
457 842 531 865 esset
550 836 698 873 cognitum
713 856 722 871 ,
743 844 827 871 quam
844 835 922 871 quod
936 835 991 862 huc
1008 841 1100 869 usque
1118 833 1266 862 retulimus
1280 850 1290 869 ,-
1312 844 1371 863 non
1389 835 1546 863 dubitarem
1558 854 1570 871 ,
1599 835 1669 871 quin
1685 835 1832 864 damnato—

316 888 383 916 riam
404 888 437 916 de
453 887 503 917 illo
520 887 624 917 ferrem
640 887 821 917 sententiam.
862 885 919 915 Sed
928 885 985 914 alia
1003 893 1121 920 quoque
1136 884 1281 920 instituit,
1301 885 1356 922 J'am
1375 885 1545 921 exponenda
1562 893 1593 914 ac
1611 885 1801 923 dijudicanda·

525 992 556 1027 §-
578 1000 608 1027 4.
648 990 695 1020 De
714 989 911 1029 episcopalibus
932 987 1066 1024 aedibus,
1086 996 1157 1026 quas
1174 988 1291 1018 Carolus
1307 988 1434 1026 Magnus
1452 989 1483 1016 in
1499 987 1627 1017 Saxom'a

925 1039 1076 1071 condidisse
1097 1038 1216 1070 dicitur.

325 1157 327 1159 ¹
356 1147 400 1175 Ac
418 1148 541 1184 primum
567 1148 682 1184 quidem
709 1148 876 1184 videamus,
895 1155 963 1177 num
979 1155 1046 1177 vera
1073 1146 1111 1175 sit
1133 1145 1236 1175 Adami
1253 1143 1415 1175 Bremensis
1436 1146 1558 1175 narratio
1578 1143 1664 1180 (5),
1693 1141 1831 1172 Carolum

318 1198 347 1225 in
364 1198 488 1227 Saxonia
507 1204 573 1227 octo
591 1200 673 1227 sedes
693 1199 857 1228 condidisse
879 1199 1078 1235 episcopales,
1107 1197 1359 1233 Osnabrugensem
1371 1217 1381 1231 ,
1411 1186 1672 1225 paderbornensem
1684 1215 1694 1229 ,
1723 1193 1830 1222 Mona·

318 1248 505 1284 steriensem,
528 1249 736 1286 Bremensem,
767 1250 971 1285 Mffidensem,
1000 1246 1197 1283 Verdensem,
1232 1247 1521 1283 Halberstadensem,
1551 1246 1831 1276 Hildeshemensem.

321 1299 409 1336 Quod
420 1298 526 1328 factum
542 1299 601 1337 ait,
616 1309 687 1330 cum
703 1300 874 1329 Witekindo
889 1301 1056 1337 baptizato,
1077 1301 1201 1330 Carolus
1219 1300 1368 1329 Saxoniam
1387 1302 1415 1329 in
1433 1299 1610 1336 provinciam
1627 1299 1762 1329 Franciae
1773 1305 1837 1326 mu-

318 1358 410 1387 taret,
433 1350 581 1387 episcopia
600 1358 694 1381 autem
721 1351 961 1388 Archiepiscopis
986 1351 1159 1389 Moguntiae
1184 1358 1272 1387 atque
1297 1351 1438 1380 Coloniae
1464 1351 1641 1388 Agrippinae
1664 1350 1830 1387 subjiceret.

316 1402 403 1438 Quod
426 1411 441 1431 e
459 1402 577 1439 tripode
614 1403 722 1432 dictum
756 1403 944 1440 ignorantiam
970 1402 1121 1440 scriptoris
1145 1401 1301 1431 clarissime
1324 1402 1430 1438 arguit.
1471 1402 1586 1430 Etenim
1609 1410 1673 1430 cum
1697 1407 1832 1435 constat,

317 1455 454 1482 nonnulla
473 1460 583 1482 tantum
609 1453 731 1483 illorum.
751 1453 968 1490 episcopiorum
993 1462 1057 1483 esse
1082 1453 1221 1488 condita,
1242 1459 1303 1481 tum
1325 1460 1394 1481 vero
1419 1452 1496 1481 omni
1521 1451 1773 1481 verosimilitudini
1791 1459 1836 1479 re·

319 1512 445 1540 pugnare
467 1504 605 1540 videtur,
627 1504 723 1540 regem
747 1504 776 1533 id
804 1504 942 1540 temporis
966 1505 1043 1542 jam,
1067 1513 1126 1540 quo
1150 1504 1279 1532 Saxones
1307 1503 1423 1532 minime
1448 1504 1540 1532 adhuc
1565 1504 1649 1539 piane
1665 1503 1832 1535 domuerat,

318 1562 420 1583 terram
440 1561 539 1582 eorum
557 1554 588 1583 in
600 1554 772 1583 dioecesium
790 1555 910 1583 formam
935 1556 1114 1584 redacturum
1140 1554 1244 1583 fuisse.
1286 1554 1456 1590 Suspicatur
1475 1553 1640 1583 Schmidius
1664 1552 1746 1582 etiam
1758 1573 1768 1588 ,
1788 1553 1833 1580 vir

322 1604 519 1639 ciarissimus,
547 1604 716 1641 episcopia,
745 1614 804 1634 non
825 1606 881 1634 niSi
899 1613 967 1642 post
985 1614 1088 1635 annum
1105 1605 1280 1638 DCCCHI,
1304 1605 1417 1635 solenni
1442 1605 1520 1640 pacis
1544 1610 1690 1634 conventu
1713 1602 1834 1637 habito,

318 1655 477 1685 constituta
493 1663 556 1684 esse
573 1656 652 1692 (6).
689 1656 747 1685 Cui
766 1656 897 1685 assentiri
913 1657 1042 1692 equidem
1059 1664 1185 1692 nequeo.
1215 1654 1286 1684 Non
1302 1655 1387 1684 video
1405 1655 1478 1685 enim
1500 1655 1571 1691 quid
1588 1654 1696 1683 Carolo
1718 1652 1837 1689 impedi-

325 1706 418 1742 verit,
441 1705 596 1741 quominus
614 1706 763 1743 Saxones,
785 1707 836 1743 qui
852 1707 1019 1744 religionem
1031 1706 1151 1738 'Christi
1167 1706 1430 1744 amplectebantur,
1451 1707 1480 1737 in
1498 1706 1589 1736 varias
1605 1705 1729 1735 subinde
1744 1706 1837 1734 curias

1769 1763 1837 1791 qua-

346 1844 391 1879 ¹(01
406 1846 419 1880 )
437 1845 498 1874 vid.
512 1845 722 1879 Eginhardi·vita
739 1845 804 1874 Car.
818 1847 864 1875 M.-
879 1848 897 1875 1.
911 1847 929 1874 l.
964 1847 1126 1874 Ann.³2³oet.
1142 1847 1205 1874 sax.
1221 1848 1239 1874 l.
1256 1847 1288 1873 V.
1299 1854 1350 1873 ivs.
1367 1852 1401 1878 9²
1417 1847 1480 1878 sqq.

355 1892 424 1928 (2)
441 1894 483 1920 M.
501 1893 528 1929 J.
545 1892 681 1924 Schmidt,
701 1894 803 1921 Gesch.
823 1894 871 1920 der
891 1893 1045 1920 Teutschen
1064 1894 1082 1920 Ι.
1098 1894 1117 1919 1.
1134 1900 1161 1925 p.
1178 1900 1221 1921 22.

349 1939 422 1974 (3)
442 1939 557 1966 Schmidt
574 1941 593 1968 l.
611 1941 630 1968 l.
648 1949 675 1974 p.
685 1948 738 1975 41.
906 1940 970 1976 (4)
990 1940 1085 1967 Moser
1103 1947 1130 1972 p.
1150 1945 1206 1972 195.

349 1984 371 2020 r(
378 1993 393 2020 5
404 1985 421 2019 )
436 1985 468 2012 In
485 1985 662 2019 Lindenbrog.
680 1988 781 2020 scriptt.
792 1994 923 2021 septena.
941 1988 982 2014 ed.
998 1987 1074 2014 Fabr.
1097 1987 1158 2013 hist.
1180 1986 1247 2011 eccl.
1274 1985 1292 2012 1.
1310 1984 1336 2013 1.
1361 1991 1442 2017 c.¹r9.
1486 1983 1531 2011 Sic
1549 1989 1654 2017 quoque
1672 1988 1725 2010 von
1746 1983 1835 2010 Bunau

321 2035 338 2060 1.
354 2034 376 2060 J.
394 2041 421 2066 p.
435 2040 496 2067 404.
532 2033 606 2059 Koch
620 2053 629 2066 ,
648 2035 760 2061 Tableau
778 2033 824 2061 des
840 2035 1002 2061 revolutions
1023 2041 1078 2061 etc.
1098 2034 1132 2060 T.
1149 2033 1170 2059 1.
1188 2039 1214 2065 p.
1229 2038 1271 2065 55.

348 2078 419 2113 (5)
440 2078 585 2106 Handbuch
601 2079 648 2107 der
666 2081 731 2108 Chr.
753 2081 843 2109 Kirch.
863 2081 965 2109 Gesch.
982 2082 1001 2109 l.
1017 2082 1035 2108 l.
1055 2089 1082 2115 p-
1094 2088 1136 2114 92.
