1919 2511
281 146 320 176 ὦ
683 143 732 173 M
798 144 826 174 r
894 137 1350 182 MACQUELYN

279 228 396 262 laestra
419 233 691 269 antecesserunt,
722 227 944 271 antiquitatis,
969 232 1000 259 et
1023 226 1195 269 hodierni,
1220 226 1308 270 quod
1335 222 1476 260 vivimus
1499 223 1571 257 aevi
1605 221 1750 257 studium

279 284 527 328 copulabimus,
551 285 596 317 ita
620 289 657 316 ut
681 284 821 315 alterum
852 281 944 315 alteri
974 284 1182 325 praeluceat,
1220 288 1252 314 et
1283 280 1384 314 ambo
1411 280 1516 313 amice
1548 280 1748 322 conspirent.

321 343 413 374 Dum
445 341 555 383 itaque
592 337 867 382 Hippocraticum
891 338 1077 371 Medicinae
1109 338 1277 379 studium,
1314 339 1406 379 jimta
1435 334 1602 368 monitum
1628 335 1753 367 summi

281 394 474 429 Boerhaevii
496 395 617 428 futuris
637 393 775 427 Medicis
794 394 887 426 omni
911 395 1119 427 contentione
1141 394 1434 434 commendamus,
1457 397 1489 424 et
1507 402 1585 424 cum
1609 391 1752 434 Baglivio

280 462 454 486 monemus
465 477 474 493 ‚
499 464 515 483 n
537 462 604 484 non
622 450 810 494 fingendum
823 474 832 491 ,
849 455 906 482 aut
925 450 1178 493 excogitandum
1195 460 1286 491 esse,
1309 448 1367 481 sed
1382 447 1627 482 observandum
1640 471 1647 479 .
1673 445 1754 490 quid

281 523 296 541 »
326 510 451 540 Natura
475 507 590 548 faciat,
614 507 665 540 vel
687 506 815 547 ferat,”
838 507 986 538 Naturae
1010 507 1044 539 in
1071 508 1229 539 Humano
1249 515 1386 548 corpore
1403 504 1506 547 leges,
1530 503 1667 535 fideliter
1691 501 1755 535 ob-

279 573 466 604 servemus,
490 568 522 595 et
544 562 588 596 ad
609 562 743 594 lectulos
772 562 1011 605 aegrotantium
1028 561 1221 603 videamus,
1245 572 1331 594 anne
1356 560 1444 604 quod
1467 558 1503 592 in
1524 558 1638 591 Schola
1661 557 1755 590 The-

282 621 447 663 rapeutica
470 619 513 651 dc
532 619 616 651 illius
636 617 861 650 moliminibus
884 618 1116 659 docuerimus,
1141 629 1218 651 cum
1246 616 1393 650 Naturae
1415 614 1655 659 phaenomenis
1679 623 1755 646 con-

281 678 408 716 veniat,
434 685 496 708 nec
521 685 581 707 ne:
606 675 794 717 priscorum
819 674 1028 706 Medicorum
1056 674 1292 717 descriptiones
1314 671 1510 705 morborum
1539 681 1616 704 cum
1637 669 1758 702 nostris

283 730 568 766 observationibus
584 754 593 771 ,
616 731 791 773 nostraque
809 728 1007 772 experIentia
1032 730 1261 771 c011feramuS‚
1285 728 1439 761 medendi
1455 727 1650 760 methodum
1674 725 1759 757 alio·-

280 798 376 829 rum,
399 788 604 830 priscorum,
628 784 876 825 recentiorum,
908 785 1145 818 hodiernorum
1172 787 1399 826 cujuscunque
1424 783 1557 815 scholae
1571 806 1580 822 ‚
1605 786 1637 814 et
1663 781 1756 820 aevi,

283 844 393 875 critice
416 842 681 886 perpendamus,
714 846 746 873 et
772 841 833 873 hae
858 841 984 873 ratione
1006 841 1194 881 discamus,
1227 841 1393 873 Naturam
1417 843 1531 871 nostro
1559 837 1655 870 nutui
1687 845 1756 869 non

282 898 532 941 obtemperare3
556 898 614 932 sed
638 908 679 930 ex
702 897 862 938 adverso,
891 897 997 929 nostri
1025 907 1096 929 esse
1111 921 1121 938 ,
1151 907 1227 930 eam
1249 896 1369 928 ducem
1397 895 1516 937 sequi,
1548 892 1758 925 aberrantem

284 955 320 989 in
346 956 436 989 viam
460 954 638 996 reducere,
662 952 788 988 viribus
809 953 988 984 exaltatam
1015 953 1214 995 reprimere,
1247 951 1438 994 depressam
1465 948 1620 990 incitare,
1648 948 1760 980 illam—

288 1022 351 1055 que
375 1021 414 1044 eo
441 1010 560 1043 ducere
575 1034 584 1051 ,
606 1020 673 1053 quo
693 1009 904 1052 Experientia
928 1009 1128 1049 Rationalis,
1152 1005 1401 1044 observatione,
1423 1011 1456 1038 ct
1482 1005 1631 1048 analogia
1654 1002 1760 1036 eomi-

285 1072 354 1100 tata
369 1091 378 1108 ,
400 1072 432 1099 et
454 1067 614 1099 illustrata
636 1064 823 1097 ducendam
852 1063 948 1096 nobis
973 1069 1147 1097 monstrat.

329 1126 439 1155 Causa
469 1126 621 1166 perorata
641 1125 691 1153 cst
713 1121 753 1152 A.
778 1120 819 1152 A.
843 1122 888 1152 H.
913 1122 959 1153 H.
984 1126 1036 1162 et,
1071 1122 1135 1154 nisi
1159 1122 1243 1156 votis
1270 1120 1399 1153 excidat
1422 1119 1590 1163 proposita
1615 1127 1636 1150 a
1665 1115 1762 1149 nobis

286 1179 467 1219 sententia,
490 1177 525 1210 id
552 1176 641 1220 quod
661 1177 794 1208 ineunte
825 1186 978 1209 sermone
1002 1177 1146 1217 probare
1170 1177 1355 1214 voluimus,
1379 1175 1512 1206 abunde
1535 1175 1635 1213 satis,
1659 1173 1688 1203 si
1710 1174 1764 1204 sat

288 1234 390 1275 bene,
413 1233 561 1266 officium
584 1231 737 1263 Doctoris
756 1229 942 1262 Medicinae
961 1232 1133 1264 Praeticae
1151 1231 1186 1262 in
1206 1228 1354 1262 Historia
1374 1229 1523 1262 Naturali
1544 1226 1761 1267 morborum,

290 1295 323 1322 et
346 1289 510 1329 fatorum,
534 1297 618 1331 quae
635 1286 801 1318 Medicina
825 1296 884 1328 per
911 1287 1021 1319 secula
1039 1297 1139 1329 passa
1165 1286 1247 1328 fuit,
1271 1287 1355 1319 fideli
1369 1310 1378 1326 ,
1408 1291 1440 1318 et
1464 1285 1575 1317 critica
1596 1283 1763 1315 narratio-

289 1356 332 1378 ne
354 1343 525 1378 tractanda
554 1343 699 1386 positum
725 1352 797 1374 csse
819 1342 1142 1375 demonstravimus:
1170 1343 1264 1386 quale
1297 1347 1329 1374 et
1357 1346 1528 1380 nostrum,
1561 1338 1762 1371 Professoris

293 1401 480 1434 Medicinae
502 1399 674 1432 practicae
695 1408 819 1430 munus
842 1399 877 1431 in
902 1397 963 1430 hac
986 1398 1164 1430 Academia
1191 1397 1411 1440 auspicantiS,
1435 1395 1584 1428 officium
1608 1404 1678 1426 esse
1698 1404 1762 1436 pa-

292 1458 359 1490 lam
381 1456 593 1500 profitemur,
625 1459 658 1486 et
689 1454 763 1495 cui,
788 1464 848 1498 pro
877 1453 1003 1487 viribus
1038 1455 1267 1497 exsequendo,
1299 1458 1430 1487 nosmet
1459 1449 1671 1495 jurejurando
1701 1449 1764 1488 obt

290 1513 492 1556 stringimus.

339 1624 462 1666 Tanti,
495 1629 629 1668 tamque
660 1623 800 1657 difficilis
825 1622 925 1656 officii
945 1634 1130 1658 memorem
1159 1636 1213 1658 me
1241 1624 1364 1665 Vobis,
1387 1622 1599 1656 'Perillustres
1626 1618 1759 1652 Acade-

296 1681 382 1713 miae
406 1680 750 1724 Lugduno—Batavae
781 1682 971 1711 Curatores!
996 1680 1161 1714 submisse
1187 1681 1309 1714 offero:
1334 1678 1440 1713 Vobis
1458 1679 1546 1711 enim
1560 1701 1569 1718 ,
1592 1681 1766 1718 vestroque

297 1738 443 1770 hortatui
467 1747 521 1769 me
544 1736 663 1769 debere
685 1737 823 1779 ingenue
841 1735 963 1778 fateor,
986 1738 1075 1780 quod
1096 1749 1117 1770 a
1132 1737 1225 1771 valde
1249 1735 1430 1776 laboriosa,
1454 1744 1513 1776 per
1531 1743 1590 1765 sex
1609 1732 1676 1764 fere
1697 1731 1767 1763 lus-

300 1799 349 1825 tra
374 1793 574 1825 inter'Cives
596 1802 689 1823 meos
711 1802 778 1823 non
799 1790 969 1824 infeliciter
985 1794 1159 1826 exercitata
1178 1794 1265 1826 Artis
1284 1791 1434 1824 Medicae
1462 1789 1579 1829 Praxi,
1603 1787 1645 1820 ab
1669 1787 1767 1818 Ami-

299 1849 346 1880 cis
359 1872 368 1889 ,
391 1847 510 1891 quibus
533 1848 682 1890 plurimis
705 1845 910 1890 gaudebam,
935 1847 977 1880 ab
1001 1848 1093 1881 Urbe
1115 1849 1237 1890 natali,
1261 1849 1295 1881 in
1316 1848 1378 1890 qua
1396 1845 1485 1880 varia
1501 1844 1627 1876 ratione
1645 1841 1769 1874 retine-

301 1904 383 1945 bar,
408 1909 440 1936 et
461 1909 603 1936 aetatem
626 1903 754 1946 exigere
782 1901 964 1945 cogitabam
978 1928 988 1945 ,
1019 1915 1074 1937 me
1095 1905 1131 1937 in
1155 1903 1245 1936 hanc
1268 1903 1377 1936 bonae
1401 1901 1519 1934 mentis
1544 1903 1769 1931 mercaturam

303 1960 485 1993 evocaverit
511 1959 771 2002 Angustissimus
802 1959 902 2001 Belgii
927 1961 1021 2001 Rex,
1052 1960 1250 2004 doctumque
1272 1970 1350 1992 cum
1376 1957 1530 2001 dignitate
1554 1956 1768 1995 conjunctum

305 2015 388 2048 mihi
422 2015 619 2048 concesserit
652 2015 783 2047 otium:
815 2012 945 2056 otium,
985 2014 1027 2048 ab
1057 2015 1191 2049 homine
1217 2026 1311 2048 meae
1341 2014 1437 2047 sortis
1463 2012 1519 2046 vix
1546 2008 1771 2053 sperandum,

304 2071 430 2105 nedum
452 2069 725 2114 exspectandum.

1695 2123 1773 2162 Quo
