1919 2511
425 119 652 152 RESPONSIO
680 128 724 151 An
752 118 1061 159 QUAESTIONEM
1088 120 1366 154 LITERARIAM.
1609 125 1646 153 61

431 203 490 233 Pro
508 213 536 232 se
554 204 671 241 quisque
688 203 748 231 viri
764 211 875 232 summa
893 205 1029 232 nituntur
1048 210 1128 242 opum
1147 207 1188 235 νὶ.

146 254 252 285 Graeci
276 263 309 284 eo
332 262 419 285 sensu
444 254 544 283 dicunt
570 256 604 288 ὥς
628 254 755 287 ἕκαστος.
799 252 872 283 Vid.
899 253 1055 290 Wyttenb.
1085 254 1115 284 in
1138 256 1254 286 observ.
1282 257 1317 285 ad
1340 257 1444 287 Select.
1469 267 1533 295 pag.
1554 258 1623 295 346.

187 306 307 336 Pedibus
328 308 372 336 ire
394 308 426 335 in
448 306 521 335 hanc
542 307 721 336 sententiam.
761 304 873 341 Lepide
896 304 970 334 hanc
995 304 1171 335 locutionem
1199 316 1215 336 a
1239 307 1346 337 Senatu
1370 308 1502 337 Romano
1522 315 1647 337 transtu-

146 356 179 385 lit
200 357 234 386 ad
253 357 375 387 murium
397 357 483 387 istum
504 357 657 394 Senatum,
677 356 708 386 in
729 364 787 393 quo
808 363 908 386 omnes
930 362 1008 385 erant
1026 356 1156 395 pedarii.

845 475 956 486 ...—

304 566 563 599 FABULA
620 564 1160 604 QUADRAGESIMA
1218 566 1485 598 OCTAVA

800 673 1001 694 AVARUs.

428 764 546 794 Avarus
565 763 636 792 auri
656 771 778 792 massam
798 762 879 793 humi
897 763 1064 801 defoderat,

425 818 523 855 Quam
543 826 629 855 quum
649 817 753 846 anxius
773 816 899 855 quotidie
918 817 976 845 iret
997 817 1107 852 visere,

427 868 545 897 Vicinus
565 866 743 903 observavit,
765 874 792 896 et
811 868 885 897 clam
905 868 1032 896 sustulit.

423 918 563 947 Reversus
582 919 651 954 ille,
672 916 788 955 offendit
807 924 840 946 ut
857 927 979 948 vacuum
999 917 1109 953 locum,

385 981 387 984 ⁴
425 968 511 997 Flere
529 970 659 1004 acriter,
680 967 820 1002 barbam,
839 976 868 997 et
885 969 1020 1007 capillum
1039 967 1161 1003 vellere,

424 1020 534 1049 Vocare
552 1029 579 1048 se
598 1020 766 1049 mortalium
786 1020 992 1048 miserrimum.

424 1072 532 1101 Caussa
551 1069 655 1099 doloris
673 1072 721 1098 cui
739 1071 836 1099 viator
854 1070 987 1107 cognita:

421 1119 553 1154 Desiste,
576 1121 641 1155 ait,
663 1127 690 1148 te
710 1119 855 1156 affligere;
874 1120 959 1155 inque
978 1119 1049 1147 auri
1067 1118 1156 1146 locum

421 1172 533 1200 Saxum
553 1177 672 1209 rcpone‚·
693 1176 720 1199 et
738 1169 772 1199 id
788 1169 842 1198 tibi
859 1179 914 1199 esse
932 1177 1037 1198 aurum
1052 1175 1145 1208 puta:

423 1222 560 1259 Etenim,
581 1228 614 1251 ut
633 1221 711 1251 video
722 1243 733 1258 ,
755 1231 789 1249 ne
807 1227 869 1250 tum
888 1219 999 1259 quidem
1020 1229 1125 1248 aurum
1145 1219 1247 1249 habere
1266 1227 1292 1248 te
1305 1239 1316 1256 ‚

424 1273 540 1302 Aurum
560 1282 646 1311 quum
666 1272 787 1302 habebas
799 1293 810 1309 ,
823 1272 895 1309 jure
907 1278 1023 1311 poteras
1044 1270 1151 1301 dicere·

419 1373 490 1404 Tam
510 1373 586 1403 deest
606 1381 695 1404 avaro
707 1393 716 1410 ‚
738 1372 930 1411 quod'babct,
951 1383 1036 1411 quam
1056 1373 1130 1411 quod
1149 1382 1203 1402 mm
1223 1372 1315 1401 habet.

170 1477 300 1506 Avarus.
341 1475 445 1505 Exstat
466 1475 542 1505 inter
560 1474 674 1512 Aesop.
705 1476 775 1506 coll.
799 1475 883 1511 vulg.
910 1473 973 1503 No.
994 1481 1041 1511 59.
1073 1473 1150 1503 Cod.
1176 1474 1256 1503 Flor.
1285 1475 1348 1503 188.

169 1529 295 1558 Anxius.
335 1527 369 1557 In
395 1527 514 1557 Graecis
540 1535 600 1556 non
624 1533 688 1557 est:
711 1526 834 1556 fortasse
854 1531 940 1562 poeta
962 1524 1100 1562 cogitavit
1121 1525 1272 1554 Horatium
1294 1524 1400 1556 Liba.
1418 1523 1479 1553 Sat.
1493 1534 1519 1554 1.
1538 1532 1582 1553 vs.
1597 1532 1646 1559 4²·

419 1577 498 1616 Quid
505 1579 595 1615 juvat
613 1578 776 1605 immensam
795 1583 822 1605 te
841 1577 958 1614 argenti
970 1575 1080 1614 pondus
1099 1582 1126 1604 et
1147 1577 1217 1604 auri

418 1630 534 1658 Furtim
553 1628 663 1666 defossa
682 1628 813 1657 timidum
833 1627 968 1666 deponere
986 1634 1082 1658 terra.
1128 1624 1131 1627 ’

167 1683 291 1711 Barbam
317 1688 345 1710 et
366 1681 501 1720 capillum
525 1681 638 1710 vellere.
677 1679 723 1709 Ut
749 1680 845 1709 solent
864 1680 1008 1716 lugentes.
1048 1679 1182 1710 Adonide
1203 1685 1317 1709 mortuo
1337 1675 1438 1707 Venus
1461 1676 1535 1714 apud
1552 1676 1638 1705 Ονῐᾱλ

129 1733 258 1764 Metam..
276 1732 344 1763 Lib.
363 1734 400 1763 X.
431 1741 477 1762 νε.
497 1741 571 1770 722·

417 1782 544 1812 Desiluit
558 1783 731 1821 pariterque
749 1782 847 1818 sinus,
871 1783 1040 1821 pariterque
1059 1784 1174 1822 capillos

416 1834 531 1873 Rupit,
552 1841 579 1862 et
599 1833 727 1871 indignis
744 1835 884 1872 percussit
901 1841 1016 1871 pectora
1035 1834 1149 1871 palmis.

127 1887 245 1916 barbam
270 1886 372 1917 vellere
397 1886 465 1915 licet
490 1884 545 1914 alio
572 1893 677 1921 sensu,
699 1890 743 1913 est
764 1885 841 1920 apud
866 1884 969 1915 Horat.
996 1885 1067 1914 Lib.
1082 1885 1111 1916 1.
1136 1885 1196 1914 Sat.
1214 1893 1240 1921 3.
1270 1892 1316 1913 vs.
1337 1891 1403 1921 133.

706 1935 824 1964 Vellunt
842 1933 896 1963 tibi
917 1934 1036 1964 barbam

415 1990 533 2020 Lascivi
551 1989 647 2029 pueri.

128 2048 155 2071 et
175 2040 343 2078 Propertius
364 2041 517 2078 cynthiam
539 2039 784 2078 alloquenstib.
798 2042 856 2072 ΠΙ.
879 2042 954 2078 eleg.
970 2049 1016 2077 23.
1038 2048 1084 2070 vs..
1105 2048 1166 2077 335⁰

905 2093 936 2123 H
957 2101 974 2130 3
1573 2087 1639 2116 Vel-
