1919 2511
613 150 714 185 c⁴A
755 150 788 184 R
831 151 944 184 M'E
989 151 1033 184 N.

207 238 326 275 Navita
349 239 554 285 praeteriens
595 250 614 274 »
640 240 718 273 Fuit
738 238 803 272 hoc
825 237 1024 281 Holiandia,
1046 237 1142 273 dicet.

292 312 459 343 Demersa
479 308 535 342 hic
557 309 651 343 Corsi
674 308 813 342 crimine
834 307 940 341 Leida
961 308 1062 341 stetin

208 378 395 413 Incolumes
417 387 555 421 sumus,
579 383 612 411 et
633 378 757 420 versis,
779 380 874 411 Deus
895 377 1018 421 optime
1039 375 1134 420 fafiS,

294 446 439 483 servasti
461 448 585 492 patrios
606 448 642 481 in
663 447 800 480 meliora
820 449 936 480 Lares.

204 517 311 561 Atque
332 517 460 561 aquilae
482 523 633 550 nostram
654 519 805 551 Francae
826 516 935 551 videre
956 517 1125 559 juventam
1175 558 1180 561 Δ

291 586 412 620 Bellica
432 596 501 619 non
521 586 636 620 timido
658 592 790 630 pectore
811 591 921 620 castra
940 585 1046 630 sequi.

207 658 224 688 Ι
246 665 358 697 nunc,
381 654 466 688 elato
488 660 521 688 te
543 655 648 690 vende
669 654 832 698 Superbia
854 655 959 696 fastu,

291 724 399 767 Atque
422 722 513 757 inhia
535 723 675 768 obliquis
696 724 797 759 Livor
817 726 907 758 iners
929 724 1049 758 oculis!

203 791 376 826 Leidensis
397 798 528 835 spectat
550 794 687 836 Capitoli
708 793 877 826 immobile
897 802 1021 825 saxum

288 863 421 904 Europe
442 861 578 904 placidis
599 862 731 894 aemula
752 860 945 895 luminibus.

204 931 304 963 Hanc
323 928 452 961 habitat
471 929 584 962 sedem
606 930 723 973 priscis
744 929 900 962 adamata
921 930 1056 964 Batavis

288 996 504 1041 Simplicitas,
526 1000 668 1042 propriis
689 1004 782 1031 sueta
804 1000 909 1032 nitere
929 997 1040 1030 bonis.

202 1067 427 1100 Circumstant
447 1069 614 1110 majorum
636 1067 803 1110 Umbrae,
830 1074 863 1101 et
884 1068 1083 1101 Reverentia
1103 1068 1216 1113 magni

291 1136 467 1177 Nominis,
491 1143 523 1170 et
544 1136 653 1181 vigilat
675 1142 811 1171 sanctus
832 1137 869 1170 in
891 1147 967 1171 arce
991 1137 1115 1170 Pudor.

206 1207 453 1249 Perpetuosque
483 1205 574 1239 afflat
604 1206 771 1250 generosis
799 1206 968 1240 mentibus
998 1205 1109 1250 ignes,

289 1275 374 1316 Quis
397 1280 547 1317 tantum,
571 1287 591 1308 a
613 1277 750 1319 proavis
766 1276 997 1320 degenerasse,
1020 1274 1109 1309 mori
1129 1280 1194 1323 esty'

203 1344 347 1376 Mortem
371 1344 469 1376 aliam
491 1346 651 1388 ignorant.
697 1347 743 1378 Ut
763 1345 880 1388 hyems
902 1355 963 1388 per
985 1356 1128 1380 amoena
1149 1345 1254 1381 vireta

287 1413 342 1444 Nil
363 1418 492 1455 praeter
512 1413 647 1446 fmndes
668 1424 753 1457 quae
773 1414 956 1457 spolientur
973 1438 983 1455 ,
1005 1414 1118 1447 habet.

206 1483 283 1524 Ipsa
306 1482 376 1512 suis
396 1491 517 1513 secura
539 1483 650 1524 vigens
672 1482 838 1516 radicibus
861 1481 981 1524 arbor,

292 1551 378 1583 Vere
400 1560 485 1584 novo
508 1549 542 1583 in
565 1561 713 1593 gemmas
735 1552 874 1594 pullulat
895 1560 1000 1594 usque
1022 1560 1141 1585 novas:

203 1618 350 1650 Naturae
372 1623 540 1651 aeternam
564 1619 613 1650 sic
631 1621 701 1660 Te,
724 1621 931 1662 Brugmanse
945 1644 956 1661 ,
979 1621 1171 1663 juventam,

290 1688 334 1719 Et
353 1697 527 1730 nunquam
549 1688 728 1721 exhaustas
749 1688 961 1732 parturientis
982 1700 1082 1733 opes,

205 1757 298 1789 Dum
321 1757 443 1799 populo
465 1757 609 1790 ostendis
631 1758 787 1799 miranti,
811 1756 944 1800 spiritus
967 1757 1030 1802 egit

291 1827 357 1857 Per
378 1826 448 1858 loca
471 1827 603 1859 mortali
623 1838 692 1860 non
714 1832 885 1870 penetrata
906 1827 1001 1870 pede.

202 1895 364 1935 Quamvis
388 1901 525 1938 angusto
547 1895 745 1928 subduxeris
768 1906 868 1929 aurea
892 1895 1019 1929 mundo

287 1964 442 2005 Pectora,
467 1970 500 1996 et
519 1965 674 2008 ignavam
696 1966 856 2008 spreveris
878 1965 964 1998 altus
986 1964 1145 2005 humum;

203 2033 318 2072 Quum
341 2032 482 2075 Zephyri
504 2035 592 2066 notis
617 2033 651 2067 in
673 2034 809 2068 floribus
833 2044 915 2067 aura
938 2041 1107 2077 susurrat,

289 2102 328 2132 In
352 2101 509 2145 Zephyris
531 2103 681 2137 animam
704 2104 869 2138 credimus
893 2114 967 2137 esse
987 2110 1093 2137 tuam.

872 2175 899 2207 B

1478 2172 1557 2202 Cat·
