1919 2511
435 225 1262 289 RESPONSIO

822 397 909 425 AD

189 531 948 585 QUAESTIONEM
1034 532 1518 576 MEDICAM..

559 701 1152 717 “Offlm-Srm—C*

505 838 1203 870 INTROD'UCTIO.

100 937 278 998 Modeste
302 975 384 1005 agere
408 966 478 996 mihi
498 966 653 1002 videntur,
677 966 727 1003 qui
752 965 896 995 scribendi
915 967 1026 995 veniam
1042 971 1164 1003 rogant,
1185 965 1354 996 immodeste
1387 975 1478 1003 vero,
1507 968 1556 1003 qui
1582 968 1619 997 si—

98 1028 137 1048 ne
159 1020 242 1049 venia
263 1019 353 1056 ipsam
378 1027 436 1047 rem
461 1018 681 1056 aggrediuntur.
721 1018 827 1047 Dicere
856 1016 905 1046 vix
925 1026 1002 1054 opus
1030 1024 1074 1047 est
1089 1038 1101 1054 ,
1131 1024 1163 1046 ut
1189 1017 1261 1047 illud
1285 1018 1468 1048 solummodo
1484 1027 1533 1048 eos
1555 1026 1618 1048 tan·

99 1080 169 1110 gat,
191 1073 240 1109 qui
260 1073 360 1110 potius
380 1071 459 1108 sibi,
482 1080 564 1108 quam
586 1071 649 1100 aliis
663 1091 675 1107 ‚
697 1070 852 1100 scribendo
873 1071 985 1099 lucrum
1007 1068 1129 1099 faciunt.

138 1124 221 1153 Talis
237 1131 330 1154 autem
347 1124 475 1153 modesta
489 1123 571 1153 frons
583 1131 696 1160 meum,
719 1130 804 1159 quern
822 1121 961 1158 profero,
983 1122 1064 1151 decet
1083 1121 1232 1157 libellum,
1250 1129 1313 1151 nam
1337 1121 1459 1159 ingenue
1476 1122 1615 1152 confiteor

99 1183 222 1212 scopum
243 1175 356 1211 fuisse,
377 1175 482 1204 doceri.

139 1226 196 1254 Hic
217 1226 274 1255 fuit
299 1234 380 1254 meus
405 1225 548 1255 scribendi
572 1224 662 1261 finis,
684 1233 718 1253 ex
746 1225 802 1253 hoc
827 1225 912 1255 fonte
932 1226 996 1255 Viri
1013 1225 1203 1269 Clarissimi!
1228 1225 1291 1261 hic,
1316 1234 1402 1262 quem
1426 1233 1524 1255 vestro
1542 1226 1619 1263 judi-

99 1276 147 1305 cio
171 1276 315 1314 subjicio,
337 1276 454 1306 libellus
478 1283 559 1305 ortus
587 1282 652 1312 est,
682 1284 769 1313 quern
797 1277 968 1315 accipiatiS‚
1003 1287 1133 1314 quaeso,
1162 1284 1294 1313 tanquam
1320 1277 1431 1307 ardoris
1457 1276 1618 1312 indicium,

101 1336 161 1364 quo
184 1327 347 1358 Medicinae
369 1328 499 1357 studium
520 1336 696 1364 prosequor.

139 1379 235 1408 Vobis
253 1379 359 1416 igitur,
380 1379 543 1408 studiorum
568 1379 740 1409 Fautoribus
752 1399 763 1415 ‚
780 1379 841 1407 sine
861 1385 939 1412 metu
957 1379 1109 1408 severioris
1125 1379 1226 1416 judicii
1243 1379 1318 1414 hoc,
1342 1379 1540 1414 qualecunque
1558 1378 1596 1406 sit
1608 1398 1617 1413 ,

102 1431 159 1459 mei
182 1431 288 1460 laboris
314 1438 389 1467 opus
416 1430 528 1466 offero,
549 1430 581 1460 in
609 1439 689 1467 quo,
711 1436 847 1465 quantum
873 1429 902 1458 in
926 1438 970 1459 me
998 1438 1058 1467 est,
1091 1430 1271 1466 respondebo
1291 1429 1325 1458 ad
1350 1429 1579 1466 Quaestionem,
1602 1438 1616 1457 a

101 1481 298 1510 Nobilissimo
319 1481 431 1511 Ordine
450 1481 570 1511 Medico
591 1480 792 1519 propositam:

143 1552 162 1568 ‚‚
181 1533 373 1563 Instrumenta
387 1533 564 1570 varia⁴variis
581 1533 762 1570 temporibus
781 1532 896 1561 inventa
913 1538 1000 1567 sunt,
1019 1531 1126 1567 quibus
1142 1531 1253 1559 humeri
1270 1529 1359 1559 luxati
1376 1530 1405 1558 in
1423 1531 1516 1558 locum
1533 1537 1615 1564 repo-

104 1604 123 1620 „
142 1591 300 1619 nerentur,
321 1585 371 1612 sed
388 1585 563 1621 experientia
581 1579 679 1613 multis
700 1584 729 1613 in
747 1584 832 1612 rebus
850 1584 972 1618 docuit,
990 1584 1103 1612 facilem
1123 1591 1222 1611 manus
1241 1582 1334 1618 ipsius
1349 1589 1432 1610 usum
1454 1580 1542 1608 fuisse
1561 1589 1621 1608 meu

104 1636 263 1672 ‚‚1iore1n‚
288 1645 370 1672 quam
395 1637 664 1666 instrumentorum.
706 1637 778 1665 Data
804 1635 901 1672 itaque
926 1634 1094 1664 definitione
1120 1633 1275 1662 luxationis
1298 1632 1374 1661 ossis
1391 1631 1519 1667 humeri,
1540 1631 1617 1668 ejus-

105 1706 125 1722 „
146 1693 201 1721 que
222 1686 396 1715 diversarum
417 1687 598 1723 specierum,
626 1687 754 1716 breviter
773 1694 918 1725 exponant
938 1708 948 1724 ,
971 1687 1022 1724 qui
1044 1686 1156 1721 velint,
1184 1684 1290 1714 diversi
1313 1683 1405 1718 situs,
1435 1682 1620 1719 diversaeque

105 1755 125 1771 ,‚
145 1735 310 1766 directionis
330 1737 470 1767 rationem
496 1739 588 1775 ipsius
610 1739 685 1768 ossis
710 1740 821 1769 humeri
842 1741 878 1769 ad
908 1745 1037 1768 centrum
1063 1736 1193 1767 cavitatis
1223 1737 1377 1772 scapulae,
1398 1742 1450 1762 nec
1475 1741 1534 1763 non
1558 1742 1618 1762 mu-

106 1807 126 1823 „
145 1789 311 1823 sculorum,
332 1789 405 1818 hanc
428 1789 652 1819 articulationem
670 1791 867 1828 moventium,
889 1791 919 1821 in
944 1789 1067 1826 singulis
1089 1788 1245 1817 luxationis
1265 1786 1437 1824 speciebus,
1459 1792 1487 1814 et
1505 1785 1618 1814 brevem

106 1856 127 1874 „
147 1837 240 1867 omnis
263 1838 361 1867 auxilii
375 1840 513 1869 manualis
535 1847 563 1870 et
581 1841 807 1871 instrumentalis
823 1841 973 1870 historiam
990 1839 1141 1869 literariam
1161 1838 1254 1868 omnis
1268 1838 1331 1868 aevi
1354 1838 1383 1866 in
1405 1836 1616 1866 restitutionem

110 1909 129 1925 „
150 1888 259 1917 humeri
282 1889 391 1925 luxati‚
412 1899 477 1919 cum
499 1892 625 1928 ejtisdem
646 1892 727 1922 brevi
748 1893 904 1929 epicrisi.”

139 1940 200 1978 Jam
225 1948 293 1968 vero
325 1941 440 1969 memori
469 1950 590 1977 eorum,
619 1951 691 1979 quae
712 1943 784 1972 dixit
808 1944 942 1974 Gaubius
986 1965 1004 1981 „
1024 1950 1058 1973 ut
1087 1943 1167 1972 curvi
1195 1950 1295 1972 norma
1320 1948 1430 1970 rectum
1463 1940 1503 1969 ita
1529 1939 1620 1968 morbi

104 1990 235 2020 sanitas²’
265 1998 324 2019 non
349 1990 417 2020 mihi
442 1992 633 2030 incongruum
662 1993 795 2030 videtur,
818 1995 891 2024 illud
918 1995 1099 2031 praemittere
1124 2002 1255 2029 rectum,
1279 2001 1338 2029 quo
1362 1990 1473 2020 facilius
1499 1998 1618 2019 curvum

105 2048 206 2077 posset
236 2042 370 2079 intelligi.
421 2043 566 2072 Nimirum
602 2044 646 2081 is,
674 2044 722 2074 cui
757 2045 867 2074 animus
896 2053 940 2075 est
971 2046 1097 2075 scribere
1122 2046 1158 2074 de
1184 2044 1330 2073 luxatione
1359 2040 1490 2076 humeri,
1521 2039 1621 2077 cogni-

107 2092 214 2122 tionem
243 2093 346 2122 habere
378 2094 465 2124 debet
499 2097 641 2134 ossium,
673 2106 744 2134 quae
777 2098 807 2127 in
841 2097 951 2126 humeri
982 2096 1180 2126 articulatione
1210 2093 1522 2131 compiehenduntur,
1551 2090 1620 2127 figa-

945 2148 974 2177 A
995 2158 1012 2177 2
1542 2151 1620 2171 men-
