1919 2511
435 134 666 168 RESPONSIO
695 145 738 167 AD
766 135 1076 176 QUAESTIONEM
1111 135 1394 169 LITERARIAM.
1636 150 1671 180 91

160 224 205 252 vel
228 221 309 250 etiam
334 218 445 257 adjecto
467 219 553 259 bone,
580 221 727 257 maxime,
752 226 888 257 supreme.
930 218 1036 249 Horat.
1056 219 1124 251 Lib.
1143 221 1168 250 Ι.
1190 219 1248 250 Sat.
1265 229 1293 250 2.
1315 229 1361 249 VS.
1384 228 1432 258 17.

739 270 872 299 ,Maxime
889 271 951 308 qais
971 278 1025 298 non

443 321 590 361 Jupiter!
610 322 760 352 exclamet.

159 374 261 403 Senec.
283 378 464 403 controvers.
488 382 535 410 15.
568 394 587 410 ‚‚
605 380 716 404 vestrae
744 382 870 408 secures,
893 372 982 401 vestri
999 371 1098 408 fasces
1111 392 1121 408 ,
1142 373 1174 400 in
1199 378 1337 410 qnantum
1355 379 1411 410 pro
1436 371 1503 402 bone
1528 372 1670 412 Jupiter!

160 446 178 461 ,‚
198 422 311 453 dedecus
333 425 542 454 restiterant.'’
583 425 705 455 Terent.
730 424 859 460 Adelph.
887 424 956 452 Act.
976 425 1016 452 ΙΙ.
1039 423 1087 452 Se.
1110 431 1139 452 1.
1162 432 1208 452 vs.
1227 431 1279 460 42.

750 474 808 504 Pro
827 481 953 513 supreme
972 473 1114 512 Jupiter!

443 526 566 556 Minime
585 529 697 565 miror,
717 528 768 565 qui
786 526 914 555 insanire
934 526 1073 564 occipiunt
1093 533 1128 553 ex
1145 524 1269 561 injuria.

858 630 976 641 —

310 708 568 738 FABULA
627 705 1158 739 SEPTUAGESIMA
1217 705 1523 738 SEPTIMA.

521 803 864 824 VESPERTILIO
915 803 965 822 ET
1033 801 1302 822 MUSTELLA.

444 878 574 919 Lapsam
593 890 628 910 ex
648 880 716 909 aere
735 888 837 915 avem,
859 879 907 907 cui
924 887 986 907 sero
1006 878 1042 906 ab
1061 885 1172 916 vespere
1191 886 1311 914 nomen,

444 931 538 969 Quam
558 932 689 961 mustella
708 938 804 970 rapax
823 930 938 959 laniare
956 928 1069 966 infensa
1083 935 1230 968 pararet,

442 983 522 1011 Haec
539 985 617 1011 vitae
636 991 752 1011 usuram
773 981 888 1019 supplex
908 981 1075 1017 veniamque
1089 980 1218 1019 petebat.

439 1034 500 1062 Olli
518 1034 648 1062 mustella
666 1042 694 1062 se
710 1039 832 1070 parcere
847 1038 924 1069 posse
943 1037 1082 1068 negante,

442 1083 530 1121 ,Quod
546 1085 654 1113 cunctis
673 1090 784 1112 natura
803 1083 922 1111 inimica
942 1081 1103 1112 volucribus
1121 1088 1189 1110 esset
1201 1102 1212 1117 ,

443 1134 502 1164 Illa
521 1135 681 1173 implumem
701 1134 797 1163 alvum
818 1134 1017 1170 lactantiaque
1036 1131 1124 1161 ubera
1138 1131 1266 1170 pandens
1279 1152 1290 1168 ,

442 1186 540 1224 Atque
558 1187 607 1215 ita
626 1194 681 1214 non
698 1186 838 1215 ‘volucrem
849 1205 860 1220 ,
881 1183 932 1213 sed
948 1193 1058 1212 murem
1076 1192 1104 1212 se
1122 1192 1177 1212 esse
1189 1182 1318 1222 professa
1329 1203 1342 1219 ,

443 1239 573 1268 Dimissa
594 1244 633 1267 est
653 1245 737 1276 sospes
757 1243 784 1266 et
803 1242 902 1275 aperto
922 1235 1037 1265 reddita
1056 1233 1140 1263 coelo.

441 1290 520 1320 Haec
539 1288 635 1318 eadem
654 1291 685 1317 in
705 1287 820 1326 rapidos
839 1287 935 1328 paullo
951 1293 1015 1325 post
1033 1285 1137 1316 incidit
1157 1295 1262 1324 ungues

444 1343 575 1372 Alterius
595 1341 760 1370 mustellae:
779 1347 806 1370 ct
825 1339 862 1368 ab
881 1340 934 1368 hae
953 1346 1059 1377 quoque
1079 1339 1190 1366 mittier
1209 1346 1293 1367 orans

445 1394 550 1424 Audiit
569 1399 716 1422 aeternum
734 1402 798 1421 eum
818 1392 947 1422 muribus
964 1401 1019 1421 esse
1037 1390 1163 1420 duellum

438 1445 603 1480 Mustelas,
619 1445 707 1483 proin
725 1451 799 1482 spem
818 1447 917 1474 ‘veniae
936 1444 1083 1482 deponeret
1103 1450 1221 1472 omnem.

433 1498 491 1526 Illa
511 1496 561 1525 sed
577 1502 717 1526 ostentans
735 1502 850 1533 tenues,
867 1503 977 1535 pennae
996 1495 1077 1523 alitis
1097 1495 1213 1528 instar,

436 1549 623 1578 Membranas
641 1555 721 1586 tergo
741 1548 909 1584 haerentes,
930 1556 985 1577 sese
1004 1554 1058 1575 esse
1075 1545 1215 1575 volucrem
1227 1565 1240 1581 ‚

443 1601 514 1630 Non
533 1609 642 1629 murem
662 1600 805 1629 assernit:
824 1599 993 1636 dimissaque
1011 1606 1112 1626 rursus
1132 1597 1163 1624 in
1183 1603 1273 1624 auras
1285 1615 1296 1631 ,

443 1650 490 1680 Sic
508 1657 677 1680 commutato
697 1650 738 1679 bis
757 1651 868 1680 nomine
886 1657 974 1679 nacta
992 1648 1112 1678 salutem
1133 1653 1185 1676 est.

443 1751 512 1782 Non
532 1761 619 1782 unam
639 1757 747 1790 semper
766 1751 906 1780 rationem
925 1751 1042 1779 insistat
1060 1749 1184 1789 agendi,

442 1802 501 1840 Qui
518 1804 614 1832 vitare
632 1805 710 1842 cupit
730 1803 811 1832 varii
828 1801 997 1831 discrimina
1016 1811 1109 1831 casus.

197 1903 364 1943 Vespertilio
388 1911 416 1933 et
443 1904 597 1935 Mustella.
636 1903 767 1932 Habetur
792 1902 867 1932 inter
883 1902 994 1938 Aesop.
1022 1902 1092 1931 coll.
1119 1900 1200 1937 vulg.
1231 1898 1297 1928 No.
1319 1905 1387 1934 109.
1416 1895 1496 1927 Flor.
1523 1895 1584 1925 No.
1605 1902 1671 1934 125.

156 1955 280 1985 Videtur
313 1956 347 1984 ad
381 1955 453 1985 hanc
481 1955 606 1984 fabulam
640 1954 786 1992 pertinere
810 1953 1003 1989 fragmentum
1038 1951 1177 1981 Varronis
1211 1950 1288 1987 apud
1321 1948 1452 1978 Nonium
1488 1948 1566 1984 quod
1590 1957 1675 1984 supra

158 2007 340 2036 exhibuimus
360 2007 395 2036 ad
419 2006 479 2036 fab.
500 2015 546 2036 11.

195 2057 281 2086 Vitae
300 2067 429 2087 usuram.
469 2057 535 2089 Cic.
560 2057 654 2088 Tusc.
680 2057 752 2087 Lib.
772 2058 797 2087 I.
822 2065 888 2093 cap.
907 2063 956 2092 39.
999 2075 1018 2092 „
1039 2054 1081 2085 At
1101 2064 1134 2084 ea
1155 2052 1305 2092 (natura)
1326 2050 1436 2090 quidem
1459 2050 1537 2079 dedit
1558 2059 1675 2078 usuram

157 2109 251 2142 vitae,
272 2115 410 2146 tanquam
426 2110 584 2148 pecuniae,
603 2109 686 2139 nulla
702 2108 881 2147 praestituta
899 2106 982 2137 die.”
1034 2140 1038 2144 ,

930 2158 965 2187 Μ
986 2166 1004 2187 2
1595 2151 1617 2180 F
1634 2150 1675 2180 A·
