<?xml version="1.0" encoding="UTF-8"?>
<!DOCTYPE html PUBLIC "-//W3C//DTD XHTML 1.0 Transitional//EN"
    "http://www.w3.org/TR/xhtml1/DTD/xhtml1-transitional.dtd">
<html xmlns="http://www.w3.org/1999/xhtml" xml:lang="en" lang="en">
 <head>
  <title>
</title>
<meta http-equiv="Content-Type" content="text/html;charset=utf-8" />
  <meta name='ocr-system' content='tesseract 3.04.00' />
  <meta name='ocr-capabilities' content='ocr_page ocr_carea ocr_par ocr_line ocrx_word'/>
</head>
<body>
  <div class='ocr_page' id='page_1' title='image "annalesacademiae24rijk_0228.png"; bbox 0 0 1919 2511; ppageno 0'>
   <div class='ocr_carea' id='block_1_1' title="bbox 327 148 1432 188">
    <p class='ocr_par' dir='ltr' id='par_1_1' title="bbox 327 148 1432 188">
     <span class='ocr_line' id='line_1_1' title="bbox 327 148 1432 188; baseline 0.006 -7"><span class='ocrx_word' id='word_1_1' title='bbox 327 157 369 188; x_wconf 76' lang='lat'>13</span> <span class='ocrx_word' id='word_1_2' title='bbox 674 152 712 183; x_wconf 91' lang='lat' dir='ltr'>C.</span> <span class='ocrx_word' id='word_1_3' title='bbox 766 148 952 182; x_wconf 70' lang='lat' dir='ltr'>PRUYS&#39;</span> <span class='ocrx_word' id='word_1_4' title='bbox 976 158 1057 183; x_wconf 72' lang='lat' dir='ltr'>vAN</span> <span class='ocrx_word' id='word_1_5' title='bbox 1087 161 1169 185; x_wconf 77' lang='lat' dir='ltr'>DER</span> <span class='ocrx_word' id='word_1_6' title='bbox 1200 152 1432 188; x_wconf 91' lang='lat' dir='ltr'>HOEVEN</span> 
     </span>
    </p>
   </div>
   <div class='ocr_carea' id='block_1_2' title="bbox 285 236 1808 2188">
    <p class='ocr_par' dir='ltr' id='par_1_2' title="bbox 327 236 1806 608">
     <span class='ocr_line' id='line_1_2' title="bbox 327 236 1797 289; baseline 0.003 -15"><span class='ocrx_word' id='word_1_7' title='bbox 327 240 417 275; x_wconf 84' lang='lat' dir='ltr'>enim</span> <span class='ocrx_word' id='word_1_8' title='bbox 441 236 581 273; x_wconf 85' lang='lat' dir='ltr'>candido</span> <span class='ocrx_word' id='word_1_9' title='bbox 604 236 674 272; x_wconf 86' lang='lat' dir='ltr'>viro</span> <span class='ocrx_word' id='word_1_10' title='bbox 697 247 737 270; x_wconf 85' lang='lat' dir='ltr'>ac</span> <span class='ocrx_word' id='word_1_11' title='bbox 756 237 900 281; x_wconf 85' lang='lat' dir='ltr'>&#39;simplici</span> <span class='ocrx_word' id='word_1_12' title='bbox 923 247 981 282; x_wconf 84' lang='lat' dir='ltr'>ego</span> <span class='ocrx_word' id='word_1_13' title='bbox 1012 237 1131 282; x_wconf 83' lang='lat' dir='ltr'>collega</span> <span class='ocrx_word' id='word_1_14' title='bbox 1155 238 1252 272; x_wconf 83' lang='lat' dir='ltr'>datus</span> <span class='ocrx_word' id='word_1_15' title='bbox 1278 249 1373 283; x_wconf 86' lang='lat' dir='ltr'>sum,</span> <span class='ocrx_word' id='word_1_16' title='bbox 1403 241 1561 287; x_wconf 88' lang='lat' dir='ltr'>simplicis</span> <span class='ocrx_word' id='word_1_17' title='bbox 1584 244 1742 289; x_wconf 87' lang='lat' dir='ltr'>cujusque</span> <span class='ocrx_word' id='word_1_18' title='bbox 1762 249 1797 278; x_wconf 69' lang='lat' dir='ltr'>ct</span> 
     </span>
     <span class='ocr_line' id='line_1_3' title="bbox 328 292 1798 338; baseline 0.003 -8"><span class='ocrx_word' id='word_1_19' title='bbox 328 297 398 330; x_wconf 89' lang='lat' dir='ltr'>veri</span> <span class='ocrx_word' id='word_1_20' title='bbox 426 295 589 329; x_wconf 83' lang='lat' dir='ltr'>laudator.</span> <span class='ocrx_word' id='word_1_21' title='bbox 634 294 704 336; x_wconf 86' lang='lat' dir='ltr'>Ego</span> <span class='ocrx_word' id='word_1_22' title='bbox 738 292 923 327; x_wconf 80' lang='lat' dir='ltr'>medicinae</span> <span class='ocrx_word' id='word_1_23' title='bbox 946 294 1112 338; x_wconf 75' lang='lat' dir='ltr'>practicae</span> <span class='ocrx_word' id='word_1_24' title='bbox 1140 295 1255 329; x_wconf 85' lang='lat' dir='ltr'>doctor</span> <span class='ocrx_word' id='word_1_25' title='bbox 1284 303 1316 331; x_wconf 87' lang='lat' dir='ltr'>et</span> <span class='ocrx_word' id='word_1_26' title='bbox 1337 297 1493 332; x_wconf 60' lang='lat' dir='ltr'>historiae</span> <span class='ocrx_word' id='word_1_27' title='bbox 1517 299 1700 335; x_wconf 85' lang='lat' dir='ltr'>medicinae</span> <span class='ocrx_word' id='word_1_28' title='bbox 1724 303 1798 335; x_wconf 81' lang='lat' dir='ltr'>cul-</span> 
     </span>
     <span class='ocr_line' id='line_1_4' title="bbox 330 349 1799 396; baseline 0.004 -11"><span class='ocrx_word' id='word_1_29' title='bbox 330 358 381 385; x_wconf 90' lang='lat' dir='ltr'>tor</span> <span class='ocrx_word' id='word_1_30' title='bbox 409 357 440 384; x_wconf 91' lang='lat' dir='ltr'>te</span> <span class='ocrx_word' id='word_1_31' title='bbox 467 351 624 392; x_wconf 75' lang='lat' dir='ltr'>collegam</span> <span class='ocrx_word' id='word_1_32' title='bbox 649 354 768 382; x_wconf 86' lang='lat' dir='ltr'>nactus</span> <span class='ocrx_word' id='word_1_33' title='bbox 796 360 899 391; x_wconf 67' lang='lat' dir='ltr'>sum,</span> <span class='ocrx_word' id='word_1_34' title='bbox 923 349 1107 384; x_wconf 70' lang='lat' dir='ltr'><strong>medicinae</strong></span> <span class='ocrx_word' id='word_1_35' title='bbox 1142 352 1309 396; x_wconf 81' lang='lat' dir='ltr'>practicae</span> <span class='ocrx_word' id='word_1_36' title='bbox 1338 355 1508 389; x_wconf 87' lang='lat' dir='ltr'>doctorem</span> <span class='ocrx_word' id='word_1_37' title='bbox 1540 362 1572 389; x_wconf 91' lang='lat' dir='ltr'>et</span> <span class='ocrx_word' id='word_1_38' title='bbox 1597 357 1726 390; x_wconf 89' lang='lat' dir='ltr'>fidelem</span> <span class='ocrx_word' id='word_1_39' title='bbox 1749 360 1799 391; x_wconf 89' lang='lat' dir='ltr'>si-</span> 
     </span>
     <span class='ocr_line' id='line_1_5' title="bbox 332 405 1797 456; baseline 0.005 -16"><span class='ocrx_word' id='word_1_40' title='bbox 332 409 403 441; x_wconf 84' lang='lat' dir='ltr'>mul</span> <span class='ocrx_word' id='word_1_41' title='bbox 436 408 514 440; x_wconf 86' lang='lat' dir='ltr'>artis</span> <span class='ocrx_word' id='word_1_42' title='bbox 545 406 752 438; x_wconf 83' lang='lat' dir='ltr'>historicum.</span> <span class='ocrx_word' id='word_1_43' title='bbox 815 408 885 438; x_wconf 90' lang='lat' dir='ltr'>Nos</span> <span class='ocrx_word' id='word_1_44' title='bbox 913 405 1010 449; x_wconf 84' lang='lat' dir='ltr'>igitur</span> <span class='ocrx_word' id='word_1_45' title='bbox 1025 431 1034 447; x_wconf 94' lang='lat'>,</span> <span class='ocrx_word' id='word_1_46' title='bbox 1073 408 1135 440; x_wconf 88' lang='lat' dir='ltr'>Vir</span> <span class='ocrx_word' id='word_1_47' title='bbox 1155 407 1294 452; x_wconf 85' lang='lat' dir='ltr'>optime!</span> <span class='ocrx_word' id='word_1_48' title='bbox 1326 417 1485 454; x_wconf 81' lang='lat' dir='ltr'>perpetua</span> <span class='ocrx_word' id='word_1_49' title='bbox 1517 414 1629 456; x_wconf 75' lang='lat' dir='ltr'>iungat</span> <span class='ocrx_word' id='word_1_50' title='bbox 1652 413 1797 448; x_wconf 82' lang='lat' dir='ltr'>fraterna</span> 
     </span>
     <span class='ocr_line' id='line_1_6' title="bbox 330 461 1798 511; baseline 0.005 -14"><span class='ocrx_word' id='word_1_51' title='bbox 330 463 452 497; x_wconf 84' lang='lat' dir='ltr'>caritas</span> <span class='ocrx_word' id='word_1_52' title='bbox 466 487 476 504; x_wconf 89' lang='lat'>,</span> <span class='ocrx_word' id='word_1_53' title='bbox 498 462 676 505; x_wconf 58' lang='lat' dir='ltr'>nostrsique</span> <span class='ocrx_word' id='word_1_54' title='bbox 702 466 733 494; x_wconf 86' lang='lat' dir='ltr'>et</span> <span class='ocrx_word' id='word_1_55' title='bbox 754 462 854 504; x_wconf 65' lang='lat' dir='ltr'>opera</span> <span class='ocrx_word' id='word_1_56' title='bbox 877 467 908 494; x_wconf 88' lang='lat' dir='ltr'>et</span> <span class='ocrx_word' id='word_1_57' title='bbox 933 461 1078 496; x_wconf 67' lang='lat' dir='ltr'>amicitia</span> <span class='ocrx_word' id='word_1_58' title='bbox 1100 463 1215 499; x_wconf 88' lang='lat' dir='ltr'>floreat</span> <span class='ocrx_word' id='word_1_59' title='bbox 1239 465 1407 510; x_wconf 80' lang='lat' dir='ltr'>vigeatque</span> <span class='ocrx_word' id='word_1_60' title='bbox 1429 467 1540 511; x_wconf 85' lang='lat' dir='ltr'>prisca</span> <span class='ocrx_word' id='word_1_61' title='bbox 1565 469 1649 504; x_wconf 90' lang='lat' dir='ltr'>haec</span> <span class='ocrx_word' id='word_1_62' title='bbox 1681 476 1714 504; x_wconf 90' lang='lat' dir='ltr'>et</span> <span class='ocrx_word' id='word_1_63' title='bbox 1741 482 1798 505; x_wconf 89' lang='lat' dir='ltr'>ce-</span> 
     </span>
     <span class='ocr_line' id='line_1_7' title="bbox 331 518 1806 571; baseline 0.005 -19"><span class='ocrx_word' id='word_1_64' title='bbox 331 519 525 560; x_wconf 83' lang='lat' dir='ltr'>leberrima,</span> <span class='ocrx_word' id='word_1_65' title='bbox 558 529 660 562; x_wconf 85' lang='lat' dir='ltr'>quam</span> <span class='ocrx_word' id='word_1_66' title='bbox 689 518 885 550; x_wconf 87' lang='lat' dir='ltr'>immortalis</span> <span class='ocrx_word' id='word_1_67' title='bbox 915 518 968 551; x_wconf 90' lang='lat' dir='ltr'>ille</span> <span class='ocrx_word' id='word_1_68' title='bbox 998 532 1249 565; x_wconf 55' lang='lat' dir='ltr'>memmium,</span> <span class='ocrx_word' id='word_1_69' title='bbox 1268 528 1380 556; x_wconf 78' lang='lat' dir='ltr'>noster</span> <span class='ocrx_word' id='word_1_70' title='bbox 1408 524 1596 568; x_wconf 85' lang='lat' dir='ltr'>quondam,</span> <span class='ocrx_word' id='word_1_71' title='bbox 1628 527 1772 562; x_wconf 84' lang='lat' dir='ltr'>condidit</span> <span class='ocrx_word' id='word_1_72' title='bbox 1788 553 1806 571; x_wconf 69' lang='lat'>‚,</span> 
     </span>
     <span class='ocr_line' id='line_1_8' title="bbox 329 573 933 608; baseline -0.003 0"><span class='ocrx_word' id='word_1_73' title='bbox 329 575 541 608; x_wconf 79' lang='lat' dir='ltr'>Medicorum</span> <span class='ocrx_word' id='word_1_74' title='bbox 566 577 772 608; x_wconf 82' lang='lat' dir='ltr'>Batavorum</span> <span class='ocrx_word' id='word_1_75' title='bbox 793 573 933 606; x_wconf 84' lang='lat' dir='ltr'>Schola!</span> 
     </span>
    </p>

    <p class='ocr_par' dir='ltr' id='par_1_3' title="bbox 329 629 1800 902">
     <span class='ocr_line' id='line_1_9' title="bbox 376 629 1800 681; baseline 0.007 -19"><span class='ocrx_word' id='word_1_76' title='bbox 376 634 490 673; x_wconf 79' lang='lat' dir='ltr'>Quam</span> <span class='ocrx_word' id='word_1_77' title='bbox 526 631 642 664; x_wconf 88' lang='lat' dir='ltr'>vellem</span> <span class='ocrx_word' id='word_1_78' title='bbox 670 635 703 663; x_wconf 86' lang='lat' dir='ltr'>et</span> <span class='ocrx_word' id='word_1_79' title='bbox 734 629 788 663; x_wconf 81' lang='lat' dir='ltr'>hic</span> <span class='ocrx_word' id='word_1_80' title='bbox 819 635 1028 674; x_wconf 80' lang='lat' dir='ltr'>praesentem</span> <span class='ocrx_word' id='word_1_81' title='bbox 1054 629 1175 666; x_wconf 88' lang='lat' dir='ltr'>intueri</span> <span class='ocrx_word' id='word_1_82' title='bbox 1203 633 1286 668; x_wconf 85' lang='lat' dir='ltr'>mihi</span> <span class='ocrx_word' id='word_1_83' title='bbox 1315 635 1426 668; x_wconf 84' lang='lat' dir='ltr'>liceret</span> <span class='ocrx_word' id='word_1_84' title='bbox 1458 641 1606 670; x_wconf 78' lang='lat' dir='ltr'>vestrum</span> <span class='ocrx_word' id='word_1_85' title='bbox 1631 638 1800 681; x_wconf 83' lang='lat' dir='ltr'>quondam</span> 
     </span>
     <span class='ocr_line' id='line_1_10' title="bbox 332 689 1798 737; baseline 0.003 -14"><span class='ocrx_word' id='word_1_86' title='bbox 332 700 533 723; x_wconf 74' lang='lat' dir='ltr'>BERNARDUM</span> <span class='ocrx_word' id='word_1_87' title='bbox 550 713 559 730; x_wconf 92' lang='lat'>,</span> <span class='ocrx_word' id='word_1_88' title='bbox 593 689 704 722; x_wconf 85' lang='lat' dir='ltr'>virum</span> <span class='ocrx_word' id='word_1_89' title='bbox 728 694 760 722; x_wconf 87' lang='lat' dir='ltr'>et</span> <span class='ocrx_word' id='word_1_90' title='bbox 784 694 854 721; x_wconf 86' lang='lat' dir='ltr'>arte</span> <span class='ocrx_word' id='word_1_91' title='bbox 877 694 909 721; x_wconf 83' lang='lat' dir='ltr'>et</span> <span class='ocrx_word' id='word_1_92' title='bbox 932 689 1088 722; x_wconf 57' lang='lat' dir='ltr'>facundia</span> <span class='ocrx_word' id='word_1_93' title='bbox 1107 690 1290 734; x_wconf 83' lang='lat' dir='ltr'>insignem,</span> <span class='ocrx_word' id='word_1_94' title='bbox 1328 692 1380 724; x_wconf 88' lang='lat' dir='ltr'>cui</span> <span class='ocrx_word' id='word_1_95' title='bbox 1409 702 1487 724; x_wconf 86' lang='lat' dir='ltr'>cum</span> <span class='ocrx_word' id='word_1_96' title='bbox 1517 697 1549 724; x_wconf 85' lang='lat' dir='ltr'>et</span> <span class='ocrx_word' id='word_1_97' title='bbox 1582 703 1622 726; x_wconf 89' lang='lat' dir='ltr'>eo</span> <span class='ocrx_word' id='word_1_98' title='bbox 1648 695 1798 737; x_wconf 84' lang='lat' dir='ltr'>cupiente</span> 
     </span>
     <span class='ocr_line' id='line_1_11' title="bbox 332 745 1800 793; baseline 0.005 -16"><span class='ocrx_word' id='word_1_99' title='bbox 332 755 505 778; x_wconf 83' lang='lat' dir='ltr'>successor</span> <span class='ocrx_word' id='word_1_100' title='bbox 541 745 638 777; x_wconf 85' lang='lat' dir='ltr'>datus</span> <span class='ocrx_word' id='word_1_101' title='bbox 670 745 756 786; x_wconf 82' lang='lat' dir='ltr'>sim,</span> <span class='ocrx_word' id='word_1_102' title='bbox 795 745 948 788; x_wconf 84' lang='lat' dir='ltr'>equidem</span> <span class='ocrx_word' id='word_1_103' title='bbox 976 757 1045 780; x_wconf 89' lang='lat' dir='ltr'>non</span> <span class='ocrx_word' id='word_1_104' title='bbox 1077 747 1194 780; x_wconf 81' lang='lat' dir='ltr'>melius</span> <span class='ocrx_word' id='word_1_105' title='bbox 1222 753 1279 781; x_wconf 87' lang='lat' dir='ltr'>aut</span> <span class='ocrx_word' id='word_1_106' title='bbox 1307 749 1415 791; x_wconf 84' lang='lat' dir='ltr'>aptius</span> <span class='ocrx_word' id='word_1_107' title='bbox 1444 759 1500 782; x_wconf 88' lang='lat' dir='ltr'>me</span> <span class='ocrx_word' id='word_1_108' title='bbox 1529 750 1633 793; x_wconf 87' lang='lat' dir='ltr'>ipsius</span> <span class='ocrx_word' id='word_1_109' title='bbox 1662 751 1800 785; x_wconf 85' lang='lat' dir='ltr'>rationis</span> 
     </span>
     <span class='ocr_line' id='line_1_12' title="bbox 331 799 1800 851; baseline 0.005 -18"><span class='ocrx_word' id='word_1_110' title='bbox 331 811 403 834; x_wconf 86' lang='lat' dir='ltr'>esse</span> <span class='ocrx_word' id='word_1_111' title='bbox 432 802 688 843; x_wconf 80' lang='lat' dir='ltr'>admiratorem,</span> <span class='ocrx_word' id='word_1_112' title='bbox 712 799 897 845; x_wconf 79' lang='lat' dir='ltr'>significare</span> <span class='ocrx_word' id='word_1_113' title='bbox 920 804 1065 845; x_wconf 85' lang='lat' dir='ltr'>potuisse</span> <span class='ocrx_word' id='word_1_114' title='bbox 1086 802 1221 847; x_wconf 79' lang='lat' dir='ltr'>putavi,</span> <span class='ocrx_word' id='word_1_115' title='bbox 1242 814 1344 847; x_wconf 80' lang='lat' dir='ltr'>qumn</span> <span class='ocrx_word' id='word_1_116' title='bbox 1364 806 1415 846; x_wconf 85' lang='lat' dir='ltr'>si,</span> <span class='ocrx_word' id='word_1_117' title='bbox 1437 806 1537 848; x_wconf 76' lang='lat' dir='ltr'>cujus</span> <span class='ocrx_word' id='word_1_118' title='bbox 1553 807 1582 840; x_wconf 87' lang='lat' dir='ltr'>is</span> <span class='ocrx_word' id='word_1_119' title='bbox 1603 807 1708 840; x_wconf 85' lang='lat' dir='ltr'>cultor</span> <span class='ocrx_word' id='word_1_120' title='bbox 1726 813 1774 841; x_wconf 85' lang='lat' dir='ltr'>est</span> <span class='ocrx_word' id='word_1_121' title='bbox 1787 833 1800 851; x_wconf 92' lang='lat'><em>‚</em></span> 
     </span>
     <span class='ocr_line' id='line_1_13' title="bbox 329 857 1076 902; baseline 0.001 -11"><span class='ocrx_word' id='word_1_122' title='bbox 329 858 478 893; x_wconf 88' lang='lat' dir='ltr'>oratione</span> <span class='ocrx_word' id='word_1_123' title='bbox 509 858 797 891; x_wconf 83' lang='lat' dir='ltr'>commendassem</span> <span class='ocrx_word' id='word_1_124' title='bbox 821 857 1076 902; x_wconf 83' lang='lat' dir='ltr'>simplicitatem.</span> 
     </span>
    </p>

    <p class='ocr_par' dir='ltr' id='par_1_4' title="bbox 330 914 1806 1468">
     <span class='ocr_line' id='line_1_14' title="bbox 372 914 1800 963; baseline 0.005 -16"><span class='ocrx_word' id='word_1_125' title='bbox 372 917 476 948; x_wconf 88' lang='lat' dir='ltr'>Hunc</span> <span class='ocrx_word' id='word_1_126' title='bbox 497 914 655 958; x_wconf 82' lang='lat' dir='ltr'>simplicis</span> <span class='ocrx_word' id='word_1_127' title='bbox 680 916 812 959; x_wconf 87' lang='lat' dir='ltr'>verique</span> <span class='ocrx_word' id='word_1_128' title='bbox 835 926 994 958; x_wconf 84' lang='lat' dir='ltr'>sensum,</span> <span class='ocrx_word' id='word_1_129' title='bbox 1024 917 1053 949; x_wconf 86' lang='lat' dir='ltr'>si</span> <span class='ocrx_word' id='word_1_130' title='bbox 1079 917 1148 959; x_wconf 84' lang='lat' dir='ltr'>ipse</span> <span class='ocrx_word' id='word_1_131' title='bbox 1176 917 1319 962; x_wconf 82' lang='lat' dir='ltr'>aliquem</span> <span class='ocrx_word' id='word_1_132' title='bbox 1342 917 1506 961; x_wconf 53' lang='lat' dir='ltr'>habeam«,</span> <span class='ocrx_word' id='word_1_133' title='bbox 1529 919 1675 963; x_wconf 82' lang='lat' dir='ltr'>primum</span> <span class='ocrx_word' id='word_1_134' title='bbox 1695 919 1800 954; x_wconf 85' lang='lat' dir='ltr'>debeo</span> 
     </span>
     <span class='ocr_line' id='line_1_15' title="bbox 330 972 1803 1017; baseline 0.005 -14"><span class='ocrx_word' id='word_1_135' title='bbox 330 972 498 1004; x_wconf 81' lang='lat' dir='ltr'>excultum</span> <span class='ocrx_word' id='word_1_136' title='bbox 523 984 702 1014; x_wconf 73' lang='lat' dir='ltr'>NonELmo,</span> <span class='ocrx_word' id='word_1_137' title='bbox 726 973 933 1015; x_wconf 81' lang='lat' dir='ltr'>praeceptori</span> <span class='ocrx_word' id='word_1_138' title='bbox 951 972 1120 1016; x_wconf 89' lang='lat' dir='ltr'>quondam</span> <span class='ocrx_word' id='word_1_139' title='bbox 1140 983 1215 1006; x_wconf 85' lang='lat' dir='ltr'>meo</span> <span class='ocrx_word' id='word_1_140' title='bbox 1228 998 1237 1015; x_wconf 89' lang='lat'>,</span> <span class='ocrx_word' id='word_1_141' title='bbox 1260 974 1317 1007; x_wconf 88' lang='lat' dir='ltr'>diu</span> <span class='ocrx_word' id='word_1_142' title='bbox 1342 976 1411 1017; x_wconf 79' lang='lat' dir='ltr'>jam</span> <span class='ocrx_word' id='word_1_143' title='bbox 1436 975 1537 1009; x_wconf 88' lang='lat' dir='ltr'>eheu!</span> <span class='ocrx_word' id='word_1_144' title='bbox 1561 976 1658 1010; x_wconf 88' lang='lat' dir='ltr'>nobis</span> <span class='ocrx_word' id='word_1_145' title='bbox 1681 976 1803 1010; x_wconf 85' lang='lat' dir='ltr'>rebus-</span> 
     </span>
     <span class='ocr_line' id='line_1_16' title="bbox 331 1027 1804 1076; baseline 0.003 -15"><span class='ocrx_word' id='word_1_146' title='bbox 331 1039 396 1072; x_wconf 86' lang='lat' dir='ltr'>que</span> <span class='ocrx_word' id='word_1_147' title='bbox 418 1027 575 1062; x_wconf 78' lang='lat' dir='ltr'>humams</span> <span class='ocrx_word' id='word_1_148' title='bbox 600 1035 733 1073; x_wconf 71' lang='lat' dir='ltr'>erepto3</span> <span class='ocrx_word' id='word_1_149' title='bbox 754 1029 831 1062; x_wconf 89' lang='lat' dir='ltr'>dein</span> <span class='ocrx_word' id='word_1_150' title='bbox 852 1030 887 1062; x_wconf 92' lang='lat' dir='ltr'>in</span> <span class='ocrx_word' id='word_1_151' title='bbox 914 1028 1002 1071; x_wconf 84' lang='lat' dir='ltr'>hac,</span> <span class='ocrx_word' id='word_1_152' title='bbox 1029 1039 1129 1073; x_wconf 87' lang='lat' dir='ltr'>quam</span> <span class='ocrx_word' id='word_1_153' title='bbox 1149 1029 1306 1073; x_wconf 85' lang='lat' dir='ltr'>profiteor</span> <span class='ocrx_word' id='word_1_154' title='bbox 1330 1037 1421 1074; x_wconf 84' lang='lat' dir='ltr'>arte,</span> <span class='ocrx_word' id='word_1_155' title='bbox 1452 1033 1539 1075; x_wconf 82' lang='lat' dir='ltr'>patri</span> <span class='ocrx_word' id='word_1_156' title='bbox 1565 1034 1712 1076; x_wconf 87' lang='lat' dir='ltr'>optimo,</span> <span class='ocrx_word' id='word_1_157' title='bbox 1741 1044 1804 1066; x_wconf 84' lang='lat' dir='ltr'>cu—</span> 
     </span>
     <span class='ocr_line' id='line_1_17' title="bbox 330 1085 1804 1132; baseline 0.003 -14"><span class='ocrx_word' id='word_1_158' title='bbox 330 1086 383 1128; x_wconf 80' lang='lat' dir='ltr'>jus</span> <span class='ocrx_word' id='word_1_159' title='bbox 407 1090 455 1118; x_wconf 84' lang='lat' dir='ltr'>tot</span> <span class='ocrx_word' id='word_1_160' title='bbox 481 1090 638 1128; x_wconf 86' lang='lat' dir='ltr'>tantaque</span> <span class='ocrx_word' id='word_1_161' title='bbox 661 1086 697 1118; x_wconf 88' lang='lat' dir='ltr'>in</span> <span class='ocrx_word' id='word_1_162' title='bbox 722 1096 776 1118; x_wconf 90' lang='lat' dir='ltr'>me</span> <span class='ocrx_word' id='word_1_163' title='bbox 800 1091 931 1119; x_wconf 83' lang='lat' dir='ltr'>exstant</span> <span class='ocrx_word' id='word_1_164' title='bbox 959 1086 1077 1119; x_wconf 81' lang='lat' dir='ltr'>collata</span> <span class='ocrx_word' id='word_1_165' title='bbox 1100 1085 1277 1129; x_wconf 85' lang='lat' dir='ltr'>beneficia,</span> <span class='ocrx_word' id='word_1_166' title='bbox 1307 1093 1344 1120; x_wconf 85' lang='lat' dir='ltr'>ut</span> <span class='ocrx_word' id='word_1_167' title='bbox 1364 1088 1405 1120; x_wconf 89' lang='lat' dir='ltr'>iis</span> <span class='ocrx_word' id='word_1_168' title='bbox 1429 1089 1665 1122; x_wconf 80' lang='lat' dir='ltr'>enumerandis</span> <span class='ocrx_word' id='word_1_169' title='bbox 1693 1090 1804 1132; x_wconf 83' lang='lat' dir='ltr'>impar</span> 
     </span>
     <span class='ocr_line' id='line_1_18' title="bbox 331 1140 1806 1188; baseline 0.003 -14"><span class='ocrx_word' id='word_1_170' title='bbox 331 1140 374 1175; x_wconf 87' lang='lat' dir='ltr'>sit</span> <span class='ocrx_word' id='word_1_171' title='bbox 396 1143 501 1176; x_wconf 85' lang='lat' dir='ltr'>oratio</span> <span class='ocrx_word' id='word_1_172' title='bbox 526 1153 617 1176; x_wconf 79' lang='lat' dir='ltr'>mea.</span> <span class='ocrx_word' id='word_1_173' title='bbox 660 1143 788 1185; x_wconf 84' lang='lat' dir='ltr'>Quodsi</span> <span class='ocrx_word' id='word_1_174' title='bbox 815 1143 937 1187; x_wconf 79' lang='lat' dir='ltr'>aliquis.</span> <span class='ocrx_word' id='word_1_175' title='bbox 959 1142 1042 1175; x_wconf 88' lang='lat' dir='ltr'>mihi</span> <span class='ocrx_word' id='word_1_176' title='bbox 1072 1143 1115 1175; x_wconf 86' lang='lat' dir='ltr'>sit</span> <span class='ocrx_word' id='word_1_177' title='bbox 1139 1144 1221 1175; x_wconf 83' lang='lat' dir='ltr'>artis</span> <span class='ocrx_word' id='word_1_178' title='bbox 1239 1153 1320 1176; x_wconf 87' lang='lat' dir='ltr'>usus</span> <span class='ocrx_word' id='word_1_179' title='bbox 1333 1168 1342 1185; x_wconf 90' lang='lat'>‚</span> <span class='ocrx_word' id='word_1_180' title='bbox 1372 1153 1444 1187; x_wconf 73' lang='lat' dir='ltr'>quo=</span> <span class='ocrx_word' id='word_1_181' title='bbox 1467 1144 1670 1187; x_wconf 87' lang='lat' dir='ltr'>quibusdam</span> <span class='ocrx_word' id='word_1_182' title='bbox 1691 1146 1806 1188; x_wconf 80' lang='lat' dir='ltr'>opitu-</span> 
     </span>
     <span class='ocr_line' id='line_1_19' title="bbox 332 1197 1802 1243; baseline 0.003 -13"><span class='ocrx_word' id='word_1_183' title='bbox 332 1197 413 1238; x_wconf 76' lang='lat' dir='ltr'>lari,</span> <span class='ocrx_word' id='word_1_184' title='bbox 438 1198 518 1231; x_wconf 86' lang='lat' dir='ltr'>alios</span> <span class='ocrx_word' id='word_1_185' title='bbox 542 1207 673 1232; x_wconf 86' lang='lat' dir='ltr'>servare</span> <span class='ocrx_word' id='word_1_186' title='bbox 701 1200 847 1241; x_wconf 84' lang='lat' dir='ltr'>possim,</span> <span class='ocrx_word' id='word_1_187' title='bbox 870 1198 950 1232; x_wconf 89' lang='lat' dir='ltr'>illud</span> <span class='ocrx_word' id='word_1_188' title='bbox 970 1209 1092 1240; x_wconf 89' lang='lat' dir='ltr'>omne,</span> <span class='ocrx_word' id='word_1_189' title='bbox 1116 1199 1275 1243; x_wconf 85' lang='lat' dir='ltr'>quidquid</span> <span class='ocrx_word' id='word_1_190' title='bbox 1293 1199 1353 1242; x_wconf 87' lang='lat' dir='ltr'>sit,</span> <span class='ocrx_word' id='word_1_191' title='bbox 1377 1198 1456 1233; x_wconf 88' lang='lat' dir='ltr'>huic</span> <span class='ocrx_word' id='word_1_192' title='bbox 1478 1200 1582 1234; x_wconf 87' lang='lat' dir='ltr'>debeo</span> <span class='ocrx_word' id='word_1_193' title='bbox 1608 1201 1802 1235; x_wconf 83' lang='lat' dir='ltr'>Auditores!</span> 
     </span>
     <span class='ocr_line' id='line_1_20' title="bbox 331 1254 1806 1301; baseline 0.003 -15"><span class='ocrx_word' id='word_1_194' title='bbox 331 1256 382 1287; x_wconf 85' lang='lat' dir='ltr'>Te</span> <span class='ocrx_word' id='word_1_195' title='bbox 406 1254 521 1298; x_wconf 84' lang='lat' dir='ltr'>igitur,</span> <span class='ocrx_word' id='word_1_196' title='bbox 543 1258 644 1289; x_wconf 88' lang='lat' dir='ltr'>Pater</span> <span class='ocrx_word' id='word_1_197' title='bbox 666 1257 788 1301; x_wconf 80' lang='lat' dir='ltr'>optime</span> <span class='ocrx_word' id='word_1_198' title='bbox 801 1282 810 1299; x_wconf 93' lang='lat'>‚</span> <span class='ocrx_word' id='word_1_199' title='bbox 844 1268 864 1290; x_wconf 87' lang='lat' dir='ltr'>a</span> <span class='ocrx_word' id='word_1_200' title='bbox 898 1267 964 1301; x_wconf 90' lang='lat' dir='ltr'>quo</span> <span class='ocrx_word' id='word_1_201' title='bbox 989 1258 1053 1291; x_wconf 78' lang='lat' dir='ltr'>nisi</span> <span class='ocrx_word' id='word_1_202' title='bbox 1075 1268 1170 1301; x_wconf 81' lang='lat' dir='ltr'>aegre</span> <span class='ocrx_word' id='word_1_203' title='bbox 1192 1256 1311 1289; x_wconf 88' lang='lat' dir='ltr'>abesse</span> <span class='ocrx_word' id='word_1_204' title='bbox 1333 1267 1387 1290; x_wconf 89' lang='lat' dir='ltr'>me</span> <span class='ocrx_word' id='word_1_205' title='bbox 1412 1257 1542 1300; x_wconf 86' lang='lat' dir='ltr'>patiar,</span> <span class='ocrx_word' id='word_1_206' title='bbox 1562 1262 1595 1290; x_wconf 89' lang='lat' dir='ltr'>te</span> <span class='ocrx_word' id='word_1_207' title='bbox 1616 1257 1715 1300; x_wconf 88' lang='lat' dir='ltr'>hujus</span> <span class='ocrx_word' id='word_1_208' title='bbox 1732 1257 1806 1292; x_wconf 86' lang='lat' dir='ltr'>for-</span> 
     </span>
     <span class='ocr_line' id='line_1_21' title="bbox 331 1311 1806 1359; baseline 0.003 -15"><span class='ocrx_word' id='word_1_209' title='bbox 331 1317 432 1344; x_wconf 85' lang='lat' dir='ltr'>tunae</span> <span class='ocrx_word' id='word_1_210' title='bbox 451 1320 547 1344; x_wconf 88' lang='lat' dir='ltr'>meae</span> <span class='ocrx_word' id='word_1_211' title='bbox 571 1311 704 1346; x_wconf 81' lang='lat' dir='ltr'>fabrum</span> <span class='ocrx_word' id='word_1_212' title='bbox 734 1323 895 1357; x_wconf 83' lang='lat' dir='ltr'>agnosco,</span> <span class='ocrx_word' id='word_1_213' title='bbox 920 1316 1058 1359; x_wconf 87' lang='lat' dir='ltr'>Deoque</span> <span class='ocrx_word' id='word_1_214' title='bbox 1079 1316 1214 1358; x_wconf 84' lang='lat' dir='ltr'>Optimo</span> <span class='ocrx_word' id='word_1_215' title='bbox 1230 1315 1382 1348; x_wconf 80' lang='lat' dir='ltr'>Maximo</span> <span class='ocrx_word' id='word_1_216' title='bbox 1400 1315 1521 1358; x_wconf 82' lang='lat' dir='ltr'>gratias</span> <span class='ocrx_word' id='word_1_217' title='bbox 1546 1325 1607 1359; x_wconf 87' lang='lat' dir='ltr'>ago</span> <span class='ocrx_word' id='word_1_218' title='bbox 1630 1315 1806 1359; x_wconf 85' lang='lat' dir='ltr'>habeoque</span> 
     </span>
     <span class='ocr_line' id='line_1_22' title="bbox 331 1369 1804 1415; baseline 0.002 -15"><span class='ocrx_word' id='word_1_219' title='bbox 331 1369 497 1401; x_wconf 82' lang='lat' dir='ltr'>maximas</span> <span class='ocrx_word' id='word_1_220' title='bbox 509 1392 519 1409; x_wconf 86' lang='lat'><strong><em>,</em></strong></span> <span class='ocrx_word' id='word_1_221' title='bbox 542 1369 616 1412; x_wconf 85' lang='lat' dir='ltr'>qui,</span> <span class='ocrx_word' id='word_1_222' title='bbox 640 1379 721 1402; x_wconf 88' lang='lat' dir='ltr'>cum</span> <span class='ocrx_word' id='word_1_223' title='bbox 741 1379 796 1402; x_wconf 88' lang='lat' dir='ltr'>me</span> <span class='ocrx_word' id='word_1_224' title='bbox 813 1370 879 1405; x_wconf 88' lang='lat' dir='ltr'>hoc</span> <span class='ocrx_word' id='word_1_225' title='bbox 896 1382 1035 1405; x_wconf 84' lang='lat' dir='ltr'>munere</span> <span class='ocrx_word' id='word_1_226' title='bbox 1054 1371 1145 1415; x_wconf 85' lang='lat' dir='ltr'>fungi</span> <span class='ocrx_word' id='word_1_227' title='bbox 1162 1371 1255 1406; x_wconf 85' lang='lat' dir='ltr'>vellet</span> <span class='ocrx_word' id='word_1_228' title='bbox 1263 1395 1277 1412; x_wconf 74' lang='lat'>„</span> <span class='ocrx_word' id='word_1_229' title='bbox 1297 1376 1329 1404; x_wconf 86' lang='lat' dir='ltr'>te</span> <span class='ocrx_word' id='word_1_230' title='bbox 1348 1370 1431 1404; x_wconf 90' lang='lat' dir='ltr'>mihi</span> <span class='ocrx_word' id='word_1_231' title='bbox 1452 1370 1579 1406; x_wconf 76' lang='lat' dir='ltr'>dederit</span> <span class='ocrx_word' id='word_1_232' title='bbox 1602 1371 1682 1404; x_wconf 85' lang='lat' dir='ltr'>artis</span> <span class='ocrx_word' id='word_1_233' title='bbox 1701 1381 1804 1414; x_wconf 88' lang='lat' dir='ltr'>prae-</span> 
     </span>
     <span class='ocr_line' id='line_1_23' title="bbox 332 1429 512 1468; baseline -0.011 -10"><span class='ocrx_word' id='word_1_234' title='bbox 332 1429 512 1468; x_wconf 88' lang='lat' dir='ltr'>ceptorem.</span> 
     </span>
    </p>

    <p class='ocr_par' dir='ltr' id='par_1_5' title="bbox 285 1479 1808 1919">
     <span class='ocr_line' id='line_1_24' title="bbox 372 1479 1803 1525; baseline 0 -9"><span class='ocrx_word' id='word_1_235' title='bbox 372 1484 444 1516; x_wconf 86' lang='lat' dir='ltr'>Vos</span> <span class='ocrx_word' id='word_1_236' title='bbox 472 1481 634 1525; x_wconf 88' lang='lat' dir='ltr'>denique,</span> <span class='ocrx_word' id='word_1_237' title='bbox 655 1483 796 1516; x_wconf 81' lang='lat' dir='ltr'>Juvenes</span> <span class='ocrx_word' id='word_1_238' title='bbox 822 1481 1055 1524; x_wconf 80' lang='lat' dir='ltr'>ornatissimi,</span> <span class='ocrx_word' id='word_1_239' title='bbox 1078 1481 1265 1515; x_wconf 85' lang='lat' dir='ltr'>Medicinae</span> <span class='ocrx_word' id='word_1_240' title='bbox 1287 1479 1453 1514; x_wconf 62' lang='lat' dir='ltr'>Studiosil‘</span> <span class='ocrx_word' id='word_1_241' title='bbox 1477 1492 1532 1515; x_wconf 89' lang='lat' dir='ltr'>me</span> <span class='ocrx_word' id='word_1_242' title='bbox 1559 1480 1709 1515; x_wconf 84' lang='lat' dir='ltr'>habeatis</span> <span class='ocrx_word' id='word_1_243' title='bbox 1735 1493 1803 1516; x_wconf 88' lang='lat' dir='ltr'>non</span> 
     </span>
     <span class='ocr_line' id='line_1_25' title="bbox 333 1537 1806 1583; baseline 0.002 -12"><span class='ocrx_word' id='word_1_244' title='bbox 333 1542 464 1571; x_wconf 83' lang='lat' dir='ltr'>tantum</span> <span class='ocrx_word' id='word_1_245' title='bbox 489 1537 677 1571; x_wconf 88' lang='lat' dir='ltr'>studiorum</span> <span class='ocrx_word' id='word_1_246' title='bbox 698 1538 842 1580; x_wconf 84' lang='lat' dir='ltr'>ducem,</span> <span class='ocrx_word' id='word_1_247' title='bbox 864 1538 923 1570; x_wconf 88' lang='lat' dir='ltr'>sed</span> <span class='ocrx_word' id='word_1_248' title='bbox 944 1547 1059 1571; x_wconf 83' lang='lat' dir='ltr'>rerum</span> <span class='ocrx_word' id='word_1_249' title='bbox 1083 1538 1182 1571; x_wconf 89' lang='lat' dir='ltr'>simul</span> <span class='ocrx_word' id='word_1_250' title='bbox 1205 1543 1393 1573; x_wconf 86' lang='lat' dir='ltr'>vestrarum</span> <span class='ocrx_word' id='word_1_251' title='bbox 1419 1538 1699 1573; x_wconf 81' lang='lat' dir='ltr'>studiosissimum</span> <span class='ocrx_word' id='word_1_252' title='bbox 1713 1564 1723 1583; x_wconf 90' lang='lat'><strong>,</strong></span> <span class='ocrx_word' id='word_1_253' title='bbox 1746 1541 1806 1574; x_wconf 88' lang='lat' dir='ltr'>sed</span> 
     </span>
     <span class='ocr_line' id='line_1_26' title="bbox 334 1593 1808 1638; baseline 0.002 -12"><span class='ocrx_word' id='word_1_254' title='bbox 334 1593 482 1626; x_wconf 88' lang='lat' dir='ltr'>amicum</span> <span class='ocrx_word' id='word_1_255' title='bbox 505 1594 672 1626; x_wconf 88' lang='lat' dir='ltr'>sincerum</span> <span class='ocrx_word' id='word_1_256' title='bbox 685 1618 696 1634; x_wconf 87' lang='lat'><strong>,</strong></span> <span class='ocrx_word' id='word_1_257' title='bbox 718 1593 778 1627; x_wconf 88' lang='lat' dir='ltr'>sed</span> <span class='ocrx_word' id='word_1_258' title='bbox 801 1599 950 1628; x_wconf 84' lang='lat' dir='ltr'>vestrum</span> <span class='ocrx_word' id='word_1_259' title='bbox 970 1593 1136 1638; x_wconf 87' lang='lat' dir='ltr'>imprimis</span> <span class='ocrx_word' id='word_1_260' title='bbox 1159 1594 1392 1628; x_wconf 89' lang='lat' dir='ltr'>inservientem</span> <span class='ocrx_word' id='word_1_261' title='bbox 1417 1596 1601 1629; x_wconf 86' lang='lat' dir='ltr'>commodis</span> <span class='ocrx_word' id='word_1_262' title='bbox 1624 1601 1658 1629; x_wconf 85' lang='lat' dir='ltr'>et</span> <span class='ocrx_word' id='word_1_263' title='bbox 1680 1596 1808 1629; x_wconf 82' lang='lat' dir='ltr'>utilita-</span> 
     </span>
     <span class='ocr_line' id='line_1_27' title="bbox 335 1648 1806 1694; baseline 0 -12"><span class='ocrx_word' id='word_1_264' title='bbox 335 1649 444 1692; x_wconf 82' lang='lat' dir='ltr'>tibus,</span> <span class='ocrx_word' id='word_1_265' title='bbox 464 1650 518 1682; x_wconf 82' lang='lat' dir='ltr'>cui</span> <span class='ocrx_word' id='word_1_266' title='bbox 537 1648 619 1682; x_wconf 82' lang='lat' dir='ltr'>nihil</span> <span class='ocrx_word' id='word_1_267' title='bbox 631 1650 735 1693; x_wconf 84' lang='lat' dir='ltr'>magis</span> <span class='ocrx_word' id='word_1_268' title='bbox 753 1659 852 1682; x_wconf 86' lang='lat' dir='ltr'>curae</span> <span class='ocrx_word' id='word_1_269' title='bbox 869 1649 929 1682; x_wconf 89' lang='lat' dir='ltr'>erit</span> <span class='ocrx_word' id='word_1_270' title='bbox 939 1675 956 1691; x_wconf 24' lang='lat' dir='ltr'>‚i</span> <span class='ocrx_word' id='word_1_271' title='bbox 972 1661 1074 1694; x_wconf 82' lang='lat' dir='ltr'>quam</span> <span class='ocrx_word' id='word_1_272' title='bbox 1089 1656 1128 1683; x_wconf 85' lang='lat' dir='ltr'>ut</span> <span class='ocrx_word' id='word_1_273' title='bbox 1141 1659 1255 1684; x_wconf 83' lang='lat' dir='ltr'>veram</span> <span class='ocrx_word' id='word_1_274' title='bbox 1275 1651 1525 1693; x_wconf 84' lang='lat' dir='ltr'>consequamini</span> <span class='ocrx_word' id='word_1_275' title='bbox 1541 1650 1711 1683; x_wconf 85' lang='lat' dir='ltr'>doctrinae</span> <span class='ocrx_word' id='word_1_276' title='bbox 1730 1650 1806 1683; x_wconf 85' lang='lat' dir='ltr'>lau-</span> 
     </span>
     <span class='ocr_line' id='line_1_28' title="bbox 334 1703 1804 1750; baseline 0.001 -12"><span class='ocrx_word' id='word_1_277' title='bbox 334 1705 412 1739; x_wconf 89' lang='lat' dir='ltr'>dem</span> <span class='ocrx_word' id='word_1_278' title='bbox 435 1710 468 1738; x_wconf 87' lang='lat' dir='ltr'>et</span> <span class='ocrx_word' id='word_1_279' title='bbox 492 1706 652 1749; x_wconf 84' lang='lat' dir='ltr'>gloriam,</span> <span class='ocrx_word' id='word_1_280' title='bbox 680 1706 887 1750; x_wconf 84' lang='lat' dir='ltr'>optimasque</span> <span class='ocrx_word' id='word_1_281' title='bbox 916 1704 1037 1749; x_wconf 84' lang='lat' dir='ltr'>ingenii</span> <span class='ocrx_word' id='word_1_282' title='bbox 1064 1703 1231 1748; x_wconf 85' lang='lat' dir='ltr'>animique</span> <span class='ocrx_word' id='word_1_283' title='bbox 1251 1705 1343 1738; x_wconf 88' lang='lat' dir='ltr'>dotes</span> <span class='ocrx_word' id='word_1_284' title='bbox 1369 1706 1475 1749; x_wconf 85' lang='lat' dir='ltr'>pulcri</span> <span class='ocrx_word' id='word_1_285' title='bbox 1502 1706 1667 1738; x_wconf 83' lang='lat' dir='ltr'>exornetis</span> <span class='ocrx_word' id='word_1_286' title='bbox 1694 1705 1804 1739; x_wconf 87' lang='lat' dir='ltr'>studio</span> 
     </span>
     <span class='ocr_line' id='line_1_29' title="bbox 337 1759 1802 1806; baseline 0.001 -13"><span class='ocrx_word' id='word_1_287' title='bbox 337 1767 369 1793; x_wconf 79' lang='lat' dir='ltr'>et</span> <span class='ocrx_word' id='word_1_288' title='bbox 393 1762 462 1796; x_wconf 90' lang='lat' dir='ltr'>veri</span> <span class='ocrx_word' id='word_1_289' title='bbox 487 1763 646 1806; x_wconf 83' lang='lat' dir='ltr'>cujusque</span> <span class='ocrx_word' id='word_1_290' title='bbox 676 1763 900 1805; x_wconf 86' lang='lat' dir='ltr'>simplicisque</span> <span class='ocrx_word' id='word_1_291' title='bbox 925 1771 1027 1794; x_wconf 84' lang='lat' dir='ltr'>sensu</span> <span class='ocrx_word' id='word_1_292' title='bbox 1041 1786 1052 1803; x_wconf 84' lang='grc'>,</span> <span class='ocrx_word' id='word_1_293' title='bbox 1083 1772 1152 1805; x_wconf 79' lang='lat' dir='ltr'>quo.</span> <span class='ocrx_word' id='word_1_294' title='bbox 1177 1759 1205 1793; x_wconf 84' lang='lat' dir='ltr'>si</span> <span class='ocrx_word' id='word_1_295' title='bbox 1233 1761 1353 1794; x_wconf 85' lang='lat' dir='ltr'>imbuti</span> <span class='ocrx_word' id='word_1_296' title='bbox 1378 1761 1466 1795; x_wconf 90' lang='lat' dir='ltr'>hanc</span> <span class='ocrx_word' id='word_1_297' title='bbox 1491 1767 1641 1795; x_wconf 84' lang='lat' dir='ltr'>nostram</span> <span class='ocrx_word' id='word_1_298' title='bbox 1665 1761 1802 1795; x_wconf 87' lang='lat' dir='ltr'>fideliter</span> 
     </span>
     <span class='ocr_line' id='line_1_30' title="bbox 285 1809 1804 1862; baseline 0.001 -12"><span class='ocrx_word' id='word_1_299' title='bbox 285 1832 289 1835; x_wconf 96' lang='lat'>·</span> <span class='ocrx_word' id='word_1_300' title='bbox 340 1816 514 1851; x_wconf 85' lang='lat' dir='ltr'>didiceritis</span> <span class='ocrx_word' id='word_1_301' title='bbox 538 1824 643 1851; x_wconf 88' lang='lat' dir='ltr'>artem</span> <span class='ocrx_word' id='word_1_302' title='bbox 655 1844 665 1860; x_wconf 88' lang='lat'>,</span> <span class='ocrx_word' id='word_1_303' title='bbox 689 1824 720 1852; x_wconf 91' lang='lat' dir='ltr'>et</span> <span class='ocrx_word' id='word_1_304' title='bbox 740 1809 798 1854; x_wconf 57' lang='lat' dir='ltr'>Vos</span> <span class='ocrx_word' id='word_1_305' title='bbox 816 1818 937 1862; x_wconf 87' lang='lat' dir='ltr'>peritos</span> <span class='ocrx_word' id='word_1_306' title='bbox 956 1819 1058 1854; x_wconf 86' lang='lat' dir='ltr'>vestri</span> <span class='ocrx_word' id='word_1_307' title='bbox 1077 1817 1291 1851; x_wconf 86' lang='lat' dir='ltr'>celebrabunt</span> <span class='ocrx_word' id='word_1_308' title='bbox 1313 1817 1459 1852; x_wconf 89' lang='lat' dir='ltr'>medicos</span> <span class='ocrx_word' id='word_1_309' title='bbox 1471 1842 1484 1860; x_wconf 80' lang='lat'><em>,</em></span> <span class='ocrx_word' id='word_1_310' title='bbox 1505 1824 1536 1851; x_wconf 92' lang='lat' dir='ltr'>et</span> <span class='ocrx_word' id='word_1_311' title='bbox 1547 1818 1689 1861; x_wconf 87' lang='lat' dir='ltr'>optimos</span> <span class='ocrx_word' id='word_1_312' title='bbox 1704 1826 1804 1851; x_wconf 82' lang='lat' dir='ltr'>ama-</span> 
     </span>
     <span class='ocr_line' id='line_1_31' title="bbox 335 1872 784 1919; baseline 0.009 -14"><span class='ocrx_word' id='word_1_313' title='bbox 335 1872 420 1906; x_wconf 80' lang='lat' dir='ltr'>bunt</span> <span class='ocrx_word' id='word_1_314' title='bbox 441 1874 662 1919; x_wconf 87' lang='lat' dir='ltr'>candidosque</span> <span class='ocrx_word' id='word_1_315' title='bbox 686 1876 784 1910; x_wconf 72' lang='lat' dir='ltr'>viros.</span> 
     </span>
    </p>

    <p class='ocr_par' dir='ltr' id='par_1_6' title="bbox 335 1926 1798 2144">
     <span class='ocr_line' id='line_1_32' title="bbox 377 1926 1798 1975; baseline -0.001 -14"><span class='ocrx_word' id='word_1_316' title='bbox 377 1931 464 1962; x_wconf 86' lang='lat' dir='ltr'>Rem</span> <span class='ocrx_word' id='word_1_317' title='bbox 485 1931 643 1973; x_wconf 86' lang='lat' dir='ltr'>arduam,</span> <span class='ocrx_word' id='word_1_318' title='bbox 667 1931 792 1973; x_wconf 82' lang='lat' dir='ltr'>fateor,</span> <span class='ocrx_word' id='word_1_319' title='bbox 821 1936 854 1964; x_wconf 88' lang='lat' dir='ltr'>et</span> <span class='ocrx_word' id='word_1_320' title='bbox 879 1929 1105 1975; x_wconf 86' lang='lat' dir='ltr'>perdifficilem</span> <span class='ocrx_word' id='word_1_321' title='bbox 1129 1928 1361 1975; x_wconf 81' lang='lat' dir='ltr'>aggredimini,</span> <span class='ocrx_word' id='word_1_322' title='bbox 1391 1928 1639 1962; x_wconf 83' lang='lat' dir='ltr'>commilitones</span> <span class='ocrx_word' id='word_1_323' title='bbox 1662 1926 1798 1971; x_wconf 83' lang='lat' dir='ltr'>optimi!</span> 
     </span>
     <span class='ocr_line' id='line_1_33' title="bbox 335 1983 1797 2030; baseline -0.002 -11"><span class='ocrx_word' id='word_1_324' title='bbox 335 1986 391 2030; x_wconf 89' lang='lat' dir='ltr'>qui</span> <span class='ocrx_word' id='word_1_325' title='bbox 412 1995 512 2018; x_wconf 88' lang='lat' dir='ltr'>omne</span> <span class='ocrx_word' id='word_1_326' title='bbox 539 1986 686 2020; x_wconf 88' lang='lat' dir='ltr'>studium</span> <span class='ocrx_word' id='word_1_327' title='bbox 705 1993 737 2020; x_wconf 84' lang='lat' dir='ltr'>et</span> <span class='ocrx_word' id='word_1_328' title='bbox 759 1998 895 2021; x_wconf 87' lang='lat' dir='ltr'>omnem</span> <span class='ocrx_word' id='word_1_329' title='bbox 915 1987 1063 2021; x_wconf 83' lang='lat' dir='ltr'>laborem</span> <span class='ocrx_word' id='word_1_330' title='bbox 1083 1993 1230 2021; x_wconf 87' lang='lat' dir='ltr'>vestrum</span> <span class='ocrx_word' id='word_1_331' title='bbox 1251 1988 1286 2020; x_wconf 93' lang='lat' dir='ltr'>in</span> <span class='ocrx_word' id='word_1_332' title='bbox 1306 1986 1466 2020; x_wconf 66' lang='lat' dir='ltr'>medicina</span> <span class='ocrx_word' id='word_1_333' title='bbox 1493 1983 1720 2018; x_wconf 84' lang='lat' dir='ltr'>collocandum</span> <span class='ocrx_word' id='word_1_334' title='bbox 1742 1994 1797 2016; x_wconf 87' lang='lat' dir='ltr'>es-</span> 
     </span>
     <span class='ocr_line' id='line_1_34' title="bbox 338 2040 1798 2086; baseline -0.001 -13"><span class='ocrx_word' id='word_1_335' title='bbox 338 2052 374 2074; x_wconf 82' lang='lat' dir='ltr'>se</span> <span class='ocrx_word' id='word_1_336' title='bbox 398 2052 439 2074; x_wconf 90' lang='lat' dir='ltr'>ac</span> <span class='ocrx_word' id='word_1_337' title='bbox 462 2042 655 2085; x_wconf 86' lang='lat' dir='ltr'>ponendum</span> <span class='ocrx_word' id='word_1_338' title='bbox 678 2043 809 2076; x_wconf 87' lang='lat' dir='ltr'>ducitis.</span> <span class='ocrx_word' id='word_1_339' title='bbox 854 2046 943 2077; x_wconf 84' lang='lat' dir='ltr'>Nam</span> <span class='ocrx_word' id='word_1_340' title='bbox 973 2045 1039 2077; x_wconf 72' lang='lat' dir='ltr'>vita</span> <span class='ocrx_word' id='word_1_341' title='bbox 1064 2043 1198 2085; x_wconf 86' lang='lat' dir='ltr'>brevis,</span> <span class='ocrx_word' id='word_1_342' title='bbox 1228 2053 1284 2075; x_wconf 88' lang='lat' dir='ltr'>ars</span> <span class='ocrx_word' id='word_1_343' title='bbox 1304 2043 1425 2086; x_wconf 83' lang='lat' dir='ltr'>longa,</span> <span class='ocrx_word' id='word_1_344' title='bbox 1455 2040 1587 2074; x_wconf 90' lang='lat' dir='ltr'>occasio</span> <span class='ocrx_word' id='word_1_345' title='bbox 1614 2050 1798 2084; x_wconf 84' lang='lat' dir='ltr'>praeceps,</span> 
     </span>
     <span class='ocr_line' id='line_1_35' title="bbox 338 2095 1795 2144; baseline -0.003 -11"><span class='ocrx_word' id='word_1_346' title='bbox 338 2098 541 2143; x_wconf 82' lang='lat' dir='ltr'>experientia</span> <span class='ocrx_word' id='word_1_347' title='bbox 562 2098 682 2141; x_wconf 71' lang='lat' dir='ltr'>fallax,</span> <span class='ocrx_word' id='word_1_348' title='bbox 710 2100 871 2143; x_wconf 75' lang='lat' dir='ltr'>Judicium</span> <span class='ocrx_word' id='word_1_349' title='bbox 902 2100 1045 2134; x_wconf 80' lang='lat' dir='ltr'>difficile.</span> <span class='ocrx_word' id='word_1_350' title='bbox 1092 2100 1155 2133; x_wconf 87' lang='lat' dir='ltr'>Sed</span> <span class='ocrx_word' id='word_1_351' title='bbox 1178 2110 1299 2144; x_wconf 84' lang='lat' dir='ltr'>magna</span> <span class='ocrx_word' id='word_1_352' title='bbox 1324 2109 1382 2134; x_wconf 87' lang='lat' dir='ltr'>vos</span> <span class='ocrx_word' id='word_1_353' title='bbox 1406 2102 1543 2132; x_wconf 87' lang='lat' dir='ltr'>manent</span> <span class='ocrx_word' id='word_1_354' title='bbox 1569 2095 1722 2130; x_wconf 78' lang='lat' dir='ltr'>laborum</span> <span class='ocrx_word' id='word_1_355' title='bbox 1754 2107 1795 2129; x_wconf 87' lang='lat' dir='ltr'>ac</span> 
     </span>
    </p>

    <p class='ocr_par' dir='ltr' id='par_1_7' title="bbox 428 2155 1798 2188">
     <span class='ocr_line' id='line_1_36' title="bbox 428 2155 1798 2188; baseline 0.003 -7"><span class='ocrx_word' id='word_1_356' title='bbox 428 2155 431 2157; x_wconf 49' lang='lat'>⁵</span> <span class='ocrx_word' id='word_1_357' title='bbox 1722 2157 1798 2188; x_wconf 49' lang='lat' dir='ltr'>stu}</span> 
     </span>
    </p>
   </div>
  </div>
 </body>
</html>
