1919 2511
369 135 594 168 RESPONSIO
623 145 667 167 An
698 134 1008 176 QUAESTIONEM
1038 134 1317 170 LITERARIAM.
1567 151 1602 180 39

95 225 193 260 nitur,
214 229 243 251 et
267 222 323 251 hoc
345 222 484 255 docetur,
513 221 599 259 illos,
629 219 681 257 qui
705 219 811 257 inopes
832 226 861 250 et
881 221 1051 252 innocentes
1071 222 1204 258 laedant,
1233 220 1346 259 saepius
1372 221 1402 253 in
1424 225 1603 261 potentiores

96 261 221 306 incidere
241 280 270 303 et
289 272 505 303 malefactorum
524 280 633 309 poenas
653 273 744 302 luere.

131 326 232 355 Somno
244 330 414 363 gravatum.
456 322 590 354 Gravari
607 325 735 354 solemne
752 322 873 352 verbum
891 322 926 352 de
942 333 1055 362 somno,
1077 324 1166 356 ovid.
1183 324 1252 356 Lib.
1263 325 1304 357 V.
1333 325 1453 356 Metam.
1474 336 1520 356 νε.
1539 330 1607 364 658.

680 374 833 413 Somnoque
847 382 1006 413 gravatum

423 425 606 465 Adgreditur
617 425 715 463 ferro.

97 477 200 508 Livius
225 478 294 506 Lib.
311 477 406 506 XXV.
429 486 492 515 cap.
509 488 558 516 24.
592 499 609 514 „
621 479 756 516 gravatis
772 478 895 507 omnibus
913 479 977 508 vino
994 480 1176 518 somnoque?

137 530 223 566 Inque
239 537 343 566 gyrum
357 529 499 567 colligens.
541 529 676 559 Fortasse
695 529 732 559 ob
750 530 852 558 oculos
870 529 971 558 habuit
987 532 1082 560 Iocum
1100 531 1184 568 Virg.
1202 529 1313 567 Georg.
1333 531 1402 560 Lib.
1422 534 1462 562 11.
1485 542 1528 563 vs.
1543 541 1607 569 154,

883 581 984 618 Neque
1001 587 1082 609 tanto

423 619 577 657 Squameus
596 621 627 647 τή
647 619 755 657 spiram
776 625 875 648 tractu
894 628 922 647 se
939 619 1047 657 colligit
1067 621 1160 649 amnis

96 670 174 707 apud
194 678 278 706 quem
299 670 382 699 etiam
405 676 450 700 est
468 672 499 698 in
520 669 622 699 nodum
641 670 772 708 colligere
791 671 869 701 Aen.
891 669 962 700 Lib.
979 670 1032 700 XI.
1055 679 1099 700 VS.
1115 672 1184 708 776,

139 721 233 749 Dente
252 719 408 751 irritabile.
457 720 569 751 Vereor
594 728 627 751 ut
651 721 801 758 epitheton
823 721 980 751 irritabilis
1003 722 1071 752 satis
1096 722 1250 752 conveniat
1278 723 1379 760 denti,
1410 731 1487 754 certe
1512 726 1548 756 h.
1569 728 1611 763 l.;

100 771 256 800 irritabilis
279 771 353 801 enim
379 772 404 801 is
430 779 474 802 est
499 773 550 809 qui
574 773 659 803 facile
685 774 721 802 ad
739 773 810 803 iram
833 773 993 810 excitatur;
1021 774 1078 812 jam
1104 773 1152 811 is,
1180 775 1231 811 qui
1251 782 1282 804 se
1305 774 1335 804 in
1362 776 1462 805 mortis
1485 777 1614 813 periculo

100 829 200 852 contra
220 830 416 859 aggressorem
442 822 594 862 defendit,
621 833 682 855 non
711 824 852 855 continuo
882 824 1049 862 irritabilis,
1075 824 1144 854 licet
1175 831 1269 856 tamen
1304 835 1403 857 revera
1434 836 1553 865 serpens
1578 829 1615 857 sit

99 873 200 902 animal
221 873 370 904 irritabile.

805 980 926 992 t—

366 1066 628 1098 FABULA
669 1067 1009 1099 VIGESIMA
1067 1071 1341 1110 QUINTA.

606 1163 795 1184 CYCNUS
846 1164 899 1183 ΕΤ
948 1164 1118 1185 AHSER.

390 1240 475 1269 Duas
496 1242 589 1279 opima
607 1249 668 1270 cors
687 1239 785 1270 alebat
803 1241 888 1270 alites
899 1261 910 1277 ‚

438 1291 574 1328 Cycnum,
595 1300 778 1330 anseremque
795 1291 969 1328 candidum,-

389 1341 432 1370 Ut
451 1343 499 1371 ille
518 1342 599 1372 dulce
611 1342 710 1379 ferret
729 1342 848 1372 auribus
868 1344 970 1379 melos,

429 1394 473 1422 At
491 1394 537 1423 hic
556 1394 636 1424 obesa
654 1395 764 1423 viscera

393 1443 488 1474 Gulae
505 1445 675 1476 exhiberet..
704 1445 787 1483 Ergo
806 1452 839 1474 ut
857 1445 932 1474 hunc
953 1444 1020 1475 hero
1039 1446 1071 1473 in
1088 1446 1180 1475 eibum

433 1496 549 1526 Parare
559 1497 658 1533 jussus
680 1503 721 1526 est
740 1506 842 1535 coquus
852 1516 864 1533 ,

389 1545 465 1576 Loco
483 1549 594 1577 anseris
612 1557 726 1585 cycnum
745 1549 849 1578 inscius
863 1546 1057 1586 prehenderat
1069 1570 1080 1584 ,

430 1598 526 1628 Colore
538 1598 636 1635 falsus
655 1601 772 1629 alitum.

393 1648 436 1678 At
453 1650 503 1679 ille
514 1650 629 1687 funus,
651 1657 684 1680 ut
703 1652 790 1681 solent
808 1652 908 1688 cycni,
927 1652 959 1680 in
978 1660 1067 1680 suum.

431 1699 525 1731 Suave
542 1711 658 1730 carmen
678 1702 789 1731 ordiens
799 1723 810 1738 ‚

393 1751 442 1780 Ita
461 1753 598 1789 agnitus,
615 1756 759 1793 gravique
777 1756 878 1784 mortis
894 1755 1004 1793 impiae

428 1802 542 1832 Solutus
561 1811 600 1833 est
618 1806 754 1844 periculo.
1569 1804 1621 1840 k

392 1902 508 1933 Pericla
526 1912 626 1945 saepe,
647 1913 727 1945 saepe
739 1907 906 1945 proximam
926 1915 1018 1936 necem

433 1954 558 1995 Repellit
577 1957 747 1995 eloquentia.

141 2054 249 2093 Cycnus
270 2061 299 2085 et
327 2056 435 2090 Anser.
473 2057 582 2090 Fabula
603 2058 716 2100 Aesop.
742 2060 774 2092 in
795 2061 876 2099 vulg.
895 2061 966 2092 coll.
993 2058 1056 2092 No.
1073 2067 1124 2097 74.
1165 2057 1261 2089 Habet
1285 2068 1403 2097 quoque
1429 2059 1616 2098 Aphthonius

103 2105 241 2144 sophista
259 2107 325 2140 No.
343 2116 374 2139 2.

1551 2163 1626 2192 Sua·
