1919 2511
319 186 356 219 48
615 186 816 216 PETRI
877 185 1232 216 ABRAHAMI
1287 187 1534 226 JELTES

322 274 350 295 et
376 268 455 297 molli
480 269 678 305 integumento
706 270 847 302 obducta,
870 278 905 298 ne
935 268 1085 304 asperitate
1113 275 1207 304 partes
1232 270 1362 306 corporis
1387 271 1577 299 iaederentur.

361 329 393 348 2.
426 319 604 350 'transversa
630 321 758 350 sectione
782 321 872 349 ambis
898 322 1031 349 columna
1053 319 1081 347 in
1100 319 1168 346 duas
1185 326 1278 354 partes
1306 320 1396 349 divisa
1418 321 1481 357 est,
1506 329 1623 356 quarum
1646 326 1702 350 una
1725 322 1753 352 in
1773 331 1830 351 tne-

321 372 369 401 dio
397 379 473 401 tenet
501 372 615 401 fibuiam
652 373 793 409 ligneam,
824 382 895 408 quae
916 371 1032 400 alterius
1059 370 1147 406 partis
1175 369 1288 398 cavitati
1314 378 1357 399 est
1384 379 1535 407 coaptata,
1567 372 1671 408 quibus
1695 373 1735 401 sic
1763 382 1833 403 con-

320 424 439 452 structis
464 430 525 452 tota
548 424 728 452 inst-rumenti
748 423 880 460 supermr
907 431 972 459 pars
991 430 1044 457 pro
1070 421 1181 449 diversa
1204 421 1382 451 luxationum
1406 424 1501 459 specie
1523 424 1713 453 diversimOde
1733 431 1829 461 POtCSt

318 474 416 511 dirigi.

363 535 391 562 3.
423 525 599 562 Superficies
624 525 712 562 ligni,
734 525 781 554 cui
801 523 954 560 impositus
976 529 1020 551 est
1036 522 1194 558 humerus,
1213 522 1309 552 fasciis
1329 526 1375 552 vei
1395 524 1493 553 linteis
1512 525 1647 554 mollibus
1662 525 1829 556 obducitur.

355 586 386 614 4.
416 577 560 604 Humerus
586 585 645 605 non
669 584 745 604 arcte
771 582 798 604 et
823 575 920 603 stricte
948 572 1027 609 ligari
1053 573 1157 609 debet,
1188 574 1240 602 sed
1270 575 1369 610 potius
1395 577 1535 613 ejusmodi
1559 577 1668 612 laqueis
1693 579 1829 607 utendum

315 635 381 664 est,
405 637 524 664 quorum
552 628 580 656 in
606 627 751 656 luxatione
771 626 882 655 facilior
903 626 950 653 estv
966 627 1048 653 ususss
1089 625 1093 632 ‘

354 680 488 714 Denique
508 687 607 707 auctor
629 677 766 707 describit
791 684 818 705 et
845 676 939 705 laudat
961 674 1052 712 (73)
1073 675 1160 712 hujus
1185 676 1274 705 ambis
1298 687 1400 713 usum,
1425 687 1496 713 quae
1518 678 1668 714 brevitati,
1691 685 1828 715 quantum

315 731 373 760 steri
401 738 515 767 potest,
537 731 684 759 studentes
709 729 876 764 mittamus,
898 736 962 756 cum
990 726 1074 755 etiam
1101 728 1222 757 maxima
1247 737 1303 765 pro
1329 735 1409 765 parte
1427 737 1491 756 cum
1511 729 1573 757 aliis
1590 729 1718 767 ejusdem
1741 738 1826 767 gene-

311 782 350 810 ris
371 781 534 810 conveniat.

310 860 341 895 ἕ.
365 860 394 888 8.
431 858 465 896 J.
489 858 529 888 Z.
549 858 704 897 Platncrus
725 858 818 895 (1758
831 858 857 894 >.
890 857 1000 886 Auctor
1019 857 1137 895 quidam
1154 860 1189 897 s.
1211 859 1252 889 R.
1275 860 1411 898 (1759).
1428 859 1465 896 J.
1486 859 1519 889 T.
1540 858 1677 901 Henpkels
1696 858 1823 898 (1759).

900 909 934 938 C.
963 910 1058 938 thite
1088 912 1228 949 (1761).

346 988 592 1022 instrumentum,
624 986 703 1022 quod
731 985 867 1015 describit
892 985 1065 1020 Platnerus,
1097 993 1231 1023 tanquam
1259 996 1313 1017 suo
1339 995 1468 1025 tempore
1502 988 1738 1024 usitatissimum,
1765 989 1822 1026 iam

304 1039 374 1068 oiim
401 1039 558 1067 adhibitum
584 1037 640 1067 fuit
662 1048 677 1066 a
704 1038 864 1067 Purmanno
896 1037 984 1076 (74)
1010 1045 1055 1071 et,
1076 1038 1126 1066 ubi
1146 1039 1377 1068 machinamenta·
1390 1040 1548 1068 necessaria
1571 1039 1706 1068 videntur
1727 1039 1822 1074 (iicet

304 1090 388 1118 etiam
410 1098 424 1118 e
449 1096 543 1118 mente
563 1090 688 1118 auctoris
712 1091 884 1125 permultum
913 1090 1024 1117 vaieant
1050 1091 1166 1125 laquei,
1189 1097 1217 1119 et
1234 1090 1375 1123 habenae,
1393 1091 1418 1119 si
1435 1092 1520 1119 modo
1538 1091 1633 1119 omnia
1649 1090 1702 1119 rite
1723 1090 1824 1120 obser·

304 1145 436 1179 ventur)
457 1141 575 1176 reliquis
592 1141 806 1177 praeferendum
832 1149 918 1176 esse,
940 1147 1038 1169 monet
1062 1141 1176 1169 Auctor
1196 1143 1299 1180 (75).
1341 1141 1518 1179 Hujusmodi
1543 1147 1604 1171 est:
1651 1162 1668 1177 ‚‚
1689 1140 1821 1176 ferreus,

303 1194 350 1223 vel
368 1200 402 1220 ex
423 1192 479 1221 alio
508 1194 621 1220 metallo
644 1191 759 1227 factus,
782 1191 904 1220 baciiius
931 1191 1016 1220 habet
1045 1191 1075 1220 in
1102 1200 1181 1228 parte
1206 1194 1341 1229 suprema
1363 1195 1530 1228 scutulum,
1560 1193 1638 1228 quod
1659 1194 1720 1221 alae
1751 1191 1824 1221 sub-

305 1247 410 1284 jectum
430 1252 529 1274 contra
554 1245 679 1273 hominis
696 1246 769 1273 latus
788 1244 904 1273 nititur.
944 1244 1110 1272 Cavendum
1130 1250 1192 1279 est,
1215 1252 1250 1272 ne
1274 1244 1331 1272 hoc
1350 1253 1468 1279 carnes,
1490 1244 1641 1280 praecipue
1659 1243 1688 1272 in
1707 1241 1820 1271 feminis

304 1305 437 1326 mammas
456 1304 595 1325 nocenter
606 1296 786 1332 comprimat.
811 1295 976 1324 Membrum
985 1295 1091 1324 bacillo
1110 1295 1270 1331 imponitur
1282 1317 1291 1328 ,
1313 1295 1397 1331 eique
1413 1296 1567 1331 alligatur,
1582 1294 1689 1323 habena
1705 1300 1818 1329 autem,

302 1357 376 1384 quae
403 1349 461 1376 imo
487 1348 606 1376 humero
628 1347 773 1384 injicitur,
794 1347 828 1375 ad
848 1347 932 1382 axin,
954 1347 1091 1376 torcuiari
1115 1355 1223 1375 motum
1237 1367 1247 1382 ,
1269 1349 1314 1376 vel
1343 1348 1376 1375 ad
1400 1348 1577 1381 trochleam,
1600 1346 1816 1377 orbicuiumve,

298 1401 449 1438 diligatur,
473 1401 579 1436 quibus
596 1399 776 1428 circumactis
798 1399 954 1428 membrum
974 1399 1035 1427 sine
1058 1398 1175 1435 negotio
1195 1398 1364 1427 intenditur.
1406 1398 1534 1426 Necesse
1552 1405 1620 1425 vero
1643 1403 1708 1433 est,
1729 1403 1761 1425 ut
1775 1397 1819 1426 in-

297 1460 342 1482 tet·
366 1453 439 1481 illud
463 1453 628 1486 scutulum,
657 1460 688 1479 ac
710 1450 785 1479 iuter
810 1450 944 1479 bacilium
974 1449 1112 1478 articulus
1142 1450 1180 1478 sit
1211 1450 1242 1478 in
1277 1458 1389 1479 omnem
1429 1456 1536 1484 partem
1572 1448 1699 1477 mobilis.
1741 1447 1818 1476 Nam

297 1503 475 1538 membrum,
497 1503 602 1531 bacillo
626 1501 720 1530 ferreo
745 1501 934 1538 impositum,
956 1502 981 1530 si
1003 1501 1074 1530 iliud
1097 1501 1164 1530 satis
1190 1502 1340 1530 deductum
1360 1500 1436 1534 fuit,
1464 1508 1589 1528 eXtremo
1611 1498 1819 1528 machinam-en-

296 1555 319 1583 ti
349 1563 461 1590 semper
489 1554 518 1582 in
550 1553 719 1581 contrariam
745 1560 853 1588 partem
886 1553 1046 1590 inclinato,
1073 1554 1103 1583 in
1128 1555 1223 1583 sedern
1247 1563 1325 1583 suam
1346 1553 1531 1581 restituitur'’
1553 1552 1653 1590 (76).

336 1605 434 1635 Varias
461 1605 619 1641 reponendi
643 1605 793 1632 methodos
818 1604 852 1632 ab
880 1605 943 1633 aliis
969 1605 1135 1641 propositas
1159 1611 1295 1634 memorat
1315 1605 1464 1634 Piatnerus
1486 1604 1598 1641 (77),
1626 1603 1740 1639 saepius
1757 1602 1816 1640 J'am

295 1664 430 1692 notatas,
451 1657 558 1685 nullam
580 1654 666 1691 igitur
686 1655 734 1682 hic
756 1655 954 1690 repetitionem
977 1656 1134 1692 exigentes.

336 1710 447 1738 Auctor
462 1707 579 1746 quidam
595 1728 604 1743 ‚
624 1716 728 1736 nomen
747 1717 830 1736 suum
852 1708 942 1737 literis
959 1709 989 1746 J.
1013 1709 1052 1738 R.
1076 1709 1204 1738 indicans
1221 1707 1251 1735 in
1268 1705 1455 1735 Orationibus
1474 1704 1605 1735 collectis
1622 1714 1637 1734 a
1651 1704 1698 1733 M.
1719 1704 1817 1733 Hout·

294 1767 384 1797 tuyn‚
407 1760 475 1788 dicit
494 1760 582 1797 (78)
603 1759 839 1792 instrumentum,
861 1768 876 1787 a
901 1768 932 1788 se
957 1759 1157 1796 descriptum,
1174 1758 1325 1795 praecipue
1343 1758 1376 1786 ab
1403 1759 1453 1786 illo
1473 1759 1558 1787 Petiti
1583 1757 1695 1786 differre
1716 1756 1814 1793 (illud

295 1813 370 1843 enim
392 1813 633 1847 instrumentum,
658 1810 736 1846 quod
759 1817 827 1840 tunc
850 1810 990 1848 temporis
1017 1810 1146 1840 omnium
1177 1809 1333 1838 habebatur
1353 1809 1494 1846 optimum
1518 1809 1624 1846 (79),
1654 1807 1813 1837 emendavit

1728 1857 1809 1887 Auc-

327 1945 414 1980 (73)
439 1948 457 1973 l.
478 1954 502 1972 c.
534 1954 560 1979 p.
582 1952 626 1979 135
649 1954 706 1979 seq.
892 1946 973 1981 (74)
1003 1948 1076 1974 Chir.
1098 1947 1198 1973 curios.
1226 1952 1245 1973 t.
1262 1951 1290 1977 3·
1315 1952 1341 1978 p.
1360 1944 1427 1978 692.¹

321 1992 407 2026 (75)
435 1994 543 2019 Platner.
569 1993 630 2019 lust.
657 1994 781 2025 Chirurg.
806 2000 832 2026 p.
851 1994 907 2025 683.
938 1994 964 2026 §.
985 2001 1061 2028 1175.
1086 1994 1163 2027 Lips.
1185 1994 1256 2027 1758.

324 2039 404 2073 (76)
430 2041 446 2066 l.
465 2048 490 2066 c.
515 2046 538 2064 et
558 2040 707 2072 inspiciatur
735 2040 785 2068 tab.
805 2042 831 2067 6.
859 2041 902 2074 fig.
924 2042 963 2068 18.
1138 2038 1225 2074 (77)
1253 2039 1271 2066 l·
1290 2045 1316 2064 c·
1342 2035 1365 2069 ἓ·
1385 2038 1577 2071 1566—1174.

320 2084 406 2119 (78)
435 2086 453 2113 ¹·
475 2092 500 2112 c·
529 2091 588 2119 t-4·
613 2093 715 2120 P·579·
1022 2086 1104 2122 (29)
1133 2087 1153 2114 ¹·
1170 2094 1195 2114 c·
1218 2093 1246 2119 P·
1262 2091 1319 2118 575·
