1919 2511
307 139 332 172 (6
566 136 799 168 CLAUDII
836 135 1067 167 HENRICI
1102 143 1184 164 VAN
1224 133 1572 165 HERWERDEN

319 221 439 252 minales
458 220 683 255 venerabantur,
712 220 901 256 Deorumque
933 218 1069 255 imagines
1086 217 1115 246 in
1139 217 1359 248 Ambarvalibus
1386 218 1447 247 suis
1469 215 1710 247 circumferebant
1736 215 1828 255 (1),

320 280 448 303 attamen
472 281 612 302 summum
638 272 757 301 Numen
779 270 809 300 in
823 271 933 300 nullam
956 267 1070 298 humani
1086 268 1144 297 oris
1164 269 1289 305 speciem
1308 269 1512 299 assimilabant.
1553 267 1669 298 Etenim
1690 276 1753 298 cum
1769 275 1833 298 non

319 325 503 354 cohibendos
528 324 684 361 parietibus
714 324 795 353 Deos
820 331 886 352 esse
910 321 1121 350 arbitrabantur
1143 320 1235 357 (2),
1263 327 1323 349 tum
1356 319 1578 357 prudentissime
1599 318 1830 356 perspiciebant,

321 385 386 413 =quo
401 377 467 404 loco
486 375 644 412 regnatoris
665 375 793 404 omnium
808 373 865 404 Dei
883 374 1022 410 ternplum
1037 372 1092 408 sit,
1116 371 1159 401 illi
1179 378 1289 402 caetera
1303 380 1401 408 parere
1416 380 1482 409 cogi
1500 372 1516 409 (
1529 371 1583 409 3).

364 427 493 455 Saxones
509 433 540 456 ut
557 426 618 454 rudi
645 431 723 454 erant
744 425 913 460 inculteque
934 423 1071 460 ingemo,
1091 421 1131 451 ita
1153 423 1253 451 natura
1276 422 1389 452 feroces
1410 430 1438 452 et
1463 422 1594 451 crudeles
1607 421 1686 460 (4).
1726 420 1830 451 Honor

320 486 468 507 summum
486 477 593 506 bonurn
612 475 782 505 habebatur.
821 475 922 511 Itaque
940 475 990 511 qui
1018 474 1122 512 injuria
1149 474 1294 505 hominem
1322 476 1463 509 afficeret,
1481 474 1549 504 huic
1571 482 1679 511 poenas
1695 471 1833 511 gravissi·

324 537 388 558 anas
406 529 489 558 dabat
509 529 590 565 (5).
629 527 790 565 Ignominia
805 528 897 566 major
915 535 1008 564 poena
1025 526 1059 555 iis
1078 527 1156 556 nulla
1170 526 1320 555 videbatur
1340 527 1421 563 (6).

367 579 460 616 Igitur
475 578 504 608 in
520 579 592 608 hanc
608 586 720 616 gentem
734 579 863 609 Carolus
879 578 1007 615 Magnus
1018 586 1098 607 *arma
1113 577 1227 608 sumsit.
1268 577 1374 613 Neque
1393 584 1488 607 tamen
1502 583 1555 607 aut
1569 576 1743 607 Francorum
1753 595 1765 612 ‚
1786 581 1836 604 aut

327 639 400 660 suae
421 630 542 667 stirpis,
567 639 664 668 regum
681 630 791 667 primus
816 639 875 660 eam
893 639 1045 668 aggressus
1063 636 1119 660 est.
1161 628 1330 659 chlotarius
1348 628 1422 657 enim
1439 627 1507 666 (7)
1522 634 1552 657 et
1568 625 1810 664 Dagobertusssm
1820 627 1845 663 )v

326 681 454 711 feliciter
474 681 527 710 iam
548 681 628 718 signa
643 683 838 712 contulerant.
876 680 998 718 Pipinus
1019 691 1136 718 quoque
1149 702 1161 719 ‚
1181 681 1279 711 Caroli
1299 681 1400 718 Magni
1416 687 1514 717 pater,
1535 680 1570 709 ad
1587 678 1677 716 patris
1699 677 1744 708 sui
1760 677 1840 706 Mar·

312 734 393 769 *telli
421 734 599 769 exemplum,
628 733 757 763 Saxones
784 733 914 770 fugarat,
938 733 1139 770 tributumque
1162 732 1199 762 iis
1224 741 1350 762 annuum
1371 732 1547 768 imposuerat
1564 730 1644 767 (9).
1685 728 1726 758 Hi
1746 735 1837 764 vero,

330 791 364 812 ut
380 783 501 820 primum
513 783 639 813 victores
663 783 693 813 in
706 784 825 821 paulam
838 784 1080 822 revertebantur,
1101 792 1224 814 excusso
1247 785 1319 822 jugo
1342 783 1474 820 servitii,
1494 790 1607 813 auream
1625 781 1786 812 libertatem
1808 780 1843 811 in

324 843 397 864 ⁴arva
410 843 462 864 sua
478 834 663 864 reducebant.

369 885 476 922 Neque
499 885 687 915 dubitandum
713 884 847 922 videtur,
881 886 950 923 quin
972 887 1066 917 crucis
1089 887 1203 925 signum
1229 893 1294 916 ante
1317 885 1456 916 Carolum
1491 884 1631 922 Magnum
1654 883 1684 913 in
1716 880 1844 912 Saxonia.

330 937 524 966 constitutum
541 936 641 966 suerit.
682 937 847 972 Supersunt
865 938 940 967 enim
953 958 964 973 ‚
987 947 1057 974 quae
1082 939 1117 968 ad
1140 947 1199 968 eam
1226 946 1285 966 rem
1305 937 1434 973 faciant,
1453 936 1524 965 duae
1536 936 1697 972 epistolae,
1720 939 1845 970 quarum

326 990 418 1018 altera
439 997 455 1017 a
481 987 627 1025 Gregorio
647 989 688 1017 11.
717 987 861 1017 Pontifice
882 987 1037 1025 Romano,
1063 989 1099 1018 ad
1125 988 1260 1025 antiquos
1279 988 1427 1024 Saxones,
1456 986 1609 1017 Bonifacio
1630 985 1845 1015 Germanorum

326 1039 469 1076 apostolo
487 1038 550 1068 data
567 1038 642 1074 fuit,
664 1040 750 1068 altera
767 1039 802 1067 ad
825 1038 901 1068 hunc
923 1039 1030 1076 scripta
1053 1040 1088 1068 ab
1107 1040 1248 1076 episcopo
1277 1039 1400 1075 quodam
1420 1038 1569 1075 Anglico,
1596 1037 1737 1074 insignem
1759 1042 1845 1067 suam.

335 1089 472 1118 laetitiam
489 1089 682 1126 testificante,
706 1098 790 1127 quam
809 1097 1001 1126 perceperat,
1021 1091 1126 1121 auditis
1137 1110 1148 1126 ,
1165 1089 1309 1121 Bonifacii
1320 1110 1331 1126 ,
1350 1090 1386 1119 ad
1397 1089 1524 1119 Saxones
1534 1088 1724 1119 emendandos
1735 1106 1746 1123 ,
1766 1086 1846 1115 curis

330 1146 422 1176 atque
437 1139 558 1177 vigiliis.
599 1140 716 1170 Dicitur
738 1140 785 1169 hic
805 1139 889 1170 etiam
911 1141 1049 1171 evertisse
1069 1142 1175 1178 templa
1198 1141 1338 1173 falsorum
1360 1141 1490 1172 Deorum
1511 1140 1680 1177 lapideaque
1700 1137 1848 1170 Saxonum

333 1191 422 1222 corda
439 1191 594 1222 emolliisse
608 1191 709 1230 (10).

519 1292 553 1329 5.
576 1300 608 1322 2.
649 1290 723 1321 Belli
744 1291 820 1330 quod
839 1292 959 1323 Carolus
983 1292 1113 1331 Magnus
1129 1302 1193 1322 cum
1215 1292 1373 1324 Saxonibus
1391 1292 1479 1331 gessit
1503 1300 1604 1322 caussa
1626 1297 1655 1320 et

912 1345 1058 1373 consilium
1083 1343 1264 1374 declaratur.

373 1447 509 1482 Caussa,
531 1453 583 1473 cur
610 1444 734 1474 Carolus
761 1443 888 1481 Magnus
911 1443 1074 1474 Saxonibus
1097 1453 1175 1474 arma
1196 1445 1348 1481 intulerit,
1368 1444 1475 1481 duplex
1501 1442 1594 1472 fuisse
1611 1441 1736 1471 videtur.
1777 1439 1847 1469 Una

338 1499 367 1527 in
386 1496 549 1526 defectione
567 1504 666 1525 eorum
694 1495 789 1531 posita
806 1502 883 1532 erat3
912 1495 942 1525 in
968 1496 1079 1525 finibus
1099 1505 1201 1526 eorum
1222 1503 1253 1526 et
1275 1496 1387 1525 Galliae
1407 1494 1534 1532 regionis
1559 1492 1726 1530 contigan,
1746 1492 1844 1520 altera.

337 1551 420 1579 Hanc
450 1549 545 1584 enim,
565 1547 730 1584 Eginhardo
754 1554 849 1584 teste,
869 1549 985 1586 saepius
1015 1549 1207 1585 invadebant3
1237 1547 1368 1584 rapinis,
1397 1545 1563 1580 incendiis,
1592 1543 1726 1573 caedibus
1748 1541 1848 1578 imple-

337 1602 418 1630 bant.
459 1599 561 1635 ltaque
585 1598 707 1627 irritatis
737 1598 986 1628 vehementissime
1012 1600 1186 1629 Francorum
1214 1598 1335 1634 animis,
1365 1603 1465 1634 aperto
1490 1604 1540 1625 eos
1561 1601 1659 1631 petere
1684 1593 1761 1621 bello
1789 1592 1849 1627 pla-

339 1651 399 1679 cuit
422 1650 521 1687 (11).

381 1702 430 1731 Ex
443 1700 531 1730 dictis
551 1699 705 1736 sequitur,
722 1699 864 1730 Carolum
881 1700 1023 1738 Magnum
1040 1700 1165 1730 consilio
1190 1698 1298 1737 duplici
1321 1705 1439 1734 quoque
1471 1695 1599 1725 Saxones
1620 1694 1750 1725 adortum
1774 1699 1849 1722 esse.

1771 1743 1849 1774 Cum

379 1840 445 1875 (ι)
463 1839 526 1866 Vid.
544 1839 653 1871 Moser,
672 1846 699 1871 p.
710 1844 759 1871 23,
773 1846 820 1871 23.
837 1845 894 1865 not.
908 1845 937 1865 a.
1122 1839 1187 1875 (ε)
1207 1841 1225 1867 1.
1239 1841 1261 1868 ¹1.
1280 1848 1306 1872 p,
1321 1844 1364 1871 57.

379 1886 417 1921 (3
431 1886 445 1920 )
464 1885 524 1912 Vid.
542 1884 652 1916 Moser,
670 1886 688 1911 l.
703 1887 722 1913 1.
741 1894 768 1919 p.
780 1892 822 1918 55.
839 1892 888 1911 nec
907 1892 974 1917 non,
994 1893 1070 1918 quem
1086 1887 1164 1918 citat,
1182 1887 1304 1916 Tacitus,
1322 1885 1449 1911 German.
1466 1888 1491 1908 c·
1503 1887 1529 1913 9·
1547 1887 1574 1907 V·
1591 1885 1648 1907 ¹¹0⁸·
1661 1879 1693 1910 b,
1709 1886 1732 1906 0·

379 1931 445 1965 (4)
463 1930 523 1956 Vid.
543 1929 682 1961 Eginhardi
699 1931 750 1956 vita
763 1931 850 1958 Caroli
865 1931 955 1963 Magni
973 1939 998 1957 c.
1010 1938 1038 1965 7.
1076 1932 1203 1965 Dippoidt
1219 1933 1238 1959 1.
1248 1933 1270 1959 i.

375 1977 394 2010 -(
404 1977 445 2010 5)
464 1977 560 2003 Mese:
573 1993 581 2006 a
600 1984 626 2008 P·
642 1982 699 2008 195.
900 1975 963 2010 (6)
983 1978 1077 2004 Moser
1087 1997 1094 2010 ‚
1114 1986 1140 2011 p.
1157 1985 1202 2011 59.
1387 1974 1452 2010 (7)
1471 1974 1584 2005 Moser,
1602 1980 1628 2007 p.
1640 1972 1700 2004 184·

381 2023 444 2059 (8)
464 2024 573 2053 M6ser,
590 2030 619 2055 p·
634 2024 692 2056 ¹85·
708 2030 762 2050 not.
776 2032 805 2050 a.
1006 2023 1068 2059 (9)
1089 2025 1196 2057 Moser,
1213 2032 1240 2057 p.
1254 2023 1311 2051 186.

378 2070 397 2104 r(
408 2069 462 2104 m)
479 2068 655 2097 Schro'ckium
674 2069 716 2097 hic
741 2070 875 2104 sequimur
894 2076 1041 2104 auctorem,
1060 2072 1078 2099 1.
1092 2072 1113 2099 vl.
1127 2079 1159 2105 p.
1173 2077 1230 2105 251.
