1919 2511
625 142 1036 178 οΗΑΤῙα·
1519 151 1565 192 s?

87 233 283 274 perpetuam
308 227 492 261 medicinae
520 227 763 273 simplicitatem
782 229 1019 274 adjudicantis,
1042 230 1134 265 haud
1155 239 1242 266 vana
1266 233 1475 277 experiemur
1495 245 1560 274 aih

85 284 198 329 guria,
221 294 340 329 meque
360 283 432 328 ipse
452 284 659 320 fortunatum
675 284 900 330 praedicabo,
925 288 980 320 cui
1002 287 1083 321 tales
1106 286 1281 332 obtigerint
1302 288 1462 333 discipuli.

123 453 254 496 Quodsi
273 455 373 489 tantis
388 456 553 499 'exemplis
577 456 696 491 ductus
716 459 887 502 antiquam
908 464 968 493 aut
989 457 1204 499 vindicando,
1229 463 1287 491 aut
1307 458 1430 497 tuendo
1445 459 1560 493 medi*

82 519 200 542 corum
222 513 422 546 Batavorum
441 512 704 556 simplicitatem,
728 513 852 558 Vobis,
876 513 950 549 Viri
974 515 1174 559 perillustres
1194 514 1395 549 Academiae
1417 515 1558 560 Lugdu-

80 569 291 602 no-Batavae
316 571 505 601 Curatores!
536 574 667 612 gratum
691 581 806 603 meum
826 571 997 605 testificari
1016 571 1143 614 possim
1162 571 1331 614 animum,
1352 582 1408 604 me
1432 571 1560 614 VobiS,

80 628 241 664 quantam
271 623 422 667 equidem
446 634 604 667 possum,
637 627 777 669 gratiam
804 637 876 661 esse
904 627 1100 661 habiturum
1121 627 1222 662 velim
1248 628 1450 661 existimetis.
1497 630 1556 663 Sin

80 687 156 711 vero
180 678 292 712 minus
314 681 457 723 possim,
481 681 570 724 quod
591 683 691 715 aetati
715 683 799 717 desit
822 689 854 717 et
873 683 1014 726 viribus,
1045 683 1203 717 industria
1222 682 1360 717 studebo
1380 695 1421 718 ac
1441 684 1554 718 labore

80 743 306 777 compensare.
352 738 476 780 Magna
497 736 580 770 mihi
606 738 693 780 scio,
717 740 805 783 quod
824 745 856 773 et
874 739 959 782 hoc,
983 739 1071 784 quod
1087 741 1123 773 in
1140 750 1195 773 mc
1218 739 1398 781 detulistis,
1421 745 1559 775 testatur

78 798 222 832 munus,
245 802 366 835 magna
383 792 467 825 milii
483 799 600 836 parata
619 799 668 829 est
685 795 874 830 adversaria
898 812 943 822 —
965 796 1185 840 exspectatio,
1207 806 1310 840 quam
1336 795 1407 828 fore
1437 802 1473 830 ut
1495 806 1556 830 su-

79 855 193 888 perem
209 858 251 879 ne
268 857 401 890 sperare
418 847 552 892 quidem
569 852 694 893 ausim,
713 851 899 896 adaequare
916 857 1030 885 tamen
1048 851 1205 885 conabor.
1238 851 1322 885 Illud
1338 857 1440 884 testor
1455 862 1557 886 sanc-

78 906 175 945 teque
195 905 370 946 promitto,
395 916 449 938 me
469 916 655 950 numquam
674 907 774 940 rebus
790 909 906 943 vestris
923 908 1116 942 defuturum
1134 906 1280 952 mihique
1294 907 1329 940 id
1341 909 1554 951 potissimum

76 957 112 990 in
138 959 221 992 votis
246 969 337 1003 esse,
368 967 406 994 ut
428 961 492 995 hoc
514 968 624 996 vestro
649 962 829 1006 beneficio,
863 965 958 1006 cuius
981 970 1074 998 tanta
1102 969 1153 997 est
1175 964 1386 1008 magnitudo,
1417 970 1454 998 ut
1479 975 1555 998 eam

77 1015 251 1058 complecti
275 1015 425 1050 oratione
447 1018 502 1052 vix
528 1020 669 1062 possim,
699 1030 768 1053 non
793 1030 930 1063 prorsus
954 1020 1108 1064 indignus
1131 1020 1262 1061 videar3
1293 1030 1395 1063 quam
1420 1020 1554 1064 quidem

73 1076 205 1113 gratum
228 1074 380 1106 animum
407 1074 606 1108 testificandi
623 1075 787 1109 rationem
808 1081 839 1109 et
858 1075 940 1120 Regi
955 1077 1099 1120 optimo,
1122 1077 1179 1121 qui
1199 1087 1254 1110 me
1275 1075 1380 1110 Vobis
1400 1082 1548 1116 vestrae-⁴

73 1136 137 1169 que
159 1128 362 1163 Academiae>
381 1130 487 1173 dedit,
509 1131 674 1173 imprimis
697 1139 871 1177 acceptam
891 1133 963 1166 »fore
986 1132 1141 1166 arbitror.

81 1221 83 1223 ¹
116 1183 204 1225 Vos,
222 1182 503 1219 Virissclarissimi!
527 1187 669 1232 benigno
687 1190 799 1224 animo
818 1188 989 1233 excipiatis
1004 1191 1178 1232 juvenem,
1192 1195 1321 1224 vestrae
1337 1189 1458 1234 gloriae
1468 1188 1550 1223 doc-³

72 1237 242 1283 trinaeque
266 1241 519 1286 admiratorem,
550 1243 797 1280 benevolentiae
821 1246 1008 1288 aemulum,
1032 1246 1108 1290 qui,
1137 1246 1203 1279 nisi
1224 1246 1341 1279 vestris
1362 1254 1549 1287 sperassem

69 1293 135 1327 frui
159 1298 318 1340 consiliis,
342 1297 422 1332 huic
443 1305 536 1333 tanto
554 1302 647 1334 oneri
663 1301 798 1335 ferendo
819 1304 982 1347 imparem
1006 1312 1062 1335 me
1084 1302 1298 1335 censuissem.
1351 1301 1450 1342 Quod
1473 1302 1550 1344 qui-

69 1349 147 1383 dem
174 1363 194 1385 a
211 1353 317 1386 Vobis
334 1355 497 1399 imprimis
521 1363 615 1401 peto,
647 1357 859 1392 Celeberrimi
882 1358 1069 1392 Medicinae
1085 1357 1307 1390 Professores!
1340 1356 1376 1388 in
1402 1367 1547 1399 quorum

70 1416 211 1440 numero
232 1413 262 1441 te
274 1410 444 1453 adspicere
458 1418 590 1456 gratum
607 1419 673 1455 est,
696 1414 924 1446 Eruditissime
947 1424 999 1445 nu
1020 1416 1100 1445 2111!
1147 1414 1282 1455 Teque,
1300 1417 1457 1455 paternae
1471 1414 1547 1446 lau-

71 1462 121 1494 dis
149 1463 382 1509 doctrinaeque
408 1466 545 1510 haeres,
574 1468 764 1502 Clarissime
793 1472 1052 1501 SANDI-FORTI!
1098 1469 1170 1500 Vos
1197 1466 1280 1500 mihi
1304 1467 1417 1500 adsitis
1441 1469 1543 1504 vehe-

69 1524 199 1552 menter
223 1530 327 1564 rogo«,
345 1528 383 1555 ut
407 1534 428 1556 a
452 1524 572 1567 quibus
595 1525 760 1568 magistris
782 1524 1000 1557 hancartem
1022 1523 1210 1565 didicerim,
1241 1523 1284 1557 ab
1306 1523 1424 1558 iisdem
1445 1526 1545 1563 colle-,

67 1574 114 1616 gis
136 1575 171 1608 in
193 1577 232 1609 ea
253 1578 413 1612 tradenda
434 1580 582 1623 adjuver.
1327 1614 1329 1621 ,
1481 1593 1485 1595 “

111 1631 167 1662 Tu
186 1630 269 1663 mihi
291 1643 421 1677 quoque
446 1637 692 1679 compellandus
717 1635 1001 1681 es‚›integerrime
1024 1648 1284 1679 macoma-,nrm
1307 1638 1452 1672 veritatis
1471 1639 1543 1673 cul-

69 1689 137 1727 tor,
161 1685 286 1720 fraudis
306 1687 458 1733 inimice,
481 1703 627 1736 quocum
650 1694 836 1726 arctissima
857 1695 1005 1743 muneris
1031 1700 1063 1727 et
1085 1693 1187 1727 officii
1204 1692 1358 1727 societate
1382 1697 1544 1737 conjunc·-

68 1745 141 1773 tum
161 1752 217 1775 me
240 1743 359 1787 laetor,
390 1746 511 1791 quique
534 1759 605 1792 me,
634 1761 759 1785 novum
787 1749 959 1783 hominem
982 1749 1107 1794 tibique
1128 1750 1297 1794 ignotum,
1328 1761 1367 1784 eo
1392 1753 1543 1795 excepis-

23 1812 27 1816 ·
69 1797 94 1828 ti
119 1798 211 1839 vultu
229 1805 332 1844 -atque
353 1804 484 1846 animo,
508 1811 545 1839 ut
562 1817 631 1845 non
650 1797 823 1850 collegam,
842 1817 922 1849 ,non
941 1806 1095 1840 laborum
1122 1806 1253 1840 socium
1281 1813 1312 1839 et
1336 1807 1539 1849 studiorum,

68 1850 127 1884 sed
153 1852 318 1897 amicum,
347 1858 406 1890 sed
432 1859 570 1894 fratrem
595 1862 678 1896 mihi
704 1864 855 1906 excipere
880 1862 970 1897 visus
1003 1864 1060 1895 sis.
1116 1865 1188 1906 Ego
1210 1873 1288 1896 vero
1316 1863 1380 1896 hoc
1409 1868 1542 1897 tantum

69 1917 168 1941 omen
193 1910 328 1953 accipio.
374 1913 443 1947 Aut
469 1918 558 1959 quod
582 1918 678 1952 nobis
701 1918 867 1962 rebusque
893 1920 1015 1952 nostris
1043 1924 1076 1951 et
1105 1918 1185 1951 huic
1209 1919 1406 1952 Academiae
1429 1921 1538 1962 majus

69 1962 217 1997 accidere
239 1972 364 2010 potest,
386 1976 444 2011 aut
459 1972 575 2007 laetius
593 1986 712 2017 omen,
734 1985 836 2019 quam
853 1975 942 2019 quod
956 1986 979 2007 a
996 1975 1113 2007 mutuat
1130 1973 1253 2017 petitur
1270 1973 1417 2016 ejusdem
1437 1974 1538 2008 disci-

66 2020 177 2063 Plinfle
201 2022 430 2061 PPOfessorum
457 2032 609 2072 caritate,
637 2042 739 2075 quam
766 2030 852 2064 inter
879 2042 940 2064 nos
965 2036 1159 2075 perpetuam
1185 2029 1274 2071 fore,
1304 2041 1346 2066 ex
1369 2032 1539 2075 utriusque

62 2081 220 2110 nostrum
244 2083 433 2122 praesentio
459 2084 552 2120 haud
579 2086 729 2122 dissimili
752 2087 879 2130 indole,
909 2093 942 2124 et
968 2088 1041 2132 pari
1064 2085 1253 2137 studiorum
1278 2087 1413 2121 ratione.
1459 2085 1539 2121 Tibi

821 2147 848 2176 C
1445 2152 1535 2177 emm
