1919 2511
673 199 1072 232 ORATIO.
1556 201 1602 233 25

125 286 331 333 propositum
354 286 454 319 finem
474 295 664 329 augurarer.
717 285 830 319 Habet
854 288 924 329 eJus
944 285 1110 319 amicitiae
1136 292 1283 330 partem,
1306 295 1406 330 quem
1427 284 1510 319 mihi
1528 296 1595 319 na-

126 351 220 386 tura,
248 343 308 377 tibi
325 342 501 375 adfinitatis
526 342 697 376 vinculum
718 342 854 375 fratrem
875 342 974 375 dedit.
1020 342 1130 374 Prosit
1148 343 1202 375 illa
1220 342 1347 384 studio,
1370 341 1458 385 quod
1476 352 1593 375 omnes

126 400 333 444 profitemur!
380 401 552 440 Quantum
576 397 619 430 ad
638 409 692 431 me
710 398 843 442 quidem
864 399 1022 442 pertinet,
1054 397 1177 440 Vobis,
1208 408 1402 442 germanam
1423 398 1590 440 jurispru-

126 457 272 489 dentiam
291 452 533 495 excolentibus,
555 452 652 495 Tibi,
677 453 806 487 scholas
823 460 955 487 nostras
973 454 1142 498 disciplina
1160 457 1214 488 tue
1234 455 1457 498 promoventi,
1481 453 1597 487 omni-

136 511 199 543 bus
223 509 349 545 viribus
372 520 425 543 me
448 509 643 542 adfuturum
669 510 732 543 fide
755 513 826 543 mezi
847 512 1014 554 promitto.

173 563 244 600 Vos
267 576 402 607 omnes,
426 567 500 599 Viri
517 566 710 598 Clarissimi!
742 571 779 598 ut
802 576 935 599 summa
953 578 1006 600 me
1023 566 1249 600 benevolentia
1267 566 1302 600 in
1319 568 1478 599 Vestrum
1498 566 1591 599 ordi-

132 634 209 657 nem
235 623 420 665 recepistiS,
451 622 497 654 ita
524 621 637 654 effidem
661 632 791 665 quoque
817 632 871 654 nie
896 622 1049 665 deinceps
1074 622 1352 664 complectamini!
1397 625 1491 655 Deus
1512 624 1590 665 Opt.

132 681 226 712 Max.
249 679 376 715 Vestris
393 677 542 719 familiis,
566 675 711 718 civitam,
737 678 908 711 universae
925 679 1109 712 litterarum
1127 677 1343 722 reipublicae,
1367 679 1424 713 diu
1440 688 1499 713 vos
1523 688 1597 711 ser-

133 741 187 770 vet
209 734 404 768 incolumes!

177 790 282 824 Vobis
309 795 439 830 autem,
466 792 606 824 Juvenes
630 790 758 833 optimi!
789 791 845 832 qui
862 791 943 831 juris
962 790 1069 823 studio
1094 800 1229 833 operam
1255 790 1358 832 datiS‚
1381 797 1418 825 ut
1443 796 1501 825 aut
1526 801 1599 832 me,

137 853 194 880 aut
217 846 326 879 studia
347 856 423 878 mea
441 835 691 888 commendem,
714 844 795 879 nihil
820 856 904 889 opus
930 856 1001 879 esse
1025 846 1164 881 videtur.
1222 847 1343 890 Quales
1367 848 1456 880 enim
1478 848 1600 880 multos

137 905 297 936 Vestrum
312 904 380 945 jam
398 902 476 934 olim
495 904 672 945 cognoram
683 926 692 944 ,
718 903 796 934 tales
814 904 883 935 Vos
902 913 1018 935 omnes
1035 908 1222 946 compertus
1241 913 1334 944 sum,
1358 903 1391 936 id
1407 909 1457 936 est
1473 903 1601 936 studio-

138 969 215 992 rum
241 958 398 1002 diligenti&
427 963 458 990 et
483 959 585 990 animi
614 958 769 991 modestia
797 960 1007 1002 conspicuos!
1060 958 1185 1002 Pergite
1210 960 1324 1002 igitur,
1357 960 1603 992 commilitones

139 1015 266 1058 optimi!
290 1019 326 1046 ut
347 1012 513 1056 coepistis!
558 1015 727 1055 Majorum
747 1014 879 1058 vestigia
901 1014 1053 1058 premite!
1095 1018 1110 1047 J
1116 1015 1181 1047 uris
1203 1016 1311 1049 Civilis
1334 1016 1603 1058 explicationem,

140 1075 176 1101 ut
195 1080 237 1101 ex
254 1069 484 1112 Philosophia,
507 1071 553 1102 ita
572 1070 623 1102 vel
641 1071 787 1102 maxime
806 1081 847 1102 cx
867 1070 981 1103 litteris
1001 1076 1033 1103 et
1052 1070 1185 1103 histor-izi
1204 1072 1312 1113 petite.
1358 1074 1414 1104 Me
1430 1082 1507 1106 vero
1523 1071 1605 1104 duce

141 1124 345 1165 studiorum,
376 1124 557 1168 eodemque
582 1126 689 1157 amico
707 1127 850 1159 utimini!
896 1127 1064 1171 Quidquid
1086 1126 1119 1160 in
1138 1138 1192 1159 me
1213 1133 1269 1160 aut
1288 1128 1425 1171 ingenii,
1450 1134 1506 1161 aut
1525 1128 1609 1161 doc-

144 1180 268 1221 trinae,
292 1186 348 1213 aut
371 1180 552 1224 diligentiae
575 1182 635 1223 sit,
659 1182 691 1216 id
714 1194 812 1216 omne
836 1186 993 1216 Vestrum
1017 1183 1085 1217 fore
1109 1183 1277 1227 polliceor!
