1919 2511
244 169 266 205 6
617 165 876 200 JAcoBI
941 174 1007 197 ΒΕ
1073 163 1368 197 GELDER

245 267 359 293 rerum
376 260 560 297 structura,
584 254 639 298 qui
654 253 795 287 secernit
810 262 866 285 eas
886 261 958 293 res,
981 259 1065 295 quas
1092 256 1246 285 accurate
1272 251 1401 296 ingenio
1423 252 1649 297 percepimus,
1671 250 1716 287 ab

246 315 307 357 iis,
330 323 417 357 quas
431 312 496 345 hac
517 310 585 347 vita
601 310 750 343 humano
777 309 908 353 ingenio
926 306 1058 351 intelligi
1077 318 1196 351 posse,
1225 318 1294 341 non
1319 310 1501 343 verosimile
1524 315 1582 343 est.
1629 313 1720 346 Eum

246 371 385 404 limitem
407 379 469 413 pro
488 376 698 412 quocumque
728 375 809 399 casu
834 369 987 398 accurate
1005 363 1139 398 definire
1147 389 1162 404 ‚s
1189 375 1309 409 magna
1337 365 1398 398 fuit
1420 368 1587 409 quaestio,
1615 377 1718 411 quam

248 427 289 461 de
305 425 497 470 Disciplinis
520 425 670 467 Physicis
693 434 761 457 non
786 428 891 456 totam
909 426 942 454 et
967 421 1072 454 multo
1095 422 1205 454 minus
1230 421 1270 454 de
1294 421 1406 454 Rebus
1436 423 1622 457 Moralibus
1652 425 1723 458 sol-

248 489 378 519 verunt.
424 485 482 515 Me
510 487 624 514 tamen
645 481 752 523 Judice
779 479 912 512 credere
935 478 1077 510 sufficiat
1085 501 1099 519 ,
1118 478 1200 511 tales
1223 477 1343 511 limites
1368 479 1500 522 adesse,
1523 481 1644 524 quibus
1659 481 1723 516 ob-

249 540 387 574 servatis
403 563 413 580 ,
436 526 501 570 fixo
516 536 620 581 gradu
642 536 822 580 prudenter
849 545 909 578 per
933 535 1076 578 spatium
1100 533 1143 567 ad
1167 540 1292 567 metam
1323 545 1550 579 properemus.
1594 540 1724 573 Verum

250 594 414 640 negligunt
440 594 590 627 homines
618 594 708 626 illam
732 591 997 625 observationem
1017 601 1079 624 nec
1105 591 1175 623 illos
1200 591 1319 624 limites
1337 597 1475 634 curant,
1499 594 1586 638 quod
1602 596 1725 629 artium

252 658 285 685 et
297 650 535 685 Doctrinarum
558 649 693 681 historia
715 647 836 691 ubique
857 645 975 679 tradit:
1001 651 1033 679 et
1057 657 1097 680 en
1123 647 1262 680 alteram
1289 658 1427 681 causam
1449 660 1509 683 cur
1530 651 1617 684 lento
1643 651 1728 685 adeo

251 708 356 752 gradu
373 707 436 740 hae
453 706 633 740 Doctrinae
647 705 876 749 processerint.
923 704 998 735 Hac
1015 704 1087 747 ipsa
1102 710 1207 737 aetate
1224 705 1286 739 viri
1308 707 1487 739 Doctrinae
1508 707 1604 740 laude
1623 708 1701 742 clari
1714 721 1728 751 ,-

253 764 310 809 qui
335 765 418 797 bene
443 765 484 797 de
504 761 641 795 Artibus
667 767 699 794 et
724 760 898 793 Doctrinis.
919 765 1114 792 meruerunt
1136 765 1167 792 et
1192 762 1377 803 potuissent
1393 763 1678 798 lucubrationibus
1697 770 1730 799 et

252 818 603 854 meditationibusvfieri
620 819 794 851 Doctiores
806 841 815 859 ‚
839 827 908 849 non
925 815 1046 849 minori
1062 826 1163 860 quam
1179 819 1452 861 Dogmaticorum
1472 821 1583 853 furore
1604 831 1732 864 provo*

253 878 334 910 lant.
379 877 503 920 Ingenii
532 875 692 908 alacritati
713 874 917 917 indulgentes
936 876 1094 904 naturam
1118 883 1250 917 semper
1269 885 1310 907 ex
1332 874 1405 918 ipsa
1427 882 1548 910 natura
1567 878 1732 921 explicare

254 933 411 973 student,
438 938 535 975 atque
561 930 606 964 ita
629 931 887 972 ratiocinantur,
918 936 956 963 ut
987 931 1152 965 dilabatur
1178 935 1292 967 omnis,
1318 934 1390 967 idea
1417 935 1537 968 Mundi
1565 937 1673 970 Creati
1699 941 1734 970 et

255 990 454 1023 Prudentiae
489 989 654 1029 Divinae,
679 992 775 1030 atque
812 992 849 1020 ut
881 988 927 1020 ita
959 994 1088 1021 arment
1124 991 1352 1023 Humanitatis
1387 991 1515 1031 hostes,
1543 993 1600 1035 qui
1638 1000 1734 1026 errod

256 1057 309 1080 res
333 1051 447 1079 amant
472 1049 504 1078 et
530 1044 816 1088 superstitionem,
846 1054 911 1087 quo
939 1044 1057 1076 melius
1086 1047 1326 1079 Doctrinarum
1359 1048 1391 1082 vi
1421 1046 1457 1081 in
1485 1058 1538 1081 res
1564 1048 1739 1082 humanas-

255 1104 391 1135 salutari
418 1101 625 1141 obtrectent,
653 1110 774 1144 easque
799 1101 883 1134 vitae
912 1101 1061 1133 societati
1083 1107 1212 1144 pestem
1239 1103 1372 1136 faciant.
1423 1105 1486 1136 His
1513 1105 1623 1137 causis
1646 1114 1742 1149 quae>

256 1161 361 1193 latiori
379 1169 480 1192 sensu
501 1158 606 1201 accipi
624 1162 656 1190 et
672 1157 778 1189 fusius
809 1154 967 1199 explicari
988 1157 1190 1200 potuissent,
1215 1158 1311 1192 tertia
1340 1160 1488 1193 fortassis
1505 1169 1737 1199 annumeran-j

255 1217 298 1249 da
323 1222 426 1254 essem
450 1217 608 1248 nimirum
628 1226 696 1247 non
719 1224 854 1256 omnes,
877 1213 933 1258 qui
958 1213 1152 1258 Philosophi
1170 1215 1342 1258 dicuntur,
1364 1228 1432 1250 uno
1452 1218 1597 1252 veritatis
1623 1217 1735 1252 studio

256 1272 353 1311 duci3
377 1272 435 1304 sed
457 1282 528 1304 esse
549 1271 749 1312 nonnullos,
773 1271 829 1314 qui
854 1281 955 1315 scopo
983 1272 1089 1305 alieno
1110 1273 1222 1316 ducti,
1246 1275 1438 1319 plerumque
1466 1275 1662 1308 adulationis
1685 1275 1736 1310 vel

257 1329 457 1361 lucricausa
479 1339 516 1361 ea
534 1327 693 1366 doceant,
717 1337 802 1370 quae
822 1328 857 1360 in
877 1327 988 1360 Musei
1010 1329 1131 1362 umbra
1155 1329 1294 1363 libenter
1308 1330 1373 1373 ipsi
1396 1337 1580 1375 negassent.
1605 1351 1648 1357 —-
1669 1332 1737 1365 Ve-

259 1396 336 1419 rum
353 1378 512 1427 malignos
527 1382 607 1415 istos
628 1383 779 1416 homines
798 1384 989 1418 mittamus!

296 1443 396 1474 Hane
418 1446 567 1474 nostram
585 1441 781 1473 sententiam
799 1441 940 1485 ingenue
960 1442 1173 1485 profitemur,
1196 1441 1309 1477 Divini
1327 1443 1482 1476 Numinis
1506 1444 1639 1478 laudem
1658 1455 1741 1478 cumv

258 1497 497 1531 'Doctrinarum
513 1508 628 1530 amore
642 1503 710 1529 tam
732 1502 821 1530 arcte
847 1496 999 1542 conjungi
1017 1504 1055 1530 ut
1072 1499 1143 1531 sine
1165 1497 1252 1541 hoc,
1273 1499 1325 1532 illa
1344 1509 1415 1532 esse
1436 1506 1590 1543 nequeat.
1636 1502 1737 1534 Nam-

259 1565 324 1598 que
350 1553 395 1586 illi
416 1556 599 1592 Doctores,
624 1554 680 1596 qui
698 1555 890 1596 praedicant
908 1555 1042 1587 rudium
1060 1560 1092 1587 et
1114 1556 1292 1598 agrestium
1314 1555 1490 1589 hominum
1517 1557 1739 1599 ignorantiam.

261 1616 432 1654 praestare
455 1609 654 1642 humanitati
673 1615 704 1642 et
722 1613 958 1644 Doctrinarum
977 1611 1101 1655 cultui,
1125 1615 1245 1657 quippe
1270 1615 1325 1657 qui
1349 1615 1455 1647 cultus
1476 1615 1586 1646 multis
1604 1615 1739 1648 calami-

261 1668 385 1701 tatibus
407 1667 581 1700 hominum
609 1668 711 1701 vitam
735 1674 918 1710 premeret3
951 1669 1016 1712 illi,
1045 1671 1202 1713 inquam,
1237 1673 1398 1703 Doctores
1422 1669 1583 1704 Divimun
1605 1674 1739 1705 Numen

263 1726 397 1768 culpare
414 1730 446 1756 et
462 1726 572 1756 Deum
592 1724 816 1756 calamitatum
843 1730 1012 1757 auctorem
1038 1724 1161 1758 habere
1184 1726 1346 1760 Videntur.
1396 1729 1486 1759 Deus
1512 1733 1581 1768 est,
1604 1727 1661 1771 qui
1679 1738 1737 1761 no-

262 1781 404 1815 bisillud
418 1780 575 1814 noscendi
592 1780 790 1812 desiderium
805 1780 943 1822 indidit,
958 1788 990 1814 et
1005 1782 1126 1818 Divino
1141 1793 1280 1815 munere
1295 1793 1356 1815 nos
1376 1782 1525 1816 humana
1544 1783 1672 1817 ratione
1690 1785 1737 1818 uti

262 1839 458 1882 gloriamur„
502 1839 656 1869 Attamen
686 1840 778 1870 Deus
802 1839 843 1869 Ο.
871 1840 920 1870 M.
949 1838 1109 1879 ejusmodi
1131 1849 1271 1871 munera
1294 1838 1390 1872 nobis
1416 1851 1483 1872 non
1509 1840 1642 1883 largitus
1666 1847 1734 1882 est,

262 1894 382 1937 quibus
404 1898 561 1936 perpetuo
579 1892 752 1925 hominum
773 1904 843 1926 sors
857 1919 866 1936 ,
890 1905 953 1926 sua
971 1900 1107 1937 sponte,
1131 1896 1252 1928 misera
1270 1895 1345 1928 fiat:
1369 1901 1540 1938 praeterea
1560 1899 1588 1928 si
1610 1896 1736 1930 donum

263 1950 430 1994 quoddam
447 1949 607 1982 Divinum.
619 1974 634 1991 ,
653 1951 828 1983 stultorum
853 1950 961 1984 abusu
981 1963 1231 1997 nonnumquam
1251 1954 1388 1986 noxium
1414 1964 1486 1986 esse
1507 1955 1628 1997 possit,
1651 1959 1738 1986 esset

262 2007 426 2052 profecto,
450 2008 476 2038 si
496 2007 603 2039 dicere
629 2008 719 2049 licet,
744 2014 859 2041 sancta
881 2009 933 2041 illa
957 2009 1076 2042 Christi
1101 2008 1224 2052 Religio
1248 2011 1393 2042 maxime
1419 2009 1624 2053 perniciosa,
1657 2020 1738 2054 quo-

261 2075 354 2098 ruam
370 2062 517 2106 improbi>
529 2063 683 2096 homines
700 2065 770 2096 auri
792 2065 967 2108 cupiditate
985 2073 1017 2100 et
1037 2066 1227 2109 Tyrannide
1247 2067 1358 2109 ducti,
1381 2067 1445 2100 Dei
1468 2068 1593 2100 cultum
1617 2077 1655 2099 se
1667 2072 1736 2099 tue-

260 2121 296 2154 zzi
316 2119 532 2162 simulantes,
565 2120 719 2154 omnibus
750 2122 916 2163 saecutiS,
949 2124 1046 2167 hujus
1073 2123 1248 2168 Religionis
1276 2124 1375 2167 signis
1393 2148 1404 2166 ,
1437 2123 1536 2156 caede
1563 2128 1596 2156 et
1620 2123 1737 2166 rapina

1677 2191 1735 2224 ΡΟ·
