1919 2511
561 418 684 431 -—·-=-
689 418 1152 433 O—-JWS’S‘W——Ob—

200 609 564 646 quUSCUNQUE
595 610 802 640 ORDINIS
830 607 1116 639 AUDITORES
1146 607 1498 639 HUMANISSIMI.

114 759 384 831 Quinquaginta
409 787 610 822 effluxerunt
636 787 717 821 anni
742 787 784 820 ab
809 785 918 820 alteris
946 784 1147 819 Academiae
1168 792 1302 820 nostrae
1328 783 1582 826 Saecularibus‚·

114 841 234 886 quihus
260 843 296 876 in
322 842 387 876 hac
413 845 486 888 ipsa
513 844 594 878 aede
622 854 718 877 sacra
747 843 917 877 celebratis
943 841 1089 876 interfui.
1149 844 1262 887 Neque
1290 848 1399 876 tacere
1427 851 1581 885 possum,

112 908 233 942 magno
257 898 321 930 hoc
340 898 394 931 die
415 901 568 934 animum
592 910 710 934 meum
734 899 887 944 perfundi
912 898 1048 942 gaudio,
1072 898 1161 941 quod
1184 904 1260 942 post
1283 899 1331 931 ita
1359 898 1493 941 longum
1516 897 1583 941 ple-

111 961 253 997 rumque
273 953 410 987 feliciter
432 957 541 989 exacti
565 957 726 1000 temporis
750 955 979 997 intervallum,
1004 965 1080 987 cum
1105 956 1281 999 perpaucis
1295 978 1304 996 ‚
1329 963 1472 997 quorum
1498 963 1581 986 non-

82 1021 85 1024 *
112 1010 220 1043 nullos
246 1010 516 1055 circumspiciens
539 1018 731 1056 praesentes
761 1016 940 1053 contueor,
971 1012 1140 1054 superstiti
1172 1011 1255 1044 mihi
1287 999 1448 1043 similibus
1473 1008 1582 1042 denuo

113 1065 383 1100 concelebrandis
402 1068 594 1103 solennibus
614 1069 730 1102 adesse
747 1069 853 1102 liceat.
897 1069 943 1101 Et
958 1078 1034 1100 eam
1051 1067 1184 1111 quidem
1206 1067 1406 1111 singularem
1423 1065 1488 1098 Dei
1506 1075 1581 1109 erga

84 1132 86 1135 ’
111 1132 166 1156 me
189 1122 451 1158 benevolentiam
480 1125 738 1166 venerabundus
771 1124 874 1158 adoro
901 1129 933 1157 et
960 1129 1052 1168 grato
1082 1124 1195 1158 animo
1220 1122 1375 1167 praedico
1387 1146 1397 1164 ‚
1429 1132 1495 1165 qua
1519 1121 1584 1155 hoc

113 1178 198 1212 mihi
224 1180 409 1224 contingat,
433 1187 490 1223 ut,
514 1182 570 1225 qui
597 1182 808 1225 superiorum
827 1181 1050 1214 saecularium
1076 1180 1258 1215 festivitatis
1283 1179 1447 1219 particeps
1474 1188 1583 1210 essem

112 1236 260 1277 juveniS,
293 1235 447 1279 idemque
482 1236 684 1270 Academiae
711 1235 812 1277 hujus
842 1232 941 1275 civiS‚
972 1243 1064 1266 nunc
1086 1233 1122 1266 in
1155 1232 1271 1265 eadem
1306 1235 1454 1274 Doctor,
1488 1233 1582 1266 senili

114 1291 247 1335 quidem
271 1296 399 1332 aetate,
423 1291 481 1324 sed
501 1293 581 1325 satis
602 1297 713 1335 vegeta
738 1297 851 1324 tamen
870 1290 982 1323 adhuc
1004 1289 1190 1323 valetudine
1204 1313 1214 1330 ‚
1238 1289 1273 1321 in
1291 1287 1444 1331 publicae
1461 1287 1582 1321 iterum

106 1344 253 1380 vlaetitiae
273 1346 466 1381 societatem
481 1349 592 1383 venire
608 1347 734 1392 possim
746 1372 756 1390 ‚
780 1352 812 1380 et
831 1348 865 1380 in
881 1344 1144 1390 splendidissimo
1168 1345 1233 1379 hoc
1250 1354 1429 1385 consessu,
1453 1354 1495 1377 ex
1517 1345 1582 1377 cla-

115 1402 326 1437 rissimorum
347 1404 552 1448 collegarum
577 1410 609 1438 et
629 1415 724 1437 meae
742 1402 934 1446 disciplinae
955 1401 1119 1443 alumnis,
1143 1412 1277 1434 mecum
1298 1400 1414 1434 adesse
1434 1400 1563 1435 videam
1575 1427 1582 1439 ,

116 1469 199 1502 quos
224 1465 256 1492 et
280 1459 524 1503 Theologorum
557 1460 648 1493 Ordo
681 1465 714 1492 ct
740 1460 914 1494 universus
942 1460 1083 1491 Senatus
1109 1457 1330 1490 Academicus
1361 1456 1475 1500 dignos
1501 1457 1584 1500 judi·

116 1521 293 1556 caverunt,
323 1515 444 1558 quibus
467 1515 533 1549 hoc
555 1516 638 1549 festo
661 1516 713 1549 die
735 1518 937 1548 Doctoratus
961 1515 1027 1547 ritu
1052 1513 1189 1558 antiquo
1216 1511 1397 1546 solenniter
1426 1512 1585 1547 tribuere-

115 1575 180 1603 tur.
231 1573 277 1603 Et
302 1570 385 1603 duos
420 1572 553 1614 quidem
580 1572 623 1605 ad
651 1572 872 1615 amplissimos
896 1569 959 1603 hos
994 1571 1137 1603 honores
1165 1569 1384 1613 promovendi
1417 1568 1500 1602 mihi
1528 1569 1583 1602 de-

114 1625 273 1660 mandata
301 1632 350 1659 est
377 1628 556 1670 provincia.
603 1628 755 1661 Tertium
776 1628 890 1660 laurea
914 1627 1032 1660 merita
1059 1626 1190 1660 ornabit
1212 1637 1503 1667 SUR1NGAR1us,
1536 1626 1585 1659 vir

118 1681 319 1715 clarissimus
333 1708 344 1724 ,
367 1682 402 1716 in
422 1695 522 1727 quem
544 1683 675 1728 ipsum,
700 1689 777 1717 ante
797 1683 859 1716 hos
882 1683 994 1727 viginti
1012 1693 1118 1716 annos
1132 1707 1142 1725 ,
1166 1693 1317 1715 summos
1346 1681 1382 1715 in
1406 1680 1583 1725 Theologia

117 1737 260 1772 honores
294 1740 416 1773 contuli
429 1765 439 1782 ‚
474 1746 506 1773 et
536 1750 635 1784 quem
666 1741 722 1774 diu
753 1746 830 1774 ante
856 1743 1088 1784 Franequerae
1113 1741 1149 1772 in
1175 1738 1413 1782 discipulorum
1445 1747 1585 1771 numero

88 1830 90 1832 ,
117 1794 294 1836 habuisse,
327 1806 419 1829 nunc
446 1797 608 1841 Collegam
637 1798 800 1837 salutare,
830 1808 851 1830 a
876 1795 1010 1830 nemine
1031 1807 1099 1830 non
1121 1797 1215 1832 valde
1242 1795 1472 1836 aestimatum,
1503 1794 1585 1828 mihi

119 1850 238 1885 honori
262 1851 359 1885 duco.

162 1909 224 1940 Est
248 1918 326 1942 vcro
352 1908 430 1942 illud
457 1909 579 1954 aliquid
604 1911 699 1952 novi,
731 1908 868 1953 reperiri
891 1920 1022 1953 quoque
1050 1909 1249 1953 Theologiae
1275 1906 1496 1948 Candidatos,
1529 1906 1585 1949 qui

118 1963 258 2007 gradum
286 1963 441 1998 Doctoris
465 1966 642 2000 solenniori
668 1966 768 1999 modo
795 1967 951 2009 consequi
979 1965 1214 2009 concupierint.
1269 1964 1370 2009 Quod
1395 1974 1499 2007 quum
1526 1973 1585 1994 no-

117 2030 197 2054 vum
220 2020 299 2063 quid
328 2020 422 2062 dieo,
447 2024 610 2057 succurrit
637 2022 720 2056 milii
739 2027 974 2066 argumentum
994 2021 1299 2065 praestantissimae
1328 2018 1504 2059 orationis,
1527 2020 1585 2050 De

121 2075 221 2110 novis
247 2082 284 2110 et
310 2076 490 2122 antiquis,
514 2090 617 2123 quam
637 2078 820 2114 acutissimi
837 2077 887 2114 vir
903 2078 1045 2121 ingenii,
1070 2090 1312 2111 EURCHERUS
1335 2089 1382 2109 DE
1405 2086 1583 2112 vomunt,

922 2135 952 2168 A
976 2147 994 2168 2
1501 2127 1586 2161 Phi-
