1919 2511
389 154 617 184 RESPONSIO
646 162 689 184 An
718 153 1027 193 QUAESTIONEM
1055 156 1271 188 MEDICAM.
1555 169 1593 199 39

74 239 109 268 ad
128 237 244 275 gradum
270 237 362 266 scalae
384 236 526 273 pendeat,
553 243 601 270 et,
629 238 741 266 remota
767 239 840 267 sella
863 238 916 267 sub
945 238 1088 275 pedibus,
1109 241 1232 269 tenendo
1257 247 1286 270 et
1312 242 1449 273 trahendo
1474 244 1593 276 fortiter

74 289 219 318 brachium
240 297 291 324 per
310 288 471 317 ministrum
493 288 651 318 reducitur.
695 287 817 325 Quintus
838 289 872 319 fit
891 299 943 327 per
963 290 1155 319 manubrium.

93 340 174 369 ‘Hos
196 345 289 368 autem
313 348 411 368 omnes
437 339 538 368 modos
564 339 728 376 Halyabdas
748 341 918 377 Avicenna,
940 342 1054 370 Brunus
1076 348 1103 371 et
1129 341 1328 372 Theororicus
1356 353 1484 380 ponunt.
1512 347 1586 383 Joan

73 392 108 422 de
128 391 204 428 Vigo
231 391 313 419 etiarn
337 390 434 428 adjicit
459 391 592 424 modum,
613 390 663 427 qui
689 391 722 420 fit
744 400 795 428 per
819 392 950 422 balistam
981 393 1105 429 ligneam
1128 394 1211 431 (7).
1251 394 1397 431 Rogerius
1417 405 1509 425 autem
1530 407 1589 428 non

71 443 156 481 ponit
184 451 270 478 eum,
293 442 343 478 qui
367 442 400 471 fit
424 436 488 470 cum
507 443 607 471 scala:
629 442 774 471 Samerius
797 450 892 472 autem·
909 444 943 472 de
960 444 1042 480 pila,
1064 452 1092 474 et
1120 446 1212 482 pede3
1235 446 1270 474 de
1287 447 1348 483 pila
1368 456 1437 476 vero
1462 455 1490 477 et
1511 458 1591 479 man·

71 495 118 524 tili
143 500 305 532 posuerunt
325 493 509 522 Guilhelmus
529 500 559 522 et
576 493 800 525 Lanfrancus.”

74 544 90 570 ἵ
109 546 191 575 Haec
214 545 327 575 Foresti
349 548 436 574 verba
459 545 508 573 hic
530 553 687 574 memorare
709 554 768 575 non
793 546 864 575 mihi
892 546 1041 584 ineptum,
1070 557 1122 577 nec
1148 549 1237 586 hujus
1263 549 1322 579 loci
1343 550 1465 579 alienum
1494 551 1589 581 visum

72 604 136 634 est,
157 606 217 627 non
240 598 330 632 adeo,
353 603 386 625 ut
404 599 495 626 novas
516 596 684 625 restituendi
702 598 854 626 methodos
877 598 984 627 referre
1002 600 1134 635 videret,
1157 601 1208 629 sed
1231 610 1282 637 per
1303 601 1382 630 illius
1408 602 1500 638 ipsius
1524 612 1590 631 ver-

70 649 107 678 ba
132 649 375 684 demonstrarem,
409 648 556 683 quomodo
581 647 713 684 pleriq—ue
740 648 899 685 Chirurgi,
921 655 992 678 tunc
1019 652 1101 680 etiam
1133 653 1293 688 temporis,
1314 653 1366 681 hac
1388 653 1418 681 in
1441 662 1472 681 re
1491 653 1588 682 Medi-

70 708 120 729 cae
141 700 211 729 artis
236 699 401 736 Principemv
424 699 629 736 Hippocratem
655 701 748 729 secuti
773 700 853 736 sint,
881 700 1020 737 illiusque
1050 702 1171 740 vestigia
1195 703 1355 740 presserint
1383 705 1472 744 (8),
1502 713 1587 741 atque

70 757 104 780 ut
122 751 244 781 aliorum
256 772 270 785 ,
285 752 345 780 fere
366 751 461 780 eadem
481 751 692 789 repetentium,
713 751 795 780 fieret
822 752 969 781 recensio.

228 829 259 865 ἓ.
281 838 312 858 2.
353 829 393 858 A.
414 828 498 857 Pare
515 828 654 865 (1655).
674 826 825 866 Mignard
842 828 980 866 (1680),
1004 828 1044 861 G.
1067 829 1101 860 T.
1123 829 1272 860 Hildanus
1289 831 1386 867 (1682
1398 835 1430 870 >0

109 905 214 941 Modi,
244 913 319 941 quos
347 905 444 933 inveni
471 905 548 941 apud
577 905 650 934 Pare
676 905 784 942 (9),
813 905 848 934 ad
870 905 982 934 humeri
1012 906 1185 936 luxationem
1211 916 1315 937 versus
1345 908 1480 939 inferiora
1503 912 1588 940 resti-

68 957 220 992 tuendam,
244 964 342 992 parum
368 956 438 985 novi
461 956 629 989 continent,
651 965 716 985 cum
740 957 910 993 propositos
941 959 1115 986 sexm'oclos
1142 958 1330 995 Hippocratis
1353 960 1486 992 referant.
1528 962 1591 991 Ga-

67 1007 133 1036 leno
158 1014 249 1036 autem
279 1016 344 1035 cum
366 1007 538 1036 assentiatur
563 1014 687 1043 auctor,
708 1009 808 1036 revera
835 1008 948 1044 quidem
973 1008 1103 1037 obtinere
1135 1018 1223 1046 posse
1249 1011 1414 1041 luxationes
1436 1013 1511 1042 ossis
1535 1014 1590 1042 hu·

67 1058 138 1087 meri
163 1058 198 1087 ad
221 1058 382 1095 anteriora,
404 1058 487 1087 etiam
511 1059 545 1088 ab
570 1058 622 1087 illo
647 1058 802 1087 reducendi
827 1059 931 1087 modus
956 1059 1133 1096 proponitur
1159 1061 1208 1089 tali
1235 1062 1265 1090 in
1287 1071 1356 1092 casu
1381 1072 1395 1091 e
1421 1064 1474 1092 sua
1493 1072 1589 1094 mente

65 1110 242 1139 conveniens
263 1111 281 1148 (
294 1111 370 1147 10):
391 1110 518 1147 aegroti,
539 1109 639 1146 supini
655 1110 796 1148 Jacentis,
814 1110 953 1139 humerus
971 1110 1003 1139 in
1019 1111 1178 1140 directione
1200 1114 1344 1142 contraria
1359 1115 1456 1150 lateri,
1478 1115 1525 1144 cui
1543 1124 1593 1144 ca-

65 1167 121 1197 put
145 1161 275 1190 luxatum
299 1161 461 1197 incumbit,
485 1162 674 1198 extendatur,
696 1162 780 1191 firmo
806 1163 911 1197 laqueo
935 1161 1089 1191 articulum
1114 1165 1324 1201 amplectente,
1347 1166 1436 1202 globo
1456 1165 1486 1195 in
1502 1168 1591 1196 axilla

64 1218 197 1245 retento,
225 1221 261 1241 ne
285 1212 342 1241 huc
364 1214 507 1243 relabatur
535 1219 623 1250 caput
646 1213 722 1242 ossis
750 1213 862 1242 humeri
882 1213 1000 1251 (11),
1027 1220 1056 1243 et
1081 1214 1141 1250 sic,
1164 1222 1246 1244 motu
1272 1217 1393 1252 quodam
1421 1220 1561 1247 rotatorio
1577 1240 1589 1255 ,

48 1264 258 1300 intendente,
279 1263 431 1299 instituto,
459 1265 535 1294 huic
550 1264 690 1294 luxationi
715 1265 844 1294 medetur
866 1265 1002 1301 Auctor,
1031 1271 1064 1294 ut
1092 1272 1120 1295 et
1144 1266 1286 1296 luxationi
1308 1267 1343 1295 ad
1367 1266 1506 1298 citeriora
1531 1269 1594 1299 fac-

63 1319 111 1344 tae
131 1318 238 1354 (12),
259 1315 316 1344 hoc
336 1323 464 1349 mutato,
489 1317 567 1352 quod
589 1324 672 1353 aeger
697 1324 775 1345 nunc
798 1325 857 1346 non
879 1316 1021 1353 supinus,
1042 1317 1094 1345 sed
1127 1318 1156 1346 in
1181 1317 1281 1347 faciem
1306 1317 1401 1348 cubat.
1441 1319 1591 1349 Encheire

66 1364 126 1399 sis,
145 1375 201 1402 qua
223 1366 355 1396 utebatur
379 1368 449 1397 Pare
462 1388 473 1403 ‚
494 1368 525 1398 in
546 1369 647 1404 quarta
672 1367 828 1396 luxationis
855 1368 975 1405 specie,
996 1377 1100 1404 nempe
1123 1369 1158 1397 ad
1180 1369 1353 1405 superiora,
1375 1370 1484 1406 (talem
1512 1372 1591 1401 enim

67 1416 150 1447 etiam
177 1417 322 1455 assumit)
341 1419 410 1447 haec
432 1418 513 1448 fuit:
537 1427 650 1448 summo
674 1427 728 1448 suo
754 1419 873 1447 humero
896 1419 1027 1448 cubitum
1052 1419 1131 1456 aegri
1159 1420 1332 1457 attollebat,
1354 1429 1412 1457 quo
1438 1422 1524 1452 simul
1544 1425 1590 1452 lu-

1541 1483 1591 1504 xa-

101 1551 168 1587 (7)
194 1554 241 1581 lib.
257 1553 283 1580 6.
309 1559 368 1586 cap.
382 1560 409 1587 4.
432 1553 464 1579 de
481 1553 601 1581 disloeat,
617 1554 714 1579 humeri
732 1553 786 1579 sive
803 1553 884 1586 capit.
901 1552 1037 1586 adjutorii.

101 1598 118 1633 (
130 1600 170 1633 8)
196 1601 256 1627 Huc
274 1601 347 1636 etiam
369 1600 462 1625 referri
484 1606 576 1633 potest
590 1599 660 1626 Lud.
678 1601 792 1626 Mercari
810 1599 901 1634 (lust.
919 1601 949 1626 ad
968 1609 1041 1626 usum
1063 1607 1088 1627 et
1107 1609 1212 1627 examen
1238 1609 1347 1634 eorum,
1365 1604 1409 1634 qui
1436 1604 1586 1631 luxatorfam

64 1638 187 1672 exercent
208 1644 301 1679 artem)
321 1653 346 1672 c.
365 1647 406 1673 18.
425 1645 457 1672 de
474 1647 555 1674 luxat.
574 1647 645 1674 hum.
664 1648 700 1680 sp.
719 1649 747 1674 18
770 1654 826 1679 seq.
845 1655 877 1672 ex
895 1644 998 1680 hispan.
1018 1648 1108 1675 idiom.
1126 1649 1150 1673 in
1168 1650 1239 1676 latin.
1256 1657 1322 1676 vert.
1341 1651 1404 1677 Car.
1424 1652 1493 1679 Piso.
1507 1653 1585 1678 Fran-

65 1691 122 1718 eof.
141 1693 215 1725 ¹650.
249 1693 291 1718 Sic
310 1693 387 1718 etiam
411 1699 531 1718 memorat
552 1693 585 1720 A.
603 1694 724 1727 Vesalius
746 1696 871 1727 spatulam
896 1695 1007 1726 ligneam
1027 1696 1117 1727 Celsi,
1139 1702 1164 1721 et
1187 1696 1217 1721 ad
1241 1696 1408 1729 Hippocratis
1433 1698 1523 1724 modos
1550 1707 1591 1725 re-

66 1739 225 1772 spiciendum
250 1747 305 1765 esse
327 1746 435 1771 monet,
458 1740 530 1765 nulla
552 1741 602 1766 alia
623 1741 761 1774 proposita
785 1740 923 1767 reducendi
951 1742 1088 1769 methodo,
1114 1741 1172 1769 vid.
1194 1743 1261 1769 illius
1287 1751 1361 1777 oper.
1381 1745 1446 1772 chir.
1470 1752 1489 1772 t.
1508 1753 1531 1773 2.
1559 1754 1586 1779 p-

66 1785 127 1812 626.
144 1787 202 1811 cura
222 1786 363 1813 Boerhaav.
381 1792 407 1811 et
423 1785 512 1812 Albin.
537 1786 623 1819 Lugd.
641 1787 698 1813 Bat.
719 1792 792 1820 1725.
948 1805 951 1806 ν

104 1831 172 1864 (9)
197 1833 236 1859 De
260 1833 395 1865 Chirurgie
418 1834 456 1859 uit
480 1832 512 1859 de
529 1834 620 1861 Frane.
637 1834 663 1859 in
679 1834 711 1861 de
728 1834 834 1862 Nederl.
853 1835 951 1867 Sprake
974 1835 1041 1863 door
1066 1827 1100 1864 C.
1118 1836 1206 1864 Carol.
1226 1838 1340 1865 Battum.
1367 1839 1398 1865 16
1414 1839 1500 1866 Boek.
1527 1847 1584 1873 cap.

67 1884 112 1905 21.
134 1886 162 1911 p-
178 1887 239 1911 452.
261 1880 383 1907 Amsterd
403 1881 478 1914 1655.
855 1872 857 1875 Α

105 1924 188 1960 (ιο)
215 1927 232 1953 l.
250 1935 274 1953 c.
303 1934 362 1960 cap.
380 1936 424 1962 27.
449 1937 476 1962 p.
495 1936 555 1963 457.

72 2000 75 2002 ,
104 1969 188 2007 (11)
219 1973 276 2000 Hac
298 1975 324 1999 in
345 1982 375 2000 re
400 1976 472 2001 etiam
498 1976 615 2009 sequitur
642 1977 768 2003 Calenum
797 1977 945 2004 dIcentemz
980 1996 997 2011 „
1016 1985 1068 2003 non
1092 1983 1132 2003 est
1155 1978 1185 2004 ab
1211 1985 1254 2009 re,
1281 1978 1341 2004 dum
1370 1979 1395 2004 in
1417 1979 1515 2005 diversa
1542 1987 1587 2005 ex-

68 2019 200 2052 tenditur,
218 2022 303 2048 locum
326 2023 453 2055 saepire„
474 2024 518 2056 qui
543 2024 590 2050 sub
609 2024 649 2050 ala
670 2030 709 2050 est
735 2030 787 2052 cet.
813 2025 866 2053 vid.
886 2025 977 2052 Galen.
1006 2025 1110 2052 comm.
1128 2031 1153 2052 ι.
1181 2025 1207 2050 in
1230 2024 1276 2052 lib.
1301 2025 1384 2058 Hipp.
1407 2025 1440 2051 de
1460 2033 1505 2052 art.
1523 2032 1541 2051 t.
1559 2033 1584 2059 5.

69 2073 97 2098 p.
115 2067 173 2098 256.

105 2109 185 2145 (12)
211 2114 231 2141 1.
247 2121 272 2140 c·
296 2121 321 2141 c.
339 2116 382 2144 28.
407 2123 435 2149 p.
451 2117 512 2150 458.
534 2130 537 2133 -
