1919 2511
341 151 379 180 30
602 141 830 174 CLAUDII
869 142 1096 175 HENRICI
1136 154 1217 175 VAN
1259 146 1609 179 HERWERDEN

345 225 421 254 lent.
461 222 507 251 Ad
525 233 555 253 se
570 235 623 255 eos
642 227 708 256 duci
725 227 818 256 voluit
834 236 953 265 omnes,
974 234 1002 258 et
1021 218 1167 264 minores,
1184 235 1212 258 et
1232 230 1352 267 majores
1368 237 1454 264 natu,
1474 237 1501 260 et
1517 231 1647 268 nobiles,
1667 238 1695 261 et
1709 232 1858 271 plebeJos,

345 281 378 303 ut
397 275 553 304 orationem
574 284 602 306 et
617 278 779 315 symbolum
794 279 947 309 recitarent
965 282 981 318 (
996 279 1044 316 ι).

385 326 498 355 Ultimo
516 328 639 364 denique
663 337 737 358 anno
757 329 869 365 imperii
895 331 1018 359 Carolus
1045 330 1137 359 varias
1153 331 1231 368 leges
1254 338 1327 361 ratas
1350 332 1441 367 fecit,
1461 342 1477 361 a
1495 333 1648 368 conciliis,
1664 334 1749 371 jussu
1769 334 1861 370 ipsius

345 379 548 415 congregatis,
571 381 640 409 latas
660 381 739 416 (α).
783 381 864 418 Quae
888 382 922 410 ad
942 382 1084 418 publicam
1105 381 1227 419 populi,
1244 382 1274 412 in
1294 384 1422 412 ecclesiis
1435 405 1444 419 ,
1464 384 1673 414 institutionem
1691 393 1864 422 promoven-

347 428 409 457 dam
429 429 489 457 fere
508 439 608 459 omnes
626 431 792 460 tendebant.
835 432 879 460 De
901 440 954 467 qua
972 433 1098 461 muneris
1117 440 1196 469 parte
1217 434 1386 464 Arelatense
1412 436 1567 465 concilium
1593 445 1692 465 omnes
1713 437 1863 472 presbyte-

348 487 397 507 ros
417 487 584 516 monuerat,
606 488 660 510 tam
685 482 734 517 qui
754 483 783 511 in
806 483 948 519 urbibus,
971 493 1053 520 quam
1072 485 1123 520 qui
1147 484 1204 513 ruri
1225 485 1360 522 degerent
1379 486 1459 524 (3).
1501 487 1721 523 Moguntiacum
1749 495 1864 523 praece-

344 537 426 565 perat
450 538 498 566 ut,
530 541 617 567 quum
644 532 801 569 episcopus
826 541 875 563 aut
900 535 1022 571 morbo,
1043 543 1092 564 aut
1114 537 1364 573 peregrinatione,
1393 544 1442 566 aut
1467 538 1522 567 alio
1547 537 1709 567 necessario
1739 537 1864 573 quodam

346 582 463 617 negotio
483 582 688 620 impediretur,
711 586 865 621 quominus
888 588 1030 624 populum
1055 588 1172 624 publice
1199 589 1334 625 doceret,
1355 589 1428 617 alius
1457 588 1521 624 quis
1547 597 1651 617 munus
1681 589 1752 617 illud
1775 587 1863 617 susti-

346 639 427 660 neret
445 633 520 670 (4).
562 635 589 663 A
611 634 767 666 Rhemensi
786 637 911 666 coneilio
938 646 1030 667 autem
1055 640 1217 677 injunctum
1240 646 1300 669 erat
1325 640 1471 676 episcopis
1486 661 1496 675 ,
1519 647 1551 669 ut
1578 640 1680 669 Sacrae
1698 639 1863 675 Scripturae

344 692 375 711 ac
395 691 505 720 patrum
523 687 613 716 libros
634 689 764 718 studiose
788 691 974 726 evolverent,
997 700 1030 720 eo
1056 692 1200 727 consilio,
1222 698 1254 720 ut
1271 693 1375 720 horum
1394 691 1572 727 conciones,
1600 691 1811 720 accommodate
1828 690 1863 719 ad

346 735 494 764 hominum
513 746 751 776 quorumcunque
767 748 881 777 captum
896 763 906 778 ,
929 741 969 771 in⁴
981 744 1097 778 patriam
1118 744 1243 781 linguam
1259 745 1408 772 translatas
1421 763 1432 779 ,
1449 743 1478 772 in
1495 743 1624 772 ecclesiis
1644 743 1780 772 haberent
1796 743 1862 780 (5).

346 786 455 815 Similia
474 787 586 818 decreta
605 789 785 820 Turonensis
803 792 1079 830 Catalaunensisque
1095 794 1212 824 concilii
1237 795 1360 823 Carolus
1378 793 1558 824 confirmavit
1573 794 1651 831 (6).

382 837 460 866 Haec
481 838 628 871 hacteuus.
669 841 715 870 Ex
732 842 837 878 quibus
869 844 1004 873 omnibus
1030 847 1153 881 primum
1172 844 1287 880 quidem
1305 845 1540 880 reprehendimus
1559 852 1697 880 operam,
1720 853 1735 874 a
1750 844 1860 874 Carolo

343 890 524 924 praestitam,
548 893 581 920 ad
597 893 801 923 sublevandum
821 895 944 925 officium
970 896 1174 926 concionandi.
1217 895 1287 934 Quo
1307 895 1419 931 quidem
1438 895 1570 924 effectum
1590 897 1645 925 hoc
1668 904 1730 924 esse
1747 894 1863 931 fateor,

341 947 374 967 ur
399 942 520 970 clericus
537 943 652 980 ingenio
680 946 780 981 ruiis,
808 955 839 974 ac
869 946 984 983 ineptus
1010 949 1045 977 ad
1073 948 1216 977 orationes
1243 947 1455 983 conficiendas,
1485 947 1564 977 utilia
1586 948 1724 984 quaedam
1747 947 1859 983 pop-ulo
1896 944 1901 947 ’

340 991 448 1020 tradere
466 1001 585 1028 posset:
607 996 658 1024 sed
673 996 759 1025 simul
778 998 902 1033 graviori
930 999 1002 1027 vitio
1034 1000 1097 1028 data
1126 1008 1194 1028 ansa
1221 997 1345 1028 videtur.
1387 998 1471 1027 Aluit
1500 1007 1535 1028 eo
1563 998 1702 1036 ignaviam
1727 998 1863 1035 ignoran-

343 1041 468 1078 tiamque
493 1047 691 1082 sacerdotum,
724 1047 830 1083 quibus
855 1049 909 1085 jam
942 1058 1002 1078 non
1032 1049 1155 1085 amplius
1182 1057 1298 1078 necesse
1324 1056 1420 1085 esset,
1452 1056 1484 1078 ut
1511 1051 1660 1086 quamdam
1682 1048 1861 1079 elaborandis

322 1093 531 1124 'concionibus
550 1105 664 1133 operam
679 1105 826 1130 navarent.
865 1099 946 1128 Sacri
967 1099 1087 1129 Codicis
1111 1109 1229 1137 quoque
1250 1101 1346 1130 studio
1369 1101 1398 1129 id
1423 1100 1588 1130 institutum
1610 1100 1860 1130 vehementissime

339 1145 451 1175 nocuit.
493 1146 619 1177 Maxima
634 1157 699 1185 pars
719 1150 788 1178 cleri
814 1150 889 1179 enim
911 1159 989 1180 nunc
1014 1160 1045 1181 ea
1069 1159 1178 1180 tantum
1207 1153 1270 1180 loca
1288 1153 1488 1188 cognoscenda
1514 1151 1653 1187 putabat,
1677 1151 1797 1187 quaein
1814 1159 1859 1180 sa-

340 1195 396 1222 cris
418 1196 473 1225 illis
490 1199 668 1228 orationibus
685 1199 901 1237 tractabantur,
923 1201 1032 1238 reliqua
1051 1202 1203 1238 mittebat,
1225 1203 1355 1239 adeoque
1381 1203 1411 1231 in
1429 1202 1614 1232 miserrimam
1635 1202 1738 1232 Sacrae
1759 1202 1858 1239 Scrip-

340 1250 419 1273 turae
436 1246 622 1283 ignorantiam
640 1249 819 1279 dilabebatur
838 1251 919 1289 (7).

380 1298 480 1327 Laude
497 1308 615 1329 omnmo
635 1299 800 1337 dignissima
822 1309 890 1331 sunt
906 1303 1055 1333 conamina
1077 1304 1177 1333 Caroli
1191 1325 1201 1340 ‚
1218 1305 1254 1334 ad
1271 1304 1403 1333 homines
1416 1325 1426 1340 ‚
1448 1313 1507 1333 non
1524 1304 1735 1334 ecclesiasticos
1752 1303 1857 1338 etiam,

338 1358 365 1380 et
390 1351 510 1380 Latinae
528 1351 641 1388 linguae
662 1352 800 1389 ignaros,
821 1354 989 1391 cognitione
1016 1356 1111 1392 aliqua
1135 1361 1211 1384 certe
1232 1355 1333 1384 Sacrae
1353 1355 1521 1392 Scripturae
1548 1355 1730 1384 imbuendos.
1771 1353 1857 1382 Haud

340 1403 402 1432 scio
420 1410 511 1432 tamen
534 1411 569 1431 an
590 1402 703 1432 fructus
723 1405 842 1434 tulerint
870 1407 939 1435 satis
957 1408 1059 1437 laetos.
1096 1400 1233 1444 ‘Repetiit
1258 1407 1358 1437 Caroli
1379 1408 1471 1443 legem
1497 1405 1687 1442 Moguntiaca
1705 1404 1855 1441 synodus,

337 1460 410 1480 auno
434 1452 676 1483 DCCCXLVffl
703 1454 798 1484 habita
822 1457 902 1494 (8).
943 1457 985 1487 At
1007 1468 1022 1487 e
1048 1458 1172 1495 multis,
1203 1467 1275 1495 quae
1297 1463 1475 1495 supersunt,
1503 1456 1716 1492 concionibus,
1743 1463 1780 1485 ne
1801 1462 1857 1485 una

342 1502 454 1537 quidem
471 1502 577 1534 Latina
594 1505 694 1542 lingua
710 1507 874 1543 conscripta
898 1515 942 1537 est
958 1510 1000 1547 (9
1012 1510 1040 1547 ).

378 1553 471 1591 Quam
492 1554 550 1582 vim
576 1554 676 1584 Caroli
697 1559 775 1595 leges
797 1560 834 1588 de>
851 1561 1061 1597 praedicatione
1082 1563 1112 1592 in
1137 1562 1255 1593 aedibus
1275 1561 1387 1598 sacris,
1411 1559 1635 1598 ipso-vivente,
1656 1558 1806 1588 habuerint
1821 1556 1856 1586 ad

339 1604 473 1633 ecclesiae
504 1603 686 1636 Christianae
711 1611 892 1640 commodum
922 1619 1008 1649 atque
1033 1614 1208 1650 utilitatem,
1234 1613 1371 1642 historica
1399 1618 1584 1641 monumenta
1610 1610 1687 1638 iuius
1715 1608 1854 1645 temporis

338 1656 555 1692 haudquaquam
576 1657 715 1689 indicant.
756 1661 814 1690 Eas
838 1669 932 1692 tamen
960 1664 1007 1700 ple
1034 1672 1192 1700 sancteque
1221 1663 1387 1693 observatas
1410 1670 1473 1690 esse
1500 1661 1637 1697 suspicor
1658 1669 1675 1689 a
1701 1659 1858 1689 sacerdoti·

339 1706 392 1734 bus
416 1714 442 1735 et
470 1708 659 1746 doctoribus,
688 1719 703 1739 e
727 1713 978 1748 praestantissimis
1003 1725 1018 1744 a
1046 1717 1155 1745 Carolo
1179 1715 1304 1744 conditis
1327 1713 1460 1748 scholis,
1492 1712 1646 1749 profectis.
1694 1711 1851 1743 Leidradus

337 1758 457 1794 saltem,
484 1759 731 1797 Archiepiseopus
751 1762 956 1799 Lugdunensis
980 1765 1080 1796 scribit
1099 1768 1134 1796 ad
1156 1767 1377 1804 imperatorem,
1400 1774 1430 1793 se
1454 1764 1484 1793 in
1504 1763 1564 1793 suis
1590 1763 1700 1792 scholis
1718 1760 1851 1790 homines

1807 1813 1855 1843 ha-

375 1890 436 1924 (1)
457 1892 545 1924 Capit.
561 1892 584 1919 Ι.
602 1899 642 1925 ap.
661 1893 764 1926 mansi,
782 1894 809 1921 h.
827 1896 844 1921 1.
862 1903 888 1928 p.
906 1903 978 1930 1090.
1112 1895 1177 1931 (2)
1201 1897 1236 1925 V.
1254 1897 1340 1930 Capit.
1357 1896 1378 1922 Ι.
1396 1895 1428 1922 ai.
1444 1896 1500 1927 813.
1520 1902 1545 1923 e.
1565 1902 1606 1928 14.
1623 1902 1665 1928 ap.
1683 1896 1773 1922 Baluz.
1792 1896 1809 1923 l.
1825 1903 1851 1924 c.

341 1945 366 1969 P·
384 1945 445 1970 503·
578 1939 643 1974 (3)
662 1940 722 1967 Vid.
742 1940 867 1968 Harduin.
885 1943 904 1969 l.
922 1944 938 1970 1.
958 1952 985 1976 p.
1004 1951 1079 1978 1004.
1216 1942 1283 1978 (4)
1303 1943 1423 1969 Harduiu.
1441 1943 1459 1968 1.
1478 1943 1496 1968 1.
1514 1949 1540 1967 c·
1554 1949 1597 1974 25.
1615 1949 1641 1974 p.
1657 1949 1732 1975 104¹·

375 1986 437 2017 (5)
456 1984 580 2010 Harduin.
598 1987 615 2012 l.
630 1987 649 2013 1.
666 1994 691 2012 c.
710 1995 755 2020 14,
775 1995 813 2021 15·
832 1997 858 2021 p.
874 1996 948 2023 1014.
1036 1989 1103 2025 (6)
1122 1990 1244 2028 Har-duin.
1263 1991 1281 2017 1.
1296 1991 1314 2015 l.
1332 1997 1357 2015 c.
1371 1996 1404 2019 2,
1418 1996 1444 2019 4.
1462 1996 1490 2020 p.
1508 1994 1582 2020 1024.
1600 1994 1626 2014 c.
1644 1995 1655 2014 r
1667 1996 1712 2019 ‚2.
1729 1996 1756 2021 p.
1774 1993 1849 2020 1032.

374 2029 440 2064 (7)
459 2031 504 2058 Cf.
524 2032 647 2064 Spiffler,
666 2034 685 2059 l.
701 2034 718 2059 ἰ.
736 2042 761 2066 p.
775 2042 838 2066 252,
856 2043 913 2070 254.
949 2036 1105 2068 Schro'ckh,
1123 2042 1144 2063 t.
1157 2037 1228 2062 XIX.
1247 2044 1274 2068 p.
1290 2041 1450 2068 419—421·

374 2075 435 2111 (8)
456 2077 514 2105 Vid.
532 2078 661 2105 Harduin.
680 2079 698 2107 1.
713 2087 737 2105 c.
756 2085 776 2107 t,
789 2081 822 2106 V·
839 2089 866 2113 p.
880 2082 906 2108 6.
926 2089 951 2109 c.
965 2089 990 2109 2.
1126 2081 1192 2116 (9)
1212 2083 1272 2110 Vid.
1291 2081 1448 2114 Schrockh,
1468 2088 1487 2109 t.
1503 2081 1590 2109 XXII.
1607 2087 1636 2115 Ρ.
1648 2087 1708 2115 501.

1906 2061 1913 2214 —..-,-
1910 1682 1919 2055 Ἣᾳψ
1917 1658 1919 1676 ⁴
1918 1638 1919 1641 „
