1919 2511
324 95 555 127 RESPONSIO
583 101 626 124 AD
656 92 966 132 QUAESTIONEM
996 94 1324 128 THEOLOGICAM.
1545 107 1581 136 39

64 194 107 217 ter
127 188 183 225 iam
205 191 354 215 monuerat
378 184 507 221 synodus
534 182 694 217 Toletana‚
725 189 826 210 versus
857 180 943 210 finem
972 183 1079 212 saeculi
1107 184 1221 220 septimi
1250 184 1344 221 (1),
1374 185 1498 214 Carolus
1521 195 1583 216 non

64 239 173 269 alienus
199 237 291 267 fuisse
312 236 437 264 videtur.
477 234 524 262 Ex
549 233 624 262 libro
654 232 728 261 enim
756 232 817 269 ejus
842 232 960 262 nomine
985 234 1095 271 scripto
1123 242 1269 272 apparet,
1300 245 1362 264 eum
1388 239 1578 274 aequalesque

65 292 137 319 s'uos
168 288 356 318 consuevisse
386 294 445 316 non
478 287 572 314 solum
598 283 732 321 precibus
765 289 794 311 et
824 284 1036 321 eleemosynis,
1066 286 1116 314 sed
1148 286 1231 315 ctiam
1263 295 1357 316 sacrae
1384 296 1489 317 coenae
1522 298 1577 326 ope

64 342 245 369 mortuorum
273 339 396 374 quietern
424 345 504 365 orare
524 336 606 373 (2).

102 390 142 421 Π.
182 390 281 419 Caroli
299 388 402 426 Magni
421 389 456 417 de
481 387 562 416 sacra
581 387 672 416 coena
699 385 868 415 sententiam
891 394 950 415 earn
973 386 1012 416 ob
1036 396 1148 417 causam
1167 388 1289 425 primum
1310 389 1474 419 laudandam
1493 396 1574 426 puta-

47 442 184 477 ·bamus,
206 441 272 477 quia
295 441 396 477 dogma
420 439 492 468 illud
512 438 542 467 icl
566 437 705 474 temporis
727 436 855 465 nondum
875 437 1033 473 publicem
1054 440 1194 477 judicium
1219 447 1294 469 esset
1309 448 1464 477 vocatum3
1484 449 1575 477 quum

45 492 163 522 <eontra
191 492 327 528 quaedam
352 497 514 527 sequuntur
536 488 683 526 religionis
711 488 877 523 doctrinae,
906 498 978 525 quae
1006 490 1181 526 gravissimis
1207 491 1306 521 litibus
1330 499 1358 521 et
1376 492 1573 522 contentioni·

62 543 117 572 bus
145 552 240 577 ansam
270 543 408 573 dederunt
423 561 434 578 ‚
463 550 536 578 quae
557 542 654 577 paullo
689 540 775 570 latius
800 541 982 579 explicandae
1003 543 1149 573 videntur.
1188 544 1284 574 Priina
1307 545 1434 574 occurrit
1460 546 1496 576 lis
1522 546 1580 576 Fe.

46 594 165 624 'liciana
190 596 236 624 vel
258 594 446 631 Adopdana,
475 594 557 631 cujus
584 594 652 622 haec
675 600 720 621 est
745 592 877 623 historia.

45 651 54 659 '
103 645 185 675 Felix
197 666 208 681 ,
231 645 386 682 episcopus
400 643 617 681 Urgellitanus‚
635 653 757 674 necnon
774 645 952 682 Helipandus
963 666 974 681 ,
994 646 1043 682 qui
1059 646 1255 684 episcopatum
1268 646 1439 677 Toletanum
1453 648 1551 681 obibat
1562 661 1576 678 v

62 696 95 725 ea
119 694 198 726 erant
223 695 388 732 sententia,
403 695 501 732 Jesum
519 695 690 732 Christum,
713 703 854 732 quatenus
882 706 916 727 ex
939 697 1043 733 Patre,
1064 698 1174 727 ratione
1194 699 1319 728 humano
1341 699 1456 737 ingenio
1478 709 1571 737 neque

41 745 265 785 -persplcienda
292 755 386 783 neque
411 746 601 783 explicanda,
631 754 695 776 ante
722 749 834 777 saecula
865 755 941 777 esset
966 749 1079 785 genitus
1095 769 1106 785 ‚
1141 758 1240 778 verum
1265 759 1328 779 esse
1359 750 1463 780 Filium
1494 752 1571 789 Dei;

61 806 202 836 quatenus
228 808 298 829 vero
317 807 352 827 ex
376 798 494 833 Maria,
522 806 637 834 semper
655 798 793 835 Virgine,
815 807 927 828 carnem
950 808 1093 828 assumere
1117 800 1249 836 dignatus
1276 807 1372 836 esset,
1393 810 1452 831 non
1472 811 1571 831 verum

61 858 124 879 esse
137 870 148 886 ,
169 850 220 879 sed
241 849 411 887 adoptivum
428 849 483 878 Dei
507 849 611 878 Filium
631 850 710 887 (3).
751 850 800 879 Ad
819 859 901 886 quam
925 851 1092 880 sententiam
1105 872 1116 887 ,
1139 853 1296 881 secundum
1320 853 1420 882 Sacrae
1441 854 1574 891 Scriptu-

59 909 108 930 rae
130 908 303 938 patrumque
324 908 488 931 sanctorum
505 901 588 930 effata
611 900 839 938 dijudicandam,
865 901 989 931 Carolus
1009 911 1084 931 anno
1109 903 1278 932 DCCXCII
1293 904 1448 933 concilium
1475 905 1574 934 Ratis·

57 952 162 982 bonam
186 952 421 990 coegit,'ipsum
445 952 569 981 Felicem
595 960 665 981 vero
693 959 790 980 coram
817 960 849 981 se
875 952 938 981 sisti
956 953 1054 990 Jussit.
1096 953 1194 991 Hujus
1214 954 1379 991 opinionem
1398 955 1497 993 ingens
1517 957 1570 986 ho·

59 1003 168 1034 minum
191 1012 328 1033 numerus
351 1003 590 1040 comprobaverat
609 1003 701 1042 (4);
724 1011 960 1039 oppugnaverant
982 1011 1075 1033 autem
1100 1004 1212 1040 primus
1230 1005 1335 1035 Beatus
1359 1008 1516 1037 monachus
1536 1017 1568 1038 ac

59 1054 218 1090 Etherins,
243 1055 399 1091 episcopus
427 1053 577 1091 Hispanus
610 1055 692 1090 (5).
731 1053 853 1082 Haeresi
876 1061 970 1083 autem
999 1064 1016 1084 a
1047 1055 1173 1084 concilio
1200 1056 1354 1094 damnata,
1382 1060 1570 1089 constitutum

49 1105 123 1143 ese,
153 1106 209 1136 Dei
232 1105 354 1142 Filium,
381 1105 509 1135 hominis
533 1105 624 1134 filium
650 1104 758 1135 factum
776 1124 787 1140 ‚
817 1111 914 1134 natum
941 1114 1003 1134 esse
1033 1106 1190 1136 secundum
1222 1108 1369 1138 veritatem
1395 1117 1511 1139 naturae
1533 1119 1569 1140 ex

50 1157 144 1193 -Deo,
167 1157 224 1186 ‘Dei
247 1156 375 1192 Filium,
395 1156 553 1185 secundum
574 1156 721 1186 veritatem
749 1163 866 1186 naturae
887 1166 921 1186 ex
946 1157 1085 1193 homine,
1107 1159 1231 1188 hominis
1257 1159 1383 1196 Filium,
1403 1167 1437 1190 ut
1461 1161 1572 1192 veritas

46 1207 147 1245 geniti
168 1216 228 1237 non
250 1208 428 1244 adoptione,
457 1216 517 1237 non
539 1208 752 1245 appellatione,
781 1208 832 1236 sed
856 1208 887 1236 in
908 1215 1029 1245 utraque
1058 1208 1206 1238 natIvitate
1231 1210 1297 1239 Filii
1321 1219 1426 1241 nomen
1448 1221 1568 1243 nascen-

57 1258 95 1287 do
119 1258 257 1294 haberet,
283 1265 311 1286 et
338 1265 414 1287 esset
442 1267 526 1287 verus
547 1259 647 1295 Deus,
675 1267 702 1289 et
726 1261 814 1289 homo
837 1269 946 1296 verus,
976 1270 1052 1290 unus
1075 1260 1152 1289 filius
1173 1261 1252 1298 (6).
1293 1262 1417 1291 Felicem
1444 1264 1572 1293 Carolus

55 1305 178 1339 Romam
206 1308 241 1338 ad
264 1308 431 1345 pontificem
458 1310 527 1339 duci·
549 1311 631 1341 fecit.
680 1311 771 1349 Igitur
794 1312 871 1342 facta
894 1312 1086 1350 poenitentiae
1112 1311 1316 1348 confessione,
1345 1313 1426 1342 Felix
1451 1314 1568 1349 opinio-

57 1368 126 1390 nem·
147 1368 227 1389 suam
254 1359 429 1389 abdicavisse
448 1360 559 1398 fertur,
580 1371 612 1392 ac
638 1364 775 1393 meruisse
799 1365 834 1393 ad
860 1365 1012 1401 prIstinum
1039 1364 1144 1393 reverti
1168 1364 1307 1393 honorem
1335 1364 1353 1399 s
1362 1365 1418 1401 7).
1459 1365 1563 1403 Neque

45 1418 151 1442 umen
175 1411 293 1448 penitus
317 1413 473 1441 sententiae
496 1422 564 1442 suae
584 1415 735 1444 valedixit.
775 1416 899 1444 Carolus
925 1415 1023 1451 itaque
1043 1415 1158 1444 nonita
1188 1417 1278 1444 multo
1302 1421 1370 1451 post
1391 1415 1565 1446 Francofur-

58 1469 120 1492 tum
146 1462 300 1499 episcopos
325 1464 520 1500 convocavit,
542 1473 576 1492 ex
593 1466 676 1502 cujus
699 1465 815 1494 concilii
838 1467 909 1495 actis
934 1473 1010 1494 recte
1029 1466 1147 1503 conjicit
1167 1465 1327 1495 Cardinalis
1351 1466 1469 1503 Mami,
1491 1469 1569 1498 Feli-

58 1514 164 1543 cianam
186 1513 336 1548 haeresin,
353 1521 505 1550 postquam
526 1516 560 1544 ab
578 1516 723 1554 episcopis
742 1524 770 1545 et
788 1517 928 1553 pontifice
951 1524 1025 1545 esset
1041 1517 1248 1552 condemnata,
1270 1517 1402 1553 Soletae,
1420 1519 1454 1547 ab
1475 1521 1567 1549 eccle-

56 1563 114 1593 siae
141 1563 286 1600 Hispanae
314 1564 422 1593 carolo
444 1574 504 1594 non
527 1565 665 1603 subjectis
690 1569 869 1604 praesulibus
895 1577 958 1597 esse
980 1575 1122 1604 receptam
1146 1569 1226 1605 (8).
1268 1569 1354 1597 Certe
1375 1570 1445 1599 duae
1464 1578 1567 1606 super·

50 1615 125 1645 {eunt
145 1614 308 1652 epistolae,
334 1624 453 1652 quarum
481 1625 539 1646 una
557 1618 596 1646 ab·
622 1619 762 1656 Elipando
787 1621 911 1655 suisque
930 1620 967 1648 ad
985 1619 1123 1648 Car-olum
1148 1619 1255 1655 scripta
1281 1621 1349 1653 est,
1379 1627 1412 1646 eo
1433 1619 1565 1656 inprimis-

1496 1680 1572 1703 con-

88 1754 110 1789 (
118 1753 155 1787 ι)
173 1752 256 1779 Hard.
272 1754 290 1779 l'.
309 1753 328 1779 Ι.
348 1761 375 1786 p.
386 1754 463 1786 ¹814,
478 1759 540 1786 c.5.
657 1753 675 1789 (
682 1764 695 1782 2
708 1754 727 1790 )
743 1756 802 1783 Vid.
820 1757 842 1783 l..
854 1756 888 1782 de
904 1757 984 1789 impio
1005 1756 1076 1781 cultu
1099 1756 1191 1788 imagg.
1209 1756 1226 1783 1.
1239 1755 1275 1783 Π.
1294 1764 1372 1789 c..31..
1391 1766 1417 1791 p.
1429 1766 1493 1792 245*

92 1799 160 1835 (3)
174 1801 276 1827 Chron.
295 1806 374 1826 muss.
398 1807 426 1832 p.
442 1806 484 1833 75.
509 1807 552 1832 ap.
568 1801 654 1834 Bouq.
672 1801 770 1834 Eginh.
788 1804 857 1829 Anu.
882 1811 910 1836 p.
926 1809 988 1829 211.
1013 1802 1072 1828 1..1.
1516 1796 1518 1798 ’

89 1845 158 1881 (4)-
171 1846 234 1872 Vici.
250 1846 359 1871 Aleuini-
370 1852 413 1878 ep.
429 1853 471 1878 92.
492 1854 556 1880 opp.
576 1854 594 1874 t.
611 1847 635 1875 1.
652 1857 680 1881 p·
701 1849 767 1881 1360·

10 1928 14 1930 Ἴ
90 1891 154 1926 (5)
173 1891 232 1918 Vid.
249 1890 408 1923 Schrc‘ickh,
424 1898 443 1918 t.
458 1892 516 1918 XX.
533 1900 560 1925 p.
573 1894 635 1925 461.
654 1894 759 1926 Henke,
778 1903 806 1928 p.
817 1901 882 1928 530.

49 1945 66 1960 υ
90 1937 157 1970 (6)
175 1938 273 1963 Chron.
290 1944 369 1962 muss-
386 1938 404 1963 1.
422 1937 441 1964 1.
460 1937 556 1970 Eginh
572 1945 630 1964 ann.
649 1940 667 1965 l.
685 1941 708 1966 l.

92 1981 161 2018 εγ)
176 1985 244 2009 Αηη.
262 1982 303 2008 Fr.
320 1982 373 2008 Til.
399 1991 426 2016 p.
443 1991 486 2010 αα.
510 1985 531 2011 l.
547 1985 565 2012 l.
583 1992 641 2012 ann.
657 1986 701 2013 Fr.
718 1985 793 2015 Fuldt
812 1985 907 2019 Eginfi.
929 1993 988 2012 aim.
1010 1993 1038 2018 p:
1051 1993 1113 2011 200.
1137 1986 1155 2012 1.
1178 1986 1197 2013 l.
1221 1993 1278 2015 ann.
1304 1987 1384 2016 Puer.
1404 1988 1462 2015 sax.
1489 1990 1507 2017 1.
1525 1990 1569 2017 lt.

61 2034 119 2060 11⁴..
135 2036 193 2062 sqq,-
225 2027 289 2055 vid.
306 2027 401 2054 Mansi
410 2028 449 2055 T.
458 2029 541 2056 xm.
553 2037 586 2062 p.
598 2031 656 2063 852.
674 2038 719 2063 sq..
853 2030 917 2065 (8)
934 2031 958 2059 Ι.
971 2032 989 2059 Ι.
1006 2039 1034 2064 p.
1051 2032 1114 2064 857.
