<?xml version="1.0" encoding="UTF-8"?>
<!DOCTYPE html PUBLIC "-//W3C//DTD XHTML 1.0 Transitional//EN"
    "http://www.w3.org/TR/xhtml1/DTD/xhtml1-transitional.dtd">
<html xmlns="http://www.w3.org/1999/xhtml" xml:lang="en" lang="en">
 <head>
  <title>
</title>
<meta http-equiv="Content-Type" content="text/html;charset=utf-8" />
  <meta name='ocr-system' content='tesseract 3.04.00' />
  <meta name='ocr-capabilities' content='ocr_page ocr_carea ocr_par ocr_line ocrx_word'/>
</head>
<body>
  <div class='ocr_page' id='page_1' title='image "annalesacademiae24rijk_0231.png"; bbox 0 0 1919 2511; ppageno 0'>
   <div class='ocr_carea' id='block_1_1' title="bbox 124 289 1540 382">
    <p class='ocr_par' dir='ltr' id='par_1_1' title="bbox 124 289 1540 382">
     <span class='ocr_line' id='line_1_1' title="bbox 124 289 1540 382; baseline 0.004 -33"><span class='ocrx_word' id='word_1_1' title='bbox 124 293 414 351; x_wconf 85' lang='lat' dir='ltr'>PETRI</span> <span class='ocrx_word' id='word_1_2' title='bbox 503 289 1032 351; x_wconf 82' lang='lat' dir='ltr'><strong>ABRAHAMI</strong></span> <span class='ocrx_word' id='word_1_3' title='bbox 1123 297 1540 382; x_wconf 74' lang='lat' dir='ltr'><strong>JELTES‚</strong></span> 
     </span>
    </p>
   </div>
   <div class='ocr_carea' id='block_1_2' title="bbox 608 417 1063 450">
    <p class='ocr_par' dir='ltr' id='par_1_2' title="bbox 608 417 1063 450">
     <span class='ocr_line' id='line_1_2' title="bbox 608 417 1063 450; baseline 0.011 -10"><span class='ocrx_word' id='word_1_4' title='bbox 608 417 1063 450; x_wconf 73' lang='lat' dir='ltr'><strong>HARLEMENSIS‚</strong></span> 
     </span>
    </p>
   </div>
   <div class='ocr_carea' id='block_1_3' title="bbox 83 543 1582 582">
    <p class='ocr_par' dir='ltr' id='par_1_3' title="bbox 83 543 1582 582">
     <span class='ocr_line' id='line_1_3' title="bbox 83 543 1582 582; baseline 0.002 -6"><span class='ocrx_word' id='word_1_5' title='bbox 83 544 367 578; x_wconf 81' lang='lat' dir='ltr'>MEDICINAE</span> <span class='ocrx_word' id='word_1_6' title='bbox 392 545 445 577; x_wconf 91' lang='lat' dir='ltr'><em>IN</em></span> <span class='ocrx_word' id='word_1_7' title='bbox 475 543 748 579; x_wconf 84' lang='lat' dir='ltr'><strong>ACADEMIA</strong></span> <span class='ocrx_word' id='word_1_8' title='bbox 777 546 1265 580; x_wconf 81' lang='lat' dir='ltr'><strong>LUGDUNo-BATAVA</strong></span> <span class='ocrx_word' id='word_1_9' title='bbox 1292 548 1582 582; x_wconf 78' lang='lat' dir='ltr'><strong>CANDIDATI.</strong></span> 
     </span>
    </p>
   </div>
   <div class='ocr_carea' id='block_1_4' title="bbox 357 702 1309 784">
    <p class='ocr_par' dir='ltr' id='par_1_4' title="bbox 357 702 1309 784">
     <span class='ocr_line' id='line_1_4' title="bbox 357 702 1309 784; baseline 0.004 -4"><span class='ocrx_word' id='word_1_10' title='bbox 357 702 1309 784; x_wconf 82' lang='lat' dir='ltr'>RESPONSIO</span> 
     </span>
    </p>
   </div>
   <div class='ocr_carea' id='block_1_5' title="bbox 797 895 876 920">
    <p class='ocr_par' dir='ltr' id='par_1_5' title="bbox 797 895 876 920">
     <span class='ocr_line' id='line_1_5' title="bbox 797 895 876 920; baseline 0 0"><span class='ocrx_word' id='word_1_11' title='bbox 797 895 876 920; x_wconf 81' lang='lat' dir='ltr'><em>AD</em></span> 
     </span>
    </p>
   </div>
   <div class='ocr_carea' id='block_1_6' title="bbox 121 1017 1558 1137">
    <p class='ocr_par' dir='ltr' id='par_1_6' title="bbox 121 1017 1558 1137">
     <span class='ocr_line' id='line_1_6' title="bbox 121 1017 1558 1063; baseline 0.001 -8"><span class='ocrx_word' id='word_1_12' title='bbox 121 1017 512 1063; x_wconf 83' lang='lat' dir='ltr'><strong>QUAESTIONEM</strong></span> <span class='ocrx_word' id='word_1_13' title='bbox 545 1018 612 1055; x_wconf 91' lang='lat' dir='ltr'><em>AB</em></span> <span class='ocrx_word' id='word_1_14' title='bbox 646 1017 854 1055; x_wconf 87' lang='lat' dir='ltr'>ORDINE</span> <span class='ocrx_word' id='word_1_15' title='bbox 887 1017 1215 1057; x_wconf 86' lang='lat' dir='ltr'>MEDICORUM</span> <span class='ocrx_word' id='word_1_16' title='bbox 1249 1020 1558 1059; x_wconf 70' lang='lat' dir='ltr'><strong>ACADEMIAE</strong></span> 
     </span>
     <span class='ocr_line' id='line_1_7' title="bbox 177 1090 1509 1137; baseline 0.004 -10"><span class='ocrx_word' id='word_1_17' title='bbox 177 1090 759 1137; x_wconf 70' lang='lat' dir='ltr'><strong>LUGDUNO-BATAVAE,</strong></span> <span class='ocrx_word' id='word_1_18' title='bbox 788 1092 837 1129; x_wconf 89' lang='lat' dir='ltr'><em>A.</em></span> <span class='ocrx_word' id='word_1_19' title='bbox 866 1100 1122 1133; x_wconf 84' lang='lat' dir='ltr'>MDCCCXXIV.</span> <span class='ocrx_word' id='word_1_20' title='bbox 1148 1092 1509 1132; x_wconf 78' lang='lat' dir='ltr'><strong>PROPOSl&#39;l&#39;AM:</strong></span> 
     </span>
    </p>
   </div>
   <div class='ocr_carea' id='block_1_7' title="bbox 87 1233 1603 1841">
    <p class='ocr_par' dir='ltr' id='par_1_7' title="bbox 87 1233 1603 1841">
     <span class='ocr_line' id='line_1_8' title="bbox 87 1233 1599 1285; baseline 0.003 -16"><span class='ocrx_word' id='word_1_21' title='bbox 87 1233 339 1270; x_wconf 81' lang='lat' dir='ltr'><em>Instrumenta</em></span> <span class='ocrx_word' id='word_1_22' title='bbox 362 1236 468 1269; x_wconf 77' lang='lat' dir='ltr'><em>varia</em></span> <span class='ocrx_word' id='word_1_23' title='bbox 496 1236 612 1270; x_wconf 78' lang='lat' dir='ltr'><em>variis</em></span> <span class='ocrx_word' id='word_1_24' title='bbox 641 1236 863 1283; x_wconf 71' lang='lat' dir='ltr'><em>temporibus</em></span> <span class='ocrx_word' id='word_1_25' title='bbox 889 1237 1039 1273; x_wconf 76' lang='lat' dir='ltr'><em>inventa</em></span> <span class='ocrx_word' id='word_1_26' title='bbox 1067 1243 1176 1283; x_wconf 84' lang='lat' dir='ltr'><em>sunt,</em></span> <span class='ocrx_word' id='word_1_27' title='bbox 1212 1236 1340 1285; x_wconf 82' lang='lat' dir='ltr'><em>quibus</em></span> <span class='ocrx_word' id='word_1_28' title='bbox 1370 1236 1513 1272; x_wconf 73' lang='lat' dir='ltr'><em>humeri</em></span> <span class='ocrx_word' id='word_1_29' title='bbox 1543 1239 1599 1273; x_wconf 86' lang='lat' dir='ltr'><em>lu-</em></span> 
     </span>
     <span class='ocr_line' id='line_1_9' title="bbox 135 1294 1596 1346; baseline 0.003 -16"><span class='ocrx_word' id='word_1_30' title='bbox 135 1296 218 1330; x_wconf 86' lang='lat' dir='ltr'><em>xati</em></span> <span class='ocrx_word' id='word_1_31' title='bbox 247 1295 287 1330; x_wconf 85' lang='lat' dir='ltr'><em>in</em></span> <span class='ocrx_word' id='word_1_32' title='bbox 312 1294 428 1330; x_wconf 89' lang='lat' dir='ltr'><em>locum</em></span> <span class='ocrx_word' id='word_1_33' title='bbox 452 1302 735 1344; x_wconf 76' lang='lat' dir='ltr'><em>reponerentur,</em></span> <span class='ocrx_word' id='word_1_34' title='bbox 762 1295 830 1332; x_wconf 86' lang='lat' dir='ltr'><em>sed</em></span> <span class='ocrx_word' id='word_1_35' title='bbox 847 1300 1078 1346; x_wconf 78' lang='lat' dir='ltr'><em>experientia</em></span> <span class='ocrx_word' id='word_1_36' title='bbox 1096 1299 1225 1334; x_wconf 87' lang='lat' dir='ltr'><em>multis</em></span> <span class='ocrx_word' id='word_1_37' title='bbox 1247 1298 1287 1332; x_wconf 84' lang='lat' dir='ltr'><em>in</em></span> <span class='ocrx_word' id='word_1_38' title='bbox 1314 1298 1420 1332; x_wconf 86' lang='lat' dir='ltr'><em>rebus</em></span> <span class='ocrx_word' id='word_1_39' title='bbox 1448 1299 1596 1343; x_wconf 85' lang='lat' dir='ltr'><em>docuit,</em></span> 
     </span>
     <span class='ocr_line' id='line_1_10' title="bbox 125 1355 1597 1410; baseline 0.003 -19"><span class='ocrx_word' id='word_1_40' title='bbox 125 1355 288 1404; x_wconf 83' lang='lat' dir='ltr'><em>facilem</em></span> <span class='ocrx_word' id='word_1_41' title='bbox 314 1367 443 1392; x_wconf 86' lang='lat' dir='ltr'><em>manus</em></span> <span class='ocrx_word' id='word_1_42' title='bbox 472 1358 588 1405; x_wconf 86' lang='lat' dir='ltr'><em>ipsius</em></span> <span class='ocrx_word' id='word_1_43' title='bbox 614 1368 715 1392; x_wconf 83' lang='lat' dir='ltr'><em>usum</em></span> <span class='ocrx_word' id='word_1_44' title='bbox 730 1357 854 1405; x_wconf 84' lang='lat' dir='ltr'><em>fuisse</em></span> <span class='ocrx_word' id='word_1_45' title='bbox 886 1360 1093 1406; x_wconf 85' lang='lat' dir='ltr'><em>meliorem,</em></span> <span class='ocrx_word' id='word_1_46' title='bbox 1121 1371 1229 1410; x_wconf 85' lang='lat' dir='ltr'><em>quam</em></span> <span class='ocrx_word' id='word_1_47' title='bbox 1261 1361 1597 1396; x_wconf 68' lang='lat' dir='ltr'><em>instrumentorum.</em></span> 
     </span>
     <span class='ocr_line' id='line_1_11' title="bbox 138 1417 1599 1469; baseline 0.001 -15"><span class='ocrx_word' id='word_1_48' title='bbox 138 1417 247 1455; x_wconf 65' lang='lat' dir='ltr'><em>Data</em></span> <span class='ocrx_word' id='word_1_49' title='bbox 276 1419 403 1467; x_wconf 82' lang='lat' dir='ltr'><em>itaque</em></span> <span class='ocrx_word' id='word_1_50' title='bbox 432 1418 647 1468; x_wconf 84' lang='lat' dir='ltr'><em>definitione</em></span> <span class='ocrx_word' id='word_1_51' title='bbox 663 1420 862 1455; x_wconf 83' lang='lat' dir='ltr'><em>laxationis</em></span> <span class='ocrx_word' id='word_1_52' title='bbox 891 1422 981 1455; x_wconf 86' lang='lat' dir='ltr'><em>ossis</em></span> <span class='ocrx_word' id='word_1_53' title='bbox 1009 1420 1175 1466; x_wconf 72' lang='lat' dir='ltr'><em>humeri,</em></span> <span class='ocrx_word' id='word_1_54' title='bbox 1202 1421 1350 1469; x_wconf 82' lang='lat' dir='ltr'><em>ejusque</em></span> <span class='ocrx_word' id='word_1_55' title='bbox 1374 1420 1599 1456; x_wconf 82' lang='lat' dir='ltr'><em>diversarum</em></span> 
     </span>
     <span class='ocr_line' id='line_1_12' title="bbox 138 1480 1599 1531; baseline 0.001 -17"><span class='ocrx_word' id='word_1_56' title='bbox 138 1480 360 1528; x_wconf 85' lang='lat' dir='ltr'><em>specierum,</em></span> <span class='ocrx_word' id='word_1_57' title='bbox 388 1480 550 1516; x_wconf 78' lang='lat' dir='ltr'><em>breviter</em></span> <span class='ocrx_word' id='word_1_58' title='bbox 571 1488 774 1529; x_wconf 82' lang='lat' dir='ltr'><em>exponant,</em></span> <span class='ocrx_word' id='word_1_59' title='bbox 802 1483 864 1531; x_wconf 84' lang='lat' dir='ltr'><em>qui</em></span> <span class='ocrx_word' id='word_1_60' title='bbox 897 1482 1033 1528; x_wconf 74' lang='lat' dir='ltr'><em>velint,</em></span> <span class='ocrx_word' id='word_1_61' title='bbox 1061 1481 1199 1517; x_wconf 77' lang='lat' dir='ltr'><em>diversi</em></span> <span class='ocrx_word' id='word_1_62' title='bbox 1223 1484 1335 1527; x_wconf 88' lang='lat' dir='ltr'><em>situs,</em></span> <span class='ocrx_word' id='word_1_63' title='bbox 1365 1481 1599 1531; x_wconf 78' lang='lat' dir='ltr'><em>diversaeque</em></span> 
     </span>
     <span class='ocr_line' id='line_1_13' title="bbox 139 1539 1603 1591; baseline 0 -14"><span class='ocrx_word' id='word_1_64' title='bbox 139 1539 357 1577; x_wconf 66' lang='lat' dir='ltr'><em>directionis</em></span> <span class='ocrx_word' id='word_1_65' title='bbox 380 1542 563 1577; x_wconf 86' lang='lat' dir='ltr'><em>rationem</em></span> <span class='ocrx_word' id='word_1_66' title='bbox 589 1543 704 1591; x_wconf 88' lang='lat' dir='ltr'><em>ipsius</em></span> <span class='ocrx_word' id='word_1_67' title='bbox 730 1544 818 1578; x_wconf 89' lang='lat' dir='ltr'><em>ossis</em></span> <span class='ocrx_word' id='word_1_68' title='bbox 840 1543 984 1578; x_wconf 84' lang='lat' dir='ltr'><em>lzumeri</em></span> <span class='ocrx_word' id='word_1_69' title='bbox 1002 1543 1057 1580; x_wconf 84' lang='lat' dir='ltr'><em>ad</em></span> <span class='ocrx_word' id='word_1_70' title='bbox 1084 1551 1249 1579; x_wconf 87' lang='lat' dir='ltr'><em>centrum</em></span> <span class='ocrx_word' id='word_1_71' title='bbox 1279 1545 1454 1579; x_wconf 78' lang='lat' dir='ltr'><em>cavitatis</em></span> <span class='ocrx_word' id='word_1_72' title='bbox 1475 1555 1603 1591; x_wconf 81' lang='lat' dir='ltr'><em>scapu-</em></span> 
     </span>
     <span class='ocr_line' id='line_1_14' title="bbox 138 1602 1601 1652; baseline 0.001 -15"><span class='ocrx_word' id='word_1_73' title='bbox 138 1602 222 1647; x_wconf 89' lang='lat' dir='ltr'><em>lae,</em></span> <span class='ocrx_word' id='word_1_74' title='bbox 249 1613 313 1637; x_wconf 86' lang='lat' dir='ltr'><em>nec</em></span> <span class='ocrx_word' id='word_1_75' title='bbox 332 1614 401 1639; x_wconf 87' lang='lat' dir='ltr'><em>non</em></span> <span class='ocrx_word' id='word_1_76' title='bbox 418 1603 677 1649; x_wconf 87' lang='lat' dir='ltr'><em>musculorum,</em></span> <span class='ocrx_word' id='word_1_77' title='bbox 699 1603 794 1640; x_wconf 75' lang='lat' dir='ltr'><em>lianc</em></span> <span class='ocrx_word' id='word_1_78' title='bbox 813 1606 1113 1642; x_wconf 82' lang='lat' dir='ltr'><em>articulationem</em></span> <span class='ocrx_word' id='word_1_79' title='bbox 1137 1607 1356 1642; x_wconf 80' lang='lat' dir='ltr'><em>moventium</em></span> <span class='ocrx_word' id='word_1_80' title='bbox 1371 1633 1384 1652; x_wconf 90' lang='lat'><em>,</em></span> <span class='ocrx_word' id='word_1_81' title='bbox 1410 1607 1450 1640; x_wconf 83' lang='lat' dir='ltr'><em>in</em></span> <span class='ocrx_word' id='word_1_82' title='bbox 1474 1606 1601 1652; x_wconf 81' lang='lat' dir='ltr'><em>singu-</em></span> 
     </span>
     <span class='ocr_line' id='line_1_15' title="bbox 138 1663 1602 1713; baseline 0.001 -14"><span class='ocrx_word' id='word_1_83' title='bbox 138 1663 185 1699; x_wconf 83' lang='lat' dir='ltr'><em>lis</em></span> <span class='ocrx_word' id='word_1_84' title='bbox 211 1663 410 1699; x_wconf 74' lang='lat' dir='ltr'><em>laxationis</em></span> <span class='ocrx_word' id='word_1_85' title='bbox 438 1666 643 1713; x_wconf 83' lang='lat' dir='ltr'><em>speciebus,</em></span> <span class='ocrx_word' id='word_1_86' title='bbox 671 1674 710 1702; x_wconf 92' lang='lat' dir='ltr'><em>et</em></span> <span class='ocrx_word' id='word_1_87' title='bbox 738 1667 883 1704; x_wconf 77' lang='lat' dir='ltr'><em>brevem</em></span> <span class='ocrx_word' id='word_1_88' title='bbox 908 1667 1024 1704; x_wconf 80' lang='lat' dir='ltr'><em>omnis</em></span> <span class='ocrx_word' id='word_1_89' title='bbox 1045 1667 1178 1703; x_wconf 80' lang='lat' dir='ltr'><em>auxilii</em></span> <span class='ocrx_word' id='word_1_90' title='bbox 1205 1667 1386 1702; x_wconf 88' lang='lat' dir='ltr'><em>manualis</em></span> <span class='ocrx_word' id='word_1_91' title='bbox 1405 1673 1444 1701; x_wconf 84' lang='lat' dir='ltr'><em>et</em></span> <span class='ocrx_word' id='word_1_92' title='bbox 1463 1667 1602 1701; x_wconf 85' lang='lat' dir='ltr'><em>instru-</em></span> 
     </span>
     <span class='ocr_line' id='line_1_16' title="bbox 140 1724 1601 1767; baseline 0.004 -10"><span class='ocrx_word' id='word_1_93' title='bbox 140 1725 312 1759; x_wconf 85' lang='lat' dir='ltr'><em>mentalis</em></span> <span class='ocrx_word' id='word_1_94' title='bbox 348 1724 543 1762; x_wconf 78' lang='lat' dir='ltr'><em>historiam</em></span> <span class='ocrx_word' id='word_1_95' title='bbox 573 1727 785 1765; x_wconf 86' lang='lat' dir='ltr'><em>literariam</em></span> <span class='ocrx_word' id='word_1_96' title='bbox 826 1730 944 1767; x_wconf 87' lang='lat' dir='ltr'><em>omnis</em></span> <span class='ocrx_word' id='word_1_97' title='bbox 974 1730 1056 1767; x_wconf 76' lang='lat' dir='ltr'><em>aevi</em></span> <span class='ocrx_word' id='word_1_98' title='bbox 1088 1730 1129 1767; x_wconf 83' lang='lat' dir='ltr'><em>in</em></span> <span class='ocrx_word' id='word_1_99' title='bbox 1158 1729 1428 1766; x_wconf 76' lang='lat' dir='ltr'><em>restitutionem</em></span> <span class='ocrx_word' id='word_1_100' title='bbox 1459 1728 1601 1765; x_wconf 74' lang='lat' dir='ltr'><em>humeri</em></span> 
     </span>
     <span class='ocr_line' id='line_1_17' title="bbox 137 1785 893 1841; baseline 0.011 -21"><span class='ocrx_word' id='word_1_101' title='bbox 137 1785 276 1832; x_wconf 78' lang='lat' dir='ltr'><em>laxati,</em></span> <span class='ocrx_word' id='word_1_102' title='bbox 303 1798 384 1822; x_wconf 87' lang='lat' dir='ltr'><em>cum</em></span> <span class='ocrx_word' id='word_1_103' title='bbox 411 1787 576 1836; x_wconf 86' lang='lat' dir='ltr'><em>ejusdem</em></span> <span class='ocrx_word' id='word_1_104' title='bbox 599 1789 701 1827; x_wconf 75' lang='lat' dir='ltr'><em>brevi</em></span> <span class='ocrx_word' id='word_1_105' title='bbox 724 1792 893 1841; x_wconf 62' lang='lat' dir='ltr'><em>epicrisi.v</em></span> 
     </span>
    </p>
   </div>
   <div class='ocr_carea' id='block_1_8' title="bbox 280 1924 1416 2019">
    <p class='ocr_par' dir='ltr' id='par_1_8' title="bbox 280 1924 1416 2019">
     <span class='ocr_line' id='line_1_18' title="bbox 280 1924 1416 1964; baseline 0.002 -8"><span class='ocrx_word' id='word_1_106' title='bbox 280 1924 410 1964; x_wconf 84' lang='lat' dir='ltr'><strong>QUAE</strong></span> <span class='ocrx_word' id='word_1_107' title='bbox 436 1926 701 1960; x_wconf 85' lang='lat' dir='ltr'>PRAEMIUM</span> <span class='ocrx_word' id='word_1_108' title='bbox 727 1929 1051 1962; x_wconf 84' lang='lat' dir='ltr'><strong>REPORTAVIT</strong></span> <span class='ocrx_word' id='word_1_109' title='bbox 1079 1927 1120 1961; x_wconf 86' lang='lat' dir='ltr'><em>D.</em></span> <span class='ocrx_word' id='word_1_110' title='bbox 1150 1936 1211 1961; x_wconf 76' lang='lat' dir='ltr'><em>vm</em></span> <span class='ocrx_word' id='word_1_111' title='bbox 1238 1928 1416 1961; x_wconf 89' lang='lat' dir='ltr'><strong>MENSIS</strong></span> 
     </span>
     <span class='ocr_line' id='line_1_19' title="bbox 546 1983 1155 2019; baseline 0.002 -3"><span class='ocrx_word' id='word_1_112' title='bbox 546 1983 819 2018; x_wconf 85' lang='lat' dir='ltr'>FEBRUARII</span> <span class='ocrx_word' id='word_1_113' title='bbox 848 1987 887 2019; x_wconf 84' lang='grc' dir='ltr'><em>Δ.</em></span> <span class='ocrx_word' id='word_1_114' title='bbox 921 1993 1155 2019; x_wconf 72' lang='lat' dir='ltr'><em>nncccxxv.</em></span> 
     </span>
    </p>
   </div>
  </div>
 </body>
</html>
