1919 2511
288 159 364 192 '44
777 149 1347 182 ANNOTATIO.

349 243 429 273 XVI.
453 240 588 279 Lfflredc
607 248 639 279 op
657 241 720 271 Mr.
744 250 777 270 n.
800 248 834 269 c.
857 247 970 268 etms.
1007 237 1132 267 Praefixa
1155 245 1199 268 est
1223 239 1289 268 haec
1309 239 1470 276 parentatio
1497 239 1577 276 operi
1600 239 1735 277 Belgico,
1757 240 1803 269 eui

449 294 552 322 titulus
570 299 633 321 esta
653 292 833 330 Nagelatene
849 288 1097 326 Verhandelingen
1111 299 1144 318 en
1159 289 1389 329 Redmoert'ngen
1406 298 1462 319 van
1474 290 1541 319 Mr.
1565 298 1598 320 Η.
1622 299 1652 322 c.
1674 301 1691 321 c
1707 299 1726 321 R
1739 301 1757 321 A
1769 300 1783 320 s
1796 311 1806 327 ‚

451 345 475 374 11
493 345 611 375 Deelen.
650 344 745 373 Amst.
766 343 860 378 1822,
882 343 1025 380 cujusque
1044 340 1130 370 editio
1151 350 1167 370 a
1186 349 1324 370 KEMPE
1337 349 1385 369 no
1406 349 1500 370 curata
1523 348 1579 371 est.

333 433 425 466 xvn.
450 431 535 468 Brief
544 441 603 460 aem
629 441 662 462 n.
681 440 714 460 u.
737 440 755 460 K
767 440 812 460 nv
825 440 867 466 N,
889 431 974 467 (over
991 430 1040 458 het
1057 437 1132 458 ware
1153 436 1285 466 oogpunt
1301 430 1470 459 waaruitde
1482 429 1688 459 Gcschicdenis
1705 439 1795 460 onzes

447 483 622 514 Vaderlands
659 482 835 511 beschouwd
870 489 947 510 moet
975 481 1120 517 worden)
1139 501 1148 513 ‚
1190 480 1295 510 inserta
1337 480 1505 518 praesationi
1537 480 1676 509 Pol-‘matis
1706 491 1741 511 ιι.
1771 491 1803 514 n.

451 544 468 563 κ
482 544 526 563 nx*
538 543 580 570 Ν,
601 533 635 561 de
656 531 835 563 Heldendood
852 541 907 561 van
926 531 974 561 M.
996 531 1033 561 A.
1051 530 1085 559 de
1101 531 1217 563 leniter.
1255 532 1351 562 Amst.
1375 533 1458 568 1823.

388 623 537 653 Nonnulla
556 630 671 658 quoque
697 621 774 651 illius
799 621 904 658 scripta
935 621 1044 650 minora
1076 626 1185 650 exstant
1212 619 1241 649 in
1271 620 1512 656 Ephemeridibus
1537 619 1661 656 Belgicis
1691 621 1794 651 dictis:

332 674 366 702 de
384 676 537 712 algenzeene
556 673 657 701 Konst-
675 682 708 701 cn
726 672 913 708 Letterbode,
935 678 962 700 et
982 671 1138 708 praecipue
1166 671 1194 700 in
1217 671 1272 706 iis,
1296 671 1402 707 quibus
1428 671 1530 699 titulus
1557 677 1620 700 est:
1643 670 1678 699 dc
1701 671 1808 701 Recen-

332 733 391 753 scm
417 726 464 754 ool:
492 723 543 752 cler
570 723 778 751 Recensemn:
812 732 912 752 verum
938 723 1008 753 haec
1038 731 1186 752 recensere
1212 723 1305 753 minus
1323 722 1513 752 necessarlum
1539 723 1634 757 duc0;
1659 724 1804 758 quomodo

333 784 427 811 neque
451 774 613 811 singulatim
636 774 780 802 recenseri
808 780 934 810 vpossunt
968 774 1126 804 sententiae
1153 780 1180 802 et
1208 774 1354 802 orationes
1381 781 1594 812 KEMPERJ,
1618 781 1717 810 graves
1743 773 1807 804 illae

330 833 358 854 et
382 826 539 862 copiosae,
562 825 591 853 in
609 831 754 853 conventu
772 824 841 854 00.
858 823 930 853 GG.
962 823 1055 860 Regni
1079 823 1213 859 habitae,
1234 824 1390 860 diariisque
1409 823 1557 860 publicis,
1580 825 1744 860 praesertim
1765 826 1800 854 il·

332 876 351 904 li
376 878 453 912 quod
473 876 576 904 dicitur
601 874 634 903 de
658 875 923 913 &ants-Comum,
946 875 1079 904 insertae.
1127 873 1174 902 Eo
1198 874 1292 904 minus
1320 881 1411 903 antem
1444 880 1567 910 possunt
1592 874 1711 910 referrI,
1741 875 1808 912 quia

329 927 445 956 dicenda
470 935 519 955 sua
537 935 600 956 non
621 926 655 955 ‘in
679 925 795 963 scriptis
822 934 997 963 componere
1024 933 1051 954 et
1071 934 1239 961 praeparare
1255 925 1386 960 solebat,
1405 926 1456 953 sed
1485 932 1572 961 prout
1600 932 1645 953 res
1670 925 1806 955 inciderat

329 985 356 1006 et
376 979 520 1014 postulare
544 976 709 1010 videretur,
731 976 849 1012 eloquio
869 986 944 1010 suo,
969 984 1027 1012 quo
1047 976 1194 1012 pollebat,
1217 975 1304 1005 verba
1323 974 1426 1004 facere.
1467 975 1563 1004 Musis
1584 975 1667 1004 etiam
1690 975 1803 1005 felicem

328 1037 443 1065 operam
466 1028 577 1057 dedisse
597 1036 676 1057 REM
688 1036 847 1064 PERUM,
865 1030 952 1057 multa
965 1027 1107 1061 carmina,
1122 1026 1151 1055 in
1168 1026 1323 1055 amicorum
1345 1034 1428 1055 usum
1446 1026 1524 1062 typis
1540 1026 1702 1062 descripta,
1724 1028 1804 1056 lucu-

330 1081 421 1108 lenter
449 1079 591 1115 probant3
623 1088 711 1115 quum
732 1085 826 1110 tamen
849 1079 883 1111 ad
911 1079 1053 1115 publicam
1080 1078 1211 1111 notitiam
1238 1078 1286 1107 vix
1305 1078 1510 1117 pervenerint,
1539 1077 1574 1107 iis
1593 1085 1710 1117 quoque
1731 1087 1803 1111 emr-

330 1130 468 1159 merandis
489 1130 718 1167 supersedemus.
