1919 2511
220 111 264 132 ,η
680 96 710 126 J.
799 105 938 127 VAN
1024 95 1279 135 HA-LL

220 185 301 230 bus,
325 191 467 226 quorum
490 191 558 214 non
583 179 648 214 nisi
670 179 793 214 indicia
815 180 979 224 quaedam
997 181 1033 214 in
1051 179 1228 216 Pandectis
1247 179 1383 224 aliisque
1403 185 1551 215 veterum
1570 186 1691 215 aueto-

221 251 296 273 rum
319 237 409 271 libris
432 242 622 278 exstarent,
648 239 749 280 Lege
762 250 811 270 x11
838 236 1062 269 Tabularum
1083 241 1115 269 et
1137 235 1270 269 Edicto
1291 238 1490 280 Petpetzao.

267 298 310 328 Et
336 296 370 327 in
395 292 596 326 restituenda
627 293 759 336 quidem
788 293 855 336 lege
881 292 1107 333 decemvirali,
1137 297 1210 334 post
1232 304 1371 330 rumve.
1395 304 1635 325 BALnumum
1660 299 1692 326 et

226 362 548 391 ΠοΤΤοΜΛΝΝυΜ,
572 348 855 389 Franco-Galim,
878 360 955 380 ue.
977 360 1246 390 RAEVARDUM,
1281 357 1379 391 quem
1405 350 1473 390 jam
1504 347 1692 390 nominavi,

228 415 260 441 ct
286 420 426 440 Tnsson.
450 417 700 444 immunem,
731 404 846 446 Belgas
873 409 1046 446 utrosque,
1069 404 1128 436 sed
1145 409 1302 447 utrosque
1324 403 1610 436 Franco—Gallicis
1631 404 1695 437 do-

229 469 325 498 natos
350 461 530 500 cathedris,
553 459 706 493 omnium
728 458 821 491 facile
846 459 979 492 laudem
1005 458 1195 494 obscuravit
1224 472 1335 499 nur.
1366 471 1546 501 MERULA,
1578 461 1696 493 Histo—

228 519 354 552 riarum
379 519 414 551 in
439 515 618 550 Academia
637 515 943 558 Lugduno-Batavzi
969 514 1160 557 Professor,
1191 514 1248 559 qui
1267 525 1328 548 suo
1349 516 1419 558 ipse
1442 516 1592 558 exemplo
1615 526 1696 558 pro-

230 576 336 616 bavit,
360 573 401 606 ab
422 584 460 606 eo
483 572 619 605 demum
636 581 750 605 verani
769 571 850 613 juris
869 571 1032 603 rationem
1049 571 1200 614 intelligi,
1223 572 1279 615 qui
1295 571 1382 604 idem
1398 571 1553 603 historiae
1570 570 1613 604 sit
1633 582 1697 615 pe-

226 631 415 664 ritissimus.
460 628 537 660 Fuit
556 626 645 660 enim
662 625 717 659 hie
734 627 784 661 vir
801 627 957 666 eximiuS,
983 625 1040 669 qui
1057 636 1098 659 ex
1121 625 1338 670 scriptoribus
1356 626 1500 670 antiquis
1519 626 1696 670 colligeret,

229 685 388 731 quidquid
414 685 463 720 vel
486 682 588 718 verba
613 681 690 726 legis
709 696 758 715 ΧΠ
783 681 990 715 Tabularum
1015 683 1222 724 contineret,
1251 683 1302 716 vel
1330 685 1401 725 ejus
1422 682 1620 716 sententiam
1641 683 1697 717 in-

229 744 353 776 dicaret
360 755 370 782 3
394 739 450 785 qui
473 739 599 783 lapides
618 744 650 772 et
670 748 840 771 marmora
862 738 1017 770 lustraret
1024 750 1035 778 5
1059 748 1143 781 quae
1163 737 1227 770 hac
1249 739 1374 771 ratione
1398 738 1594 780 invenisset,
1619 750 1697 772 cum

230 796 442 843 fragmean
473 795 509 830 in
542 787 717 828 Pandectis
746 793 869 835 obviiS,
899 793 1012 826 sedulo
1041 793 1203 826 conferret
1211 807 1221 834 3
1255 800 1352 837 atque
1375 795 1421 827 ita
1449 794 1577 838 primus
1607 795 1695 837 fere,

229 856 315 898 justa
337 853 482 894 ratione,
512 850 621 895 ipsam
642 850 813 894 antiquam
834 851 940 893 legem
963 849 1216 883 decemviralem
1234 849 1405 883 restituere
1428 856 1603 883 conaretur
1626 851 1696 894 (1).

231 910 331 955 Quod
353 909 510 954 perficere
535 912 673 940 conatus
695 913 762 948 est,
784 905 885 939 nimis
912 904 1010 938 celeri
1031 911 1135 938 morte
1154 912 1352 949 occupatus,
1381 917 1559 947 MERULA,
1587 906 1698 949 perfe-

230 967 275 1000 cit
296 979 372 1000 JAc.
396 975 711 1004 GOTHOFREDUS‚
737 963 870 1003 Gallus,
894 961 945 996 vir
963 962 1151 1006 ingeniosus
1175 967 1207 995 et
1223 962 1357 1004 doctus,
1381 967 1477 1005 atque
1495 961 1699 995 restitutione

230 1025 280 1058 illei
309 1035 358 1055 ΧΠ
379 1021 588 1054 Tabularum
600 1021 644 1053 ita
661 1018 868 1059 nobilitatus,
894 1023 929 1050 ut
948 1019 1069 1051 nostris
1089 1028 1218 1061 quoque
1236 1017 1440 1060 temporibus
1463 1028 1562 1061 saepe
1584 1019 1700 1051 existi-

232 1085 362 1113 matum
384 1078 501 1118 fuerit,
528 1075 599 1109 sine
633 1075 840 1108 adcuratiore
874 1072 1084 1117 inquisitione
1111 1071 1146 1105 in
1171 1074 1240 1113 ejus
1262 1072 1362 1106 verba
1383 1078 1453 1105 tuto
1469 1083 1567 1116 posse
1585 1074 1699 1115 jurari.

233 1139 286 1169 De
311 1145 376 1178 quo
401 1143 530 1174 errore,
559 1130 639 1164 satis
663 1130 832 1163 confutato
853 1131 922 1171 jam
947 1128 988 1161 ab
1013 1129 1103 1169 aliis,
1127 1139 1195 1161 non
1217 1134 1266 1160 est
1282 1129 1369 1171 quod
1389 1129 1509 1161 dicam.
1554 1129 1618 1161 Sed
1637 1129 1700 1162 hoc

235 1195 305 1235 ajo,
335 1188 486 1234 quamvis
510 1188 671 1220 excellens
695 1185 859 1228 hodieque
889 1184 1040 1219 videatur
1062 1196 1323 1217 coruornnm
1355 1194 1474 1227 opera,
1507 1184 1628 1218 habere
1645 1191 1700 1219 ta.—

232 1259 310 1281 men
328 1248 429 1280 etiam
446 1254 525 1279 suas
543 1242 656 1276 laudes
680 1254 877 1275 MERULAM
900 1239 991 1273 haud
1010 1241 1177 1283 vulgares5
1200 1238 1257 1284 qui
1276 1239 1398 1284 egregie
1418 1246 1490 1272 tum
1507 1241 1604 1282 alim,
1628 1247 1701 1274 tum

231 1305 344 1348 ipsum
367 1296 498 1345 quoque
529 1310 827 1333 cornormznum
859 1294 1027 1336 docuerit,
1059 1296 1164 1338 qualis
1193 1302 1400 1340 quantusque
1428 1296 1581 1330 historiae
1603 1303 1702 1341 atque

231 1359 472 1393 humaniorum
498 1357 700 1396 litterarum,
734 1354 770 1386 in
797 1352 1009 1386 restituendis
1038 1353 1165 1396 antiqui
1195 1353 1276 1395 juris
1299 1351 1467 1395 fontibus,
1500 1362 1571 1386 esse
1599 1354 1702 1387 soleat

239 1426 332 1449 usus,

275 1474 323 1504 Ut
355 1484 405 1503 xu
434 1467 584 1501 Tabulae
610 1468 722 1510 ipsum
754 1466 876 1511 publici
901 1464 1084 1509 privatique
1109 1465 1189 1506 juris
1215 1465 1294 1498 olim
1321 1464 1533 1499 continebant
1557 1466 1700 1509 fontem,

232 1529 282 1561 sic
300 1526 463 1570 imprimis
486 1535 528 1557 ex
546 1522 663 1557 Edicto
684 1521 851 1556 Praetoris
870 1522 1012 1565 petenda
1036 1526 1107 1554 erat
1126 1522 1210 1554 ratio
1233 1523 1285 1563 jus
1306 1531 1406 1553 suum
1427 1522 1462 1554 in
1482 1521 1602 1563 judicio
1620 1533 1700 1565 per-

235 1581 402 1627 sequendi.
441 1571 549 1625 xQuod
570 1572 612 1613 ab
638 1591 676 1612 eo
696 1578 843 1612 maxime
864 1583 1013 1621 tempore
1033 1577 1103 1609 fieri
1121 1576 1247 1620 coepit,
1271 1588 1336 1621 quo
1353 1577 1530 1619 formulae,
1556 1589 1576 1610 a
1594 1580 1702 1611 Prae-

230 1646 306 1683 „tore
330 1638 365 1672 in
384 1637 458 1670 albo
482 1635 688 1680 propositae,
718 1634 824 1669 vicem
844 1635 912 1667 fere
935 1633 1121 1667 obtinerent
1141 1632 1218 1676 legis
1240 1634 1426 1675 actionum,
1450 1644 1471 1665 a
1492 1635 1701 1675 jureconsul-

236 1697 276 1728 tis
298 1695 364 1738 peti
385 1694 555 1726 solitarum
579 1692 649 1735 (2).
694 1689 924 1732 Quamobrem
944 1701 1012 1723 non
1031 1691 1143 1722 minus
1162 1687 1290 1730 Edicti,
1313 1700 1414 1733 quam
1433 1689 1510 1732 legis
1534 1689 1702 1724 decemvi-

230 1739 320 1784 ralis
336 1748 450 1784 notitia
469 1746 697 1791 jureconsultis
715 1745 905 1780 necessaria
923 1751 983 1779 est.
1028 1749 1142 1788 Itaque
1158 1750 1189 1777 et
1205 1744 1259 1777 hic
1279 1745 1357 1788 quid
1374 1744 1478 1788 possit
1494 1744 1623 1778 efficere
1640 1757 1703 1779 ex—

1625 1811 1706 1845 per-

280 1895 331 1924 (ι)
353 1894 388 1916 De
410 1891 479 1915 laude
504 1899 663 1914 munumina
691 1890 879 1913 consentientem
902 1889 1016 1912 habemus
1037 1895 1088 1912 nv,
1114 1895 1271 1911 orwonzn
1294 1887 1318 1910 in
1339 1887 1415 1913 praef.
1436 1888 1499 1912 laud.
1521 1898 1546 1921 p.
1561 1890 1599 1916 30,
1633 1890 1691 1913 Go.

247 1947 261 1961 ι·
271 1944 411 1961 nonam
435 1943 505 1966 opera
528 1942 556 1956 eo
582 1934 696 1965 imprimis
716 1933 812 1956 nornine
836 1933 933 1964 insignis
955 1938 991 1956 est
1002 1948 1009 1961 ‚
1038 1931 1104 1964 quod
1124 1932 1214 1964 primus
1238 1931 1374 1963 diligentius
1396 1932 1422 1955 in
1444 1932 1519 1964 ipsam
1544 1932 1694 1965 singulorum

251 1981 389 2013 placitorum
408 1979 491 2002 seriem
512 1977 634 2008 inquisivit
655 1977 689 2001 vis
708 1976 818 2000 eximius.

279 2026 341 2057 (a)
359 2024 396 2048 Cf.
412 2029 514 2046 GAJus
535 2029 572 2044 lv.
584 2022 605 2050 §-
620 2021 659 2044 30.
