1919 2511
70 889 122 950 Si
138 920 254 951 verum
267 917 317 949 est
331 914 520 952 Medicinae
536 915 689 951 Parentis
711 915 868 958 effatum3
911 921 935 949 55
957 916 1074 952 'Artem
1091 917 1244 962 longam3
1265 920 1368 957 vitam
1387 924 1545 970 brevem5

64 984 84 1005 n
111 970 321 1005 occasionem
338 969 497 1014 celerem,
520 973 786 1015 experimentum
800 971 1023 1015 periculosum
1034 997 1045 1014 ,
1068 974 1229 1016 judicium
1245 984 1324 1011 vero
1339 978 1469 1014 difficile
1487 991 1543 1015 es.

62 1041 80 1062 „
108 1030 167 1059 sev
189 1036 257 1059 non
279 1031 327 1059 est
345 1026 434 1071 quod
458 1028 642 1068 miremur,
667 1027 854 1061 Medicinae
882 1027 1064 1062 Theoriam
1076 1053 1087 1072 ‚
1109 1036 1304 1076 partemque
1328 1036 1399 1078 ers
1416 1040 1543 1080 practif

65 1093 162 1125 cam,
191 1081 355 1115 Theori'ae
381 1081 503 1125 filiam,
539 1083 582 1116 ab
612 1094 651 1116 eo
677 1089 844 1127 tempore,
868 1094 934 1128 quo
953 1086 1032 1119 artis
1055 1085 1200 1120 formam
1228 1090 1395 1126 Medicina
1422 1094 1542 1138 adepta

63 1139 147 1181 fuit,
169 1138 302 1181 multis,
327 1139 489 1183 variisque
520 1137 812 1191 conversionibus,
836 1146 868 1172 et
893 1141 1228 1178 metaschematismis
1252 1145 1433 1182 obnoxiam
1457 1151 1545 1184 fuis..-

64 1206 100 1228 se
111 1220 121 1237 ‚
144 1198 279 1239 ejusque
303 1195 509 1238 aedificium,
532 1204 637 1238 aeque
652 1194 765 1228 minus
781 1205 822 1228 ac
840 1195 981 1228 aliarum
1001 1196 1220 1242 scientiarum
1231 1223 1241 1241 ‚
1265 1211 1307 1234 ex
1320 1209 1460 1239 naturae
1477 1208 1561 1240 01).-

61 1250 248 1285 servatione
271 1252 469 1293 petitarum,
501 1251 702 1286 inconcusso
727 1250 946 1286 fundamento
971 1258 1237 1296 superstructum
1264 1257 1365 1292 fuisse
1384 1285 1395 1302 ,
1426 1263 1471 1295 ita
1504 1271 1540 1298 ut

63 1306 232 1342 Historiae
255 1306 407 1340 Medicae
429 1307 578 1342 cultores
609 1306 778 1349 diversas,
802 1306 870 1341 imo
898 1308 996 1351 plane
1022 1309 1190 1352 oppositas
1213 1313 1283 1346 vias
1304 1314 1541 1362 observantes;

61 1374 121 1409 per
142 1371 225 1407 quas
246 1361 289 1396 ad
309 1362 453 1397 eundem
468 1373 609 1408 scopum
627 1363 717 1396 Artis
736 1364 887 1407 Magistri
904 1365 1039 1400 tendere
1066 1366 1292 1412 conabantur,
1316 1381 1537 1416 saepenume-

62 1431 100 1455 ro
121 1422 265 1453 Senecae
283 1418 485 1463 Philosopho
510 1419 663 1453 assentiri
680 1419 802 1452 fuerint
826 1419 952 1462 coacti,
975 1422 1177 1457 asseveranti
1220 1436 1238 1458 »
1266 1427 1355 1460 Nihil
1381 1434 1452 1463 tam
1475 1431 1540 1464 ab-'

62 1490 80 1512 ω
108 1476 250 1510 surdum
275 1484 368 1518 esse,
390 1477 472 1520 quin
499 1474 676 1519 aliquando
697 1479 756 1508 aut
785 1475 935 1520 dictum,
967 1482 1025 1511 aut
1045 1477 1171 1514 sactum
1188 1504 1199 1522 ,
1232 1487 1290 1517 aut
1316 1486 1536 1530 excogitatum

61 1545 80 1568 ι)
107 1531 206 1567 fuerit
227 1530 271 1565 ab
296 1531 405 1575 aliquo
428 1530 747 1576 Philosophorum.'’

104 1590 181 1622 Hoc
206 1585 462 1629 phaenomenon
487 1588 515 1621 si
538 1587 652 1620 animo
676 1595 745 1620 non
763 1587 989 1630 praejudicato
1008 1590 1279 1637 consideramUS,
1303 1596 1375 1640 ejus
1399 1609 1537 1635 causam

61 1650 95 1679 et
116 1643 275 1687 originem
295 1644 330 1676 in
346 1642 488 1677 humani
506 1642 869 1696 ingewbecillitate
881 1667 892 1686 ‚
915 1651 948 1679 et
973 1646 1009 1680 in
1035 1649 1112 1683 novi
1132 1648 1212 1693 quid
1230 1659 1362 1696 semper
1381 1655 1538 1693 moliendi

61 1698 228 1746 prurigine
248 1698 406 1733 fundatas
427 1700 643 1743 reperiemus,

104 1754 252 1799 Simplici
277 1755 367 1789 enim
394 1757 523 1799 Legum
542 1755 754 1803 Naturalium
777 1755 1007 1792 observatione
1033 1767 1103 1792 non
1130 1764 1284 1796 contenta
1302 1766 1447 1809 superba
1471 1767 1536 1808 tio-z,

62 1812 194 1846 minum
217 1810 381 1846 industria
402 1812 645 1855 compositum,
669 1812 914 1855 inextricabile,
937 1819 970 1846 et
991 1823 1094 1858 supra
1109 1816 1196 1861 vulgi
1220 1819 1430 1857 Medicorum
1455 1835 1537 1870 capua

62 1875 134 1902 tum
163 1868 331 1911 positum,
364 1867 398 1900 in
421 1866 604 1901 Theoriam
627 1869 727 1912 artis,
756 1880 799 1902 ex
827 1869 892 1903 hac
921 1879 1001 1905 vero
1023 1871 1058 1904 in
1073 1870 1190 1915 ipsam
1214 1877 1340 1911 Praxin
1364 1879 1534 1917 intrudere

59 1928 179 1958 conata
199 1923 281 1965 fuit,
304 1927 337 1956 et
357 1922 581 1965 Medicinam,
604 1926 722 1958 Artem
746 1925 845 1968 plane
868 1924 1037 1968 divinam,
1059 1930 1152 1963 omni
1170 1931 1365 1967 certitudine
1387 1935 1517 1973 orbavit
1524 1949 1537 1981 ς

61 1985 95 2013 et
123 1979 165 2013 ad
195 1976 355 2012 scientias
373 1980 542 2014 versatiles
563 1979 700 2014 consilio
730 1981 899 2015 malesano
915 1981 1078 2026 ablegavit
1090 1998 1102 2024 ;

107 2035 251 2078 Qualem
265 2044 432 2078 errorem,
454 2046 497 2069 ne
515 2036 626 2070 dicam
647 2037 805 2080 flagitium
825 2048 886 2071 nee
900 2038 971 2072 sine
989 2040 1148 2075 scientiae
1168 2042 1383 2090 detrimento,
1406 2059 1468 2084 nec
1484 2051 1534 2084 si·‘

21 2134 26 2141 Ι
62 2103 104 2127 ne
117 2101 291 2135 aegrorum
308 2091 431 2128 damno
445 2097 672 2137 perpetratum
685 2093 808 2135 fuisse,
826 2104 942 2129 omnes
958 2105 1092 2133 mecum
1103 2097 1214 2144 lugent
1231 2102 1327 2137 Boni.
1351 2104 1443 2139 Pleni
1455 2112 1533 2140 sunt

787 2150 816 2182 A
839 2154 859 2183 5
1488 2163 1532 2196 11.
