1919 2511
285 119 310 149 .8
555 115 604 148 M.
657 116 690 149 S.
741 123 813 147 nx:
856 107 1496 146 PU1ALLOCUT10:

291 208 491 247 petuamque
514 201 613 245 hujus
640 201 704 235 dici
727 199 957 235 solennitatem
979 199 1090 242 accipe
1114 197 1205 233 hunc
1225 200 1424 233 Nummum
1451 204 1630 240 aureumj
1661 196 1760 235 linteo

286 260 398 292 serico
414 259 532 293 decore
550 269 720 292 annexum
735 282 744 300 ‚
769 262 805 290 ut
829 267 871 289 ex
892 256 972 289 collo
989 254 1024 289 in
1042 260 1158 298 pectus
1174 254 1323 298 pendeat.

335 318 445 349 Tanto
473 315 509 349 in
531 316 656 359 praetio
670 339 680 356 ,
718 319 872 356 tantaque
896 312 932 346 in
958 310 1220 353 existimatione,
1244 316 1262 344 ὸ.
1278 311 1409 345 condita
1426 310 1492 344 hae
1508 311 1545 344 in
1569 309 1661 343 Urbe
1675 310 1762 344 Aca-

288 375 424 415 demia,
457 384 535 407 cum
561 373 667 407 bonas
694 373 808 414 Artes„
838 376 913 404 tum
926 370 1076 403 ,solidam
1096 369 1283 403 doctrinam
1305 367 1423 401 habuit
1445 365 1659 411 Magistratus
1681 367 1764 401 Lei,-

290 430 402 474 densis
417 455 426 471 ‚
450 435 487 463 ut
509 428 593 471 mis,
615 427 673 472 qui
699 438 779 472 prae
804 427 943 461 caeteris
965 425 1063 459 laude
1089 424 1297 459 eminentiori
1323 424 1633 459 condecorabantur
1665 429 1697 458 et
1719 424 1765 457 ab

288 491 332 522 R.
364 490 412 521 M.
439 493 471 520 et
498 487 608 530 Ampl.
638 489 762 519 Senatu
788 484 972 529 dignissimi
1003 482 1232 524 habebantur,
1261 483 1296 516 in
1323 491 1426 525 quw,
1449 490 1542 514 more
1572 482 1764 524 Majorum;

289 543 447 578 Doctoris
471 542 614 576 honores
648 542 773 575 summi
801 540 931 584 publioe
957 540 1185 574 conferrentur
1199 564 1209 581 ,
1241 541 1440 573 Nummum
1463 539 1629 571 Auream
1654 537 1764 573 dona..-

287 610 352 638 vet.
375 622 419 632 -ω
434 603 538 637 'Illum
555 604 673 646 ‘itaque
694 601 837 644 accipias
856 605 889 633 et
909 604 1001 644 grato
1018 597 1132 631 animo
1147 594 1362 639 Amplissimo
1380 593 1588 638 Magistratui
1608 593 1766 628 'Leidensi

289 670 354 703 pro
373 670 512 693 munere
528 658 638 693 oblato
657 658 771 691 statim
792 656 1118 700 acceptumxeferas.

332 720 391 750 'En
416 716 553 751 demum
585 715 737 749 dextram
765 714 930 757 fidemque
951 737 962 755 ‚
996 723 1062 756 qua
1083 717 1219 756 peracta
1249 710 1399 743 solennia
1425 709 1605 742 confirmo!
1650 708 1766 740 Meam

289 774 491 815 amicitiam,
513 781 581 816 qua
597 770 761 805 confidere
769 770 920 815 potem,
942 769 1020 803 Tibi
1035 768 1138 803 offero
1154 765 1326 810 nostrique
1353 765 1488 800 Ordinis
1509 762 1766 798 benivolentiam

293 829 372 863 Tibi
394 828 557 873 spondem

335 888 433 919 Haec
449 886 559 929 itaque
577 895 669 919 nuuc
687 884 800 918 omnia
817 892 922 928 quum
940 894 982 918 ex
997 883 1081 918 votis
1101 883 1293 926 meritisque
1308 880 1374 914 tuis
1396 879 1458 914 rite
1476 883 1511 912 et
1534 875 1766 911 convenienter

288 942 531 986 ssintiperactQ
554 942 616 976 hos
632 941 775 975 honores
793 951 835 973 ex
859 941 972 974 animo
998 939 1076 973 Tibi
1096 939 1241 984 gratulor
1260 942 1360 981 atque
1381 941 1419 970 ut
1439 936 1530 969 Artis
1553 937 1685 967 nostrae
1704 930 1765 965 ho-

290 997 393 1038 :nori3
423 1017 466 1023 —
497 999 563 1032 tuis
589 996 832 1041 aegrotantibus
845 1021 855 1039 ‚
883 1002 962 1031 tuae
990 1007 1090 1031 curae
1119 997 1154 1029 in
1175 999 1347 1039 posterum
1372 989 1636 1034 committendis,
1668 988 1765 1023 saluti

291 1053 441 1098 &sibique
455 1055 518 1099 ipsi
528 1054 644 1090 fausta
664 1053 799 1097 quaevis
812 1054 986 1097 eveniant,
1009 1053 1138 1088 sincera
1158 1057 1236 1089 vota
1247 1050 1342 1086 facio.

902 1227 1154 1262 ,ὈῙΧιΙι
