1919 2511
628 120 1205 161 ΟΒΑἸῚἸΟ.7μ
1518 132 1558 162 15

92 193 224 248 notione
247 206 356 240 morbi
378 216 456 239 eum
484 206 575 238 notio
602 211 674 239 tum
700 207 908 252 intelligentia
935 208 1036 242 ducta
1059 215 1127 251 est,
1157 212 1206 247 sic
1233 212 1331 244 aliam
1361 214 1556 248 valetudinis

93 270 162 302 sive
182 264 346 298 secundae
370 273 430 295 seu
456 262 613 296 adversae
637 263 672 295 in
697 264 769 296 aliis
799 264 1025 308 comparando
1050 255 1234 309 rationem,
1268 279 1337 301 non
1367 268 1466 311 hujus
1493 272 1556 305 loci

93 329 225 357 tantum
241 326 299 354 aut
316 325 452 353 nostrae
473 318 605 360 aetatis,
628 330 746 353 verum
765 322 917 353 omnium
938 328 1086 359 aetatum
1104 328 1135 355 et
1159 324 1309 365 locorum
1327 327 1496 368 omnium,
1518 338 1557 360 ea

91 378 188 416 nobis
213 383 293 411 nata
316 381 364 408 est
387 381 459 408 tam
484 375 568 408 vitae
596 376 810 419 sanitatisque
837 388 938 420 quam
960 377 1156 411 morborum
1177 381 1314 413 scientia
1328 406 1337 424 ,
1371 391 1455 425 quae
1480 394 1558 415 om-

90 447 169 471 nem
193 440 358 467 terrarum
377 430 493 465 orbem
510 436 542 463 et
561 442 659 465 omne
675 433 901 475 complectitur
924 444 1027 477 genus
1050 433 1249 470 humanum.

84 529 87 531 ‚
135 494 211 532 Quo
246 488 380 535 quidem
407 488 646 530 interpretandi
678 499 795 532 genere
824 502 1049 523 111PPO0RATEM
1078 492 1240 535 imprimis
1269 504 1369 527 usum
1396 505 1465 527 esse
1493 507 1558 528 no-

89 549 220 588 vimus,
244 556 365 588 eoque,
389 554 491 588 quam
515 545 645 588 longam
670 544 799 578 dixerat
825 552 954 587 artem,
984 546 1099 579 fecisse
1123 547 1327 593 hreviorein,
1352 556 1383 584 et
1410 552 1457 584 ita
1482 553 1558 596 qui-

89 604 166 637 dem
192 601 380 635 adhibuisse
396 625 406 642 ,
441 606 478 632 ut
501 600 744 635 observationes
780 613 848 635 non
881 604 1210 648 ratiocinationibus,
1252 613 1310 640 aut
1337 609 1555 650 conjecturis,

88 669 206 694 verum
228 649 308 701 ipsis
336 656 619 690 observationibus
649 659 882 701 interpretatus
906 661 966 700 sit3
991 660 1397 704 singuloruni'hominum
1429 666 1558 697 valetu-

88 716 165 749 dine
201 725 279 747 cum
308 712 451 747 secunda
488 719 561 758 tum
591 714 729 748 adversa
753 715 795 748 ad
817 721 959 748 naturae
986 719 1158 751 veritatem
1187 714 1365 763 expressa,
1393 726 1424 753 et
1450 722 1558 765 regio-

81 783 171 807 *num
191 769 391 814 expresserit
409 775 439 802 et
457 770 605 812 gentium
625 771 803 814 imagines3
827 773 1034 814 praeclaram
1051 774 1201 807 docuerit
1227 776 1398 819 regionum
1424 783 1455 809 et
1475 789 1558 821 gen-

85 829 170 862 tIum
198 828 401 870 analogiam3
425 825 637 869 popularium
659 838 789 871 quoque
813 833 845 860 et
872 831 1102 862 communium
1127 830 1321 865 morborum
1345 834 1415 866 arte
1443 832 1559 867 inimi-

86 884 178 918 tabili
205 876 409 917 enarraverit
431 884 541 923 viceS,
575 884 654 926 ipsis
682 883 924 927 aegrotantium
949 884 1092 918 historiis
1116 884 1314 928 illustratas}
1344 888 1436 922 hisce
1463 890 1559 923 deni-

87 952 151 986 que
170 940 411 984 aegrotantium
433 938 597 981 historin,
619 944 780 983 tanquam
801 951 916 972 rerum
937 943 1094 985 exemplis
1115 943 1158 975 ob
1181 945 1293 978 oculos
1310 946 1447 987 positis,
1471 947 1559 979 indi—

87 998 208 1031 caverit
224 1002 255 1029 et
279 996 395 1028 aetatis
420 1000 453 1027 et
474 1005 574 1028 sexus
593 1000 625 1027 et
653 997 825 1048 temperiei
852 1007 941 1040 lpsm
945 1008 1090 1041 umque
1115 1010 1199 1042 quos
1227 1001 1261 1033 in
1285 1002 1374 1034 victu
1407 1003 1555 1035 admise—

79 1053 212 1094 serint,
223 1062 392 1092 errorum
406 1057 603 1096 potestatem
623 1062 700 1084 cum
718 1052 898 1085 salutarem
916 1059 996 1088 ⁴tum
1011 1056 1244 1107 perniciosam.
1292 1059 1379 1100 Qui,
1402 1069 1467 1102 quo
1489 1070 1524 1091 er
1526 1066 1561 1092 it

70 1098 220 1151 ‚summo
243 1107 395 1160 ingenio,
426 1119 502 1141 eam
531 1107 664 1140 tradidit
694 1114 821 1151 artem,
852 1120 953 1161 quam
977 1121 998 1143 a
1021 1113 1143 1144 natura
1168 1120 1358 1157 acceperat,
1388 1126 1457 1148 non
1491 1115 1522 1148 (1
1525 1126 1562 1148 s-

40 1175 43 1179 *
85 1170 228 1204 nactam
252 1157 348 1200 illam
372 1164 471 1208 inque
490 1165 650 1207 plurimus
675 1175 715 1198 ac
738 1164 980 1200 minutissimas
996 1173 1107 1211 partes
1133 1168 1321 1216 disjectam,
1330 1172 1476 1215 qualem
1494 1183 1559 1204 110-

70 1214 136 1264 Jbis
158 1214 330 1263 sinistrum
353 1220 433 1253 illud
455 1221 566 1264 genuit
595 1219 751 1254 scientiae
777 1223 927 1256 medicae
950 1234 1092 1264 nomen,
1117 1236 1182 1282 quo
1207 1226 1346 1260 factum
1358 1234 1428 1269 est,
1454 1234 1491 1260 ut
1513 1233 1561 1261 tot

85 1284 183 1311 natae
205 1279 272 1311 sint
293 1287 416 1320 parvae
435 1275 592 1310 scientiae
608 1273 671 1310 1100
687 1283 762 1321 apte
788 1273 977 1322 copulatae,
1001 1292 1108 1324 neque
1125 1279 1295 1316 communi
1317 1283 1461 1326 quodam
1483 1286 1560 1318 vin-

87 1335 160 1368 culo
191 1336 349 1376 junctae,
378 1339 457 1378 quot
482 1339 703 1367 numerantur
735 1335 927 1379 disciplinae
951 1343 1085 1378 nostrae
1114 1344 1246 1381 partes;
1276 1339 1334 1373 sed
1362 1341 1462 1373 talem
1493 1340 1558 1375 sibi

84 1390 197 1422 animo
215 1389 403 1423 informavit
419 1395 559 1422 naturae
576 1390 745 1423 humanae
763 1392 956 1434 scientiam,
976 1394 1011 1426 in
1032 1396 1092 1437 quai
1115 1396 1325 1438 conspirant,
1345 1398 1558 1430 consentiunt

86 1450 224 1486 cuncta,
248 1451 432 1489 cunctaque
459 1436 644 1478 arctissima
669 1447 870 1489 cognationis
896 1454 994 1491 atque
1015 1448 1182 1482 affinitatis
1210 1449 1364 1484 tenentur
1387 1452 1553 1486 societate.

128 1501 305 1544 Intelligitis
326 1502 413 1543 jam,
436 1501 549 1543 A.A.,
574 1511 675 1545 quam
694 1503 760 1535 late
785 1509 896 1546 pateat
914 1514 974 1547 per
995 1516 1131 1538 omnem
1157 1507 1366 1551 disciplinam
1390 1510 1556 1542 medicam

84 1557 187 1599 haec,
210 1568 296 1601 quae
322 1558 470 1601 analogia
489 1559 610 1599 utitur,
633 1564 774 1592 naturae
797 1561 1042 1604 interpretati0;
1067 1573 1169 1605 quam
1196 1575 1264 1596 non
1290 1571 1421 1598 tantum
1444 1567 1553 1599 omnis
1597 1605 1611 1608 a

83 1624 261 1658 germanae
284 1612 490 1655 medicinae,
513 1624 630 1648 verum
652 1616 761 1648 omnis
778 1626 909 1659 quoque
930 1614 1158 1661 philosophiae
1176 1619 1325 1653 medicae
1349 1621 1475 1654 fontem
1501 1629 1555 1656 at-

82 1680 146 1714 que
168 1669 378 1722 *principium
410 1675 442 1702 et
469 1669 632 1703 habemus
665 1676 697 1703 et
721 1671 874 1704 dicimus.
926 1674 1079 1716 Ecquam
1116 1676 1206 1708 enim
1233 1677 1333 1710 aliam
1359 1679 1553 1714 vocabimus

83 1727 162 1759 artis
188 1731 319 1758 nostrae
350 1724 613 1769 philosophiam,
643 1726 709 1760 nisi
733 1738 809 1760 eam
841 1738 1019 1771 vocemus,
1051 1739 1135 1774 quae
1158 1738 1316 1766 naturam
1342 1734 1475 1767 adhibet
1502 1737 1553 1768 sui

84 1781 187 1824 ipsius
218 1775 430 1824 interpretem
450 1806 460 1824 ,
502 1793 642 1827 eamque
675 1784 901 1823 10111001,νοῑί
939 1787 1118 1829 quaerendi
1147 1775 1403 1834 inveniundique
1435 1792 1522 1825 viam
1541 1816 1551 1832 ,

84 1847 186 1881 quam
209 1836 281 1879 ipsa
302 1843 422 1870 natura
452 1839 615 1873 indicasse
640 1840 793 1874 videtur?
838 1842 967 1883 Quodsi
996 1843 1241 1886 simplicitatem
1268 1846 1443 1889 quaeritis,
1468 1857 1551 1890 quae

84 1894 168 1926 ratio
192 1902 264 1940 esse
292 1898 400 1936 potest
423 1900 481 1927 aut
500 1895 681 1940 simplicior
704 1902 762 1930 aut
786 1896 913 1931 facilior
944 1899 1002 1940 eei,
1027 1909 1112 1943 quae
1135 1894 1245 1933 omnis
1268 1897 1302 1934 in
1326 1900 1551 1944 comparatio-

83 1960 125 1982 ne
148 1952 342 1983 versatum*
364 1950 422 1983 Sin
444 1952 618 1985 utilitatem
641 1953 836 1994 sectamini,
859 1964 944 1997 quae
968 1956 1020 1987 issa
1038 1956 1165 1997 utilior,
1189 1967 1273 2000 quae
1296 1957 1339 1989 ad
1355 1957 1462 2000 ipsam
1484 1958 1550 1991 du—

85 2004 130 2038 cit
158 2010 297 2037 naturae
327 2005 546 2040 medicatricis
576 2010 693 2052 suique
725 2010 973 2043 conservauieis
1004 2011 1221 2044 imitationem
1237 2015 1252 2045 ’.Ρ
1300 2014 1376 2046 Una
1406 2013 1553 2048 videlicet

85 2059 237 2095 omnium
257 2071 360 2105 eaque
383 2064 553 2129 praeclara
577 2066 657 2099 aitis
683 2066 874 2110 principum
896 2076 963 2100 vox
985 2073 1055 2110 est,
1063 2073 1227 2102 naturae
1251 2067 1470 2103 imitationem
1491 2080 1550 2102 ar-

845 2123 875 2154 B
898 2124 919 2154 5
1178 2144 1181 2148 ι
1508 2127 1551 2160 tis
