1919 2511
616 93 1019 152 ORATIO.
1520 116 1559 146 311

93 218 146 247 tus
158 237 167 254 ,
190 219 306 246 verum
326 208 508 241 salutarem
528 206 591 241 cibi
612 217 681 240 non
705 205 801 239 multi
821 209 879 238 aut
902 203 1043 246 conditi,
1067 201 1126 237 sed
1144 200 1268 235 modici
1288 199 1561 244 saluberrimique

90 274 125 302 et
144 267 322 311 adpetitum
346 270 379 297 et
398 274 510 297 usum.

139 325 287 364 Verum,
320 327 358 354 ut
386 320 586 354 discentibus
615 320 700 353 duae
722 317 865 352 tributae
889 320 969 349 sunt
996 319 1125 359 partes,
1149 314 1252 346 altera
1282 311 1415 353 audire,
1439 312 1560 352 altera,

93 390 180 426 quae
215 379 417 420 audiverint,
456 378 652 421 intelligere,
688 376 736 409 sic
766 374 905 407 medicis
932 382 1001 405 non
1034 376 1166 404 tantum
1191 375 1349 402 naturam
1379 367 1564 401 observan-

91 437 148 478 di,
171 445 288 470 verum
312 436 413 467 etiam
439 431 679 477 interpretandi
705 422 955 475 exsequendum
982 433 1031 460 est
1059 426 1219 460 officium¹
1260 427 1355 458 Haec
1371 429 1482 456 autem
1497 434 1564 456 na-

96 499 191 526 turae
214 492 440 535 interpretatio
465 502 504 524 eo
528 488 691 524 difficilior
711 486 877 521 censenda
900 490 970 526 est,
994 494 1059 528 quo
1083 483 1193 526 plures
1223 487 1320 525 atquc
1343 481 1486 522 majores
1510 488 1564 511 rcs

95 548 372 592 comprehendat,
397 558 527 592 quoque
544 546 607 579 hae
624 547 716 589 ipsae
737 542 843 588 magis
866 544 931 575 sint
949 552 970 574 a
989 550 1091 573 sensu
1109 544 1140 572 et
1158 538 1387 572 observatione
1406 541 1565 569 remotae.

99 605 227 649 Quodsi
253 615 367 637 rerum
394 606 574 648 cogitemus
599 603 749 646 copiam,
783 611 858 633 eam
881 603 1010 631 tantam
1037 607 1109 629 esse
1134 595 1338 634 videbimus,
1362 597 1486 636 quanta
1511 592 1567 625 vix

97 661 269 696 numerari
287 662 402 704 possit.
447 663 524 694 Non
546 664 676 692 tantum
698 658 789 690 enim
812 657 1004 690 universam
1028 653 1256 696 complectitur
1279 655 1419 682 naturae
1442 648 1568 681 huma-

96 728 160 751 nae
179 718 370 760 scientiam,
393 728 511 753 verum
529 717 688 759 cujusque
706 713 841 754 aetatis,
862 712 943 753 loci,
962 711 1122 754 temporis
1140 706 1329 754 propriam,
1352 716 1420 738 non
1437 709 1568 737 tantum

96 784 312 807 communem
327 774 416 806 illam
433 779 466 807 et
480 774 606 817 generis
624 771 766 804 humani
783 775 816 802 et
834 768 979 812 gentium
989 791 999 808 ,
1023 777 1140 801 verum
1156 765 1332 798 hominum
1351 771 1480 805 quoque
1496 761 1569 793 sin-

96 831 267 875 gulorum,
291 841 353 864 nec
375 830 571 863 morborum
591 829 744 862 universe
765 831 896 859 tantum
909 850 918 867 ‚
941 834 1058 858 vemm
1080 821 1277 856 morborum
1296 819 1396 851 etiam
1419 817 1568 860 particu-

98 887 219 921 larium
245 888 457 932 quorumviS,
480 897 565 931 quae
590 890 714 929 quanta
738 884 798 924 sit,
826 882 964 925 quisque
991 880 1147 916 vestrum'
1160 875 1254 911 facile
1278 874 1465 918 perspiciet.
1512 873 1570 905 Sin

96 950 211 978 autem
229 955 342 978 rerum
367 943 577 977 attendamus
594 939 856 985 magnitudinem
869 963 879 980 ,
904 947 1075 970 summam
1094 936 1187 969 illam
1208 929 1458 975 comprehendit
1481 929 1566 962 vitae

96 1000 292 1043 scientiam,
320 1011 457 1033 omnem
480 997 626 1032 hominis
650 1008 732 1041 cum
747 998 821 1028 sani
843 1001 915 1028 tum
944 993 1033 1036 aegri
1054 991 1248 1030 historiam,
1272 996 1386 1021 rerum
1412 991 1570 1018 externa-

97 1067 195 1101 rum,
221 1058 302 1091 coeli
328 1055 471 1099 cujusvis
483 1080 493 1097 ,
519 1054 682 1099 regionis,
713 1053 799 1087 vitae
821 1051 948 1096 generis
971 1050 1007 1082 in
1031 1053 1189 1082 naturam
1212 1046 1398 1079 humanam
1423 1046 1571 1086 potesta-

73 1129 75 1131 *
95 1119 174 1148 tem.
220 1107 274 1148 A'd
292 1124 406 1146 rerum
422 1112 563 1156 denique
580 1110 814 1145 obscuritatem
837 1109 867 1140 si
889 1107 1101 1141 advertamus
1120 1105 1292 1146 animum,
1318 1113 1359 1135 ex
1374 1101 1488 1134 intima
1505 1107 1570 1130 na·-

74 1183 83 1188 ”
95 1171 169 1204 tura
190 1170 413 1204 hauriendam
435 1179 507 1202 esse
526 1168 616 1201 hanc
635 1172 776 1201 naturae
800 1165 969 1198 humanae
990 1160 1177 1197 videbimus
1195 1160 1367 1200 notitiam,
1394 1167 1479 1201 quae
1502 1155 1569 1188 cir-

95 1238 134 1260 ca
155 1226 327 1260 hominem
351 1231 504 1261 versatur
528 1222 815 1269 cognoscendum,
839 1222 933 1263 cujus
955 1227 1076 1262 corpus
1100 1217 1264 1260 incognita
1285 1214 1431 1259 quadam
1453 1213 1486 1247 vi
1509 1221 1566 1244 re-

93 1284 181 1327 gitur
198 1294 239 1316 ac
260 1288 355 1315 motu
376 1282 521 1326 quodam
541 1282 646 1314 cietur
660 1281 811 1320 interno,
837 1279 930 1319 cujus
946 1271 1288 1317 incomprehensibilis
1308 1271 1376 1303 fere
1397 1273 1447 1301 est
1464 1268 1568 1306 rati03

96 1340 227 1382 corpori
246 1350 325 1374 vero
343 1339 428 1371 inest
444 1338 499 1371 ina
517 1338 646 1372 divinae
666 1335 828 1380 particula
847 1343 967 1374 aurae,
991 1341 1112 1376 quam,
1136 1334 1173 1362 ut
1191 1338 1322 1361 omnem
1340 1331 1497 1358 naturam
1514 1321 1568 1356 di-

72 1411 74 1414 *
91 1394 226 1437 vinam,
251 1396 462 1438 suspicamur
481 1395 616 1438 quidem
632 1398 665 1425 et
674 1391 859 1431 eredimus,
883 1399 946 1422 nec
963 1380 1182 1431 perspicimus
1202 1390 1316 1417 tamen
1338 1388 1396 1415 aut
1417 1380 1569 1423 intelligi-

93 1462 182 1484 mus.
225 1453 341 1494 Neque
370 1451 490 1484 horum
517 1451 721 1494 singulorum
746 1457 863 1481 verum
885 1447 1076 1488 junctorum
1101 1449 1233 1485 quoque
1256 1439 1435 1483 requiritur
1456 1437 1568 1470 scien-

93 1509 139 1541 tia
152 1532 161 1550 ,
185 1518 270 1552 quae
294 1518 373 1540 cum
398 1513 491 1540 tanta
512 1509 554 1540 sit
573 1508 607 1540 in
627 1505 762 1549 singulis
785 1514 825 1536 ac
849 1500 1073 1546 simplicibus,
1097 1503 1222 1543 quanta
1245 1494 1307 1528 erit
1328 1496 1364 1528 in
1385 1493 1545 1527 universis
1557 1516 1568 1533 ,

71 1581 75 1584 ,
92 1565 302 1607 compositis,
313 1564 532 1607 complicatis!
555 1564 646 1596 Hinc
659 1561 831 1604 multiplex
840 1559 1000 1591 exstititet
1007 1557 1098 1591 varia
1110 1553 1293 1587 admodum
1307 1557 1447 1584 naturae
1464 1550 1571 1582 inter-

69 1633 74 1636 *
94 1620 277 1664 pretandae
293 1621 378 1653 ratio
389 1645 399 1661 ,
426 1621 490 1652 alia
509 1619 573 1652 alia
590 1625 622 1652 ct
637 1619 743 1653 verior
766 1622 797 1649 et
819 1616 928 1648 utilior
949 1619 981 1646 et
995 1613 1125 1652 melior,
1147 1621 1187 1642 ea
1200 1615 1314 1642 tamen
1331 1608 1453 1650 optima
1464 1630 1474 1648 ‚
1485 1614 1570 1648 quae

70 1691 73 1693 ·
94 1676 138 1709 ab
152 1677 301 1720 analogia
323 1687 447 1709 nomen
466 1676 586 1718 habet,
601 1685 704 1719 quam
720 1672 855 1717 quidem
871 1663 995 1714 optime
1013 1666 1135 1701 tenebit
1151 1667 1221 1707 ille,
1245 1665 1300 1708 qui
1318 1664 1464 1696 maxime
1486 1662 1570 1693 sim-

95 1733 189 1776 plicis
215 1743 317 1766 sensu
343 1732 486 1766 ducitur.
532 1729 727 1775 Analogiam
754 1735 866 1763 autem
889 1736 1049 1761 vocamus
1067 1736 1141 1758 eam
1161 1724 1343 1762 rationem,
1368 1722 1432 1763 quat
1455 1717 1497 1750 ab
1517 1718 1571 1760 ip-

97 1790 133 1820 si
161 1791 281 1821 natura
305 1795 444 1822 naturae
468 1790 612 1833 petimus
638 1786 962 1830 interpretationem:
994 1793 1124 1826 neque,
1148 1779 1184 1813 in
1203 1779 1268 1811 hac
1287 1777 1401 1810 nostra
1424 1773 1571 1817 discipli-

99 1846 325 1886 n5‚,naturae
352 1845 544 1887 universae,
567 1854 685 1879 verum
707 1848 848 1877 naturae
869 1841 1049 1873 humanae.

143 1902 393 1945 Intelligendum
416 1909 465 1935 est
482 1903 604 1935 scilicet
622 1898 753 1932 duabus
773 1899 867 1942 quasi
889 1907 951 1929 nos
976 1907 996 1928 a
1016 1894 1136 1928 natura
1154 1891 1287 1925 indutos
1310 1900 1382 1922 esse
1402 1886 1570 1932 person18‚

73 1980 77 1984 -
101 1960 249 2001 quarum
268 1969 337 1993 una
357 1958 451 1992 nobis
474 1965 525 1992 est
551 1957 738 1991 communis
763 1965 842 1987 cum
865 1952 968 1985 rebus
993 1951 1174 1992 universi5‚
1198 1948 1300 1980 altera
1322 1945 1455 1989 propria
1474 1940 1572 1976 nobis

881 2012 909 2042 B
934 2020 952 2041 2
1352 2003 1357 2005 “
1509 1997 1573 2030 ho-
