1919 2511
275 121 310 157 36
562 120 1207 160 JOANNISHERMANI
1266 123 1491 154 KROON

561 205 630 235 Ah!
650 213 748 235 vereor
765 213 861 234 coram
880 205 912 232 in
930 213 957 234 os
976 210 1004 233 te
1024 203 1148 234 laudare
1166 206 1305 244 amplius.

313 256 368 285 Cor
383 266 438 287 non
458 257 554 288 habet.
595 259 630 288 ld
656 265 724 295 est,
746 265 840 288 mente
860 265 946 288 caret.
986 257 1142 288 Desumsit
1164 258 1234 287 hanc
1252 258 1430 289 locutionem
1457 267 1491 290 ex
1511 259 1613 291 Plauto
1637 269 1690 291 suo
1706 262 1791 300 Persg'

277 307 345 337 Act.
364 308 418 340 1v.
440 309 489 342 Sc.
507 319 537 348 4.
558 319 605 341 vs.
623 319 672 347 71.

562 362 618 391 Dii
635 363 721 391 istam
739 362 885 401 perdant,
906 364 951 391 ita
969 368 1036 391 cata
1057 369 1098 392 est
1117 366 1144 390 et
1162 359 1282 392 callida.

556 413 648 442 Habet
676 423 733 442 cor.

975 521 1087 530 ...—

566 595 828 625 FABULA
886 594 1229 627 VIGESIMA
1285 596 1501 628 PRIMA.

728 691 812 710 DIES
848 692 991 712 Fzsrus
1027 693 1062 711 ET
1100 692 1336 714 PROFESTUS·

569 766 683 795 Festum
704 768 734 794 in
754 766 827 796 diem
846 767 988 805 profestos
1007 768 1231 804 insurrexerat,

565 816 670 846 Odiosa
689 827 789 856 magno
804 819 913 857 probra
933 820 1057 848 clamore
1075 820 1224 857 ingerens:

560 868 639 905 Quid
656 876 701 905 te,
722 871 838 908 inquit,
859 872 983 908 ignave,
1004 882 1060 902 esse
1079 871 1194 901 tandem
1217 873 1393 908 existimas,

560 918 616 956 Qui
635 926 695 948 tam
714 922 815 956 otiose,
847 920 1021 959 delicatam,
1043 933 1078 952 ac
1097 922 1296 961 splendidam,

560 971 626 999 Sine
646 978 745 1009 opere,
766 973 825 1000 sine
843 971 958 1007 labore,
978 975 1068 1002 vitam
1089 974 1229 1010 ductiles,

561 1020 670 1050 Sudore
683 1029 776 1060 parta
791 1023 944 1062 profligens
963 1034 1020 1054 meo
1039 1025 1139 1055 bona?

563 1071 625 1100 Olli
644 1072 774 1103 renidens
794 1073 899 1102 leniter
910 1074 1004 1110 festus
1024 1074 1081 1103 dies
1090 1085 1101 1103 .·

566 1123 609 1153 Et
628 1126 729 1153 merito
749 1126 823 1161 alis,
844 1126 908 1162 ait,
930 1127 1014 1154 sortis
1031 1133 1175 1155 auctorem
1195 1133 1282 1154 tuae:

561 1174 678 1203 Etenim
698 1175 873 1212 quidemn,
894 1176 979 1204 stulte
996 1177 1057 1205 sine
1077 1178 1147 1206 me?
1167 1185 1256 1212 nam,
1279 1176 1335 1204 nisi

565 1225 628 1263 Ego
640 1226 736 1261 festus
755 1236 837 1256 essem
848 1248 859 1264 ,
881 1234 915 1256 tlt
932 1227 1074 1265 prqf'estus
1094 1236 1148 1258 non
1159 1225 1253 1263 fores.

564 1325 643 1357 Ordo
663 1329 850 1367 optimatum,
867 1329 958 1369 plebis
980 1331 1062 1360 haud
1078 1330 1161 1360 dubie
1183 1337 1222 1360 est
1243 1331 1329 1361 salus.

313 1422 381 1452 Dies
402 1424 501 1452 Festus
521 1429 547 1452 et
573 1423 733 1461 Profestos.
773 1427 912 1457 Desumta
931 1428 1039 1458 Fabula
1057 1435 1072 1456 e
1087 1426 1240 1462 {Plutarchi
1263 1425 1363 1454 libello
1381 1424 1415 1454 de
1434 1425 1559 1454 Fortuna
1575 1425 1790 1460 Romanorum,

278 1475 327 1502 ubi
350 1475 432 1504 tradit
459 1475 514 1504 hoc
539 1477 664 1513 apologo
689 1485 774 1506 usum
805 1478 897 1508 fuisse
916 1479 1143 1509 Themistoclem
1161 1479 1195 1507 ad
1212 1478 1352 1507 sedandos
1371 1477 1557 1514 quorumdam
1572 1478 1791 1508 Atheniensium

277 1527 409 1562 animos,
431 1527 481 1562 qui
503 1527 642 1563 praeferri
666 1528 722 1564 ipsi
748 1529 914 1565 cupiebant.
956 1530 1077 1568 OrIgine
1101 1530 1189 1568 igitur
1210 1536 1238 1559 et
1255 1529 1461 1566 praeceptione
1479 1529 1580 1558 similis
1606 1536 1650 1558 est
1673 1529 1792 1559 notissi-

278 1585 338 1605 mae
362 1577 404 1605 illi
429 1577 559 1606 Menenii
583 1578 729 1615 Agr19pae
757 1578 869 1609 fabulae
892 1590 948 1618 qua
973 1582 1140 1612 seditiosam
1167 1581 1278 1618 plebem
1306 1581 1441 1617 reduxit3
1461 1580 1521 1610 vid.
1547 1579 1650 1609 Livius
1669 1579 1739 1610 Lib.
1752 1582 1790 1609 11.

276 1636 342 1664 cap.
364 1638 410 1664 32.

318 1679 431 1708 Festum
452 1694 488 1702 ·-
503 1681 657 1718 profestos.
701 1682 816 1719 Festos,
835 1684 972 1721 profestos
1000 1692 1050 1715 aut
1074 1686 1219 1716 intercisos
1237 1693 1336 1714 omnes
1354 1683 1415 1713 dies
1432 1682 1549 1712 vocavit
1565 1682 1673 1712 Numa.
1716 1682 1793 1711 Festi

279 1730 334 1757 diis
360 1731 445 1759 dicati
473 1739 552 1762 sunt.
592 1732 717 1762 Profesti
745 1734 911 1764 hominibus
940 1736 978 1765 ob
1004 1737 1251 1766 administrandam
1269 1744 1328 1765 rem
1346 1734 1486 1772 privatam
1503 1734 1708 1770 publicamque
1723 1741 1793 1763 con·

277 1781 365 1809 cessi.
405 1782 537 1811 Intercisi
561 1782 680 1812 deorum
703 1784 912 1822 hominumque
935 1796 1103 1817 communes
1127 1794 1216 1820 sunt,
1238 1786 1375 1815 Mam-ob.
1404 1785 1466 1814 Sat.
1491 1783 1559 1814 Lib.
1576 1785 1601 1814 1.
1623 1792 1687 1819 cap.
1709 1786 1754 1813 16.

319 1831 423 1860 Odiosa
438 1833 530 1871 proba
549 1836 691 1873 ingerens.
733 1835 837 1865 Livius
866 1836 938 1868 Lib.
954 1838 993 1868 Π.
1020 1847 1084 1876 cap.
1098 1847 1147 1877 45⁶,
1179 1858 1198 1874 ‚,
1215 1838 1258 1867 his
1265 1837 1344 1875 freti
1362 1842 1509 1867 occursant
1521 1838 1636 1874 portis,
1656 1838 1791 1874 ingemat

285 1904 303 1920 „
319 1882 463 1921 probra.”
484 1885 589 1915 Horat.
610 1885 681 1916 Lib.
701 1887 726 1916 Ι.
747 1887 811 1917 Sat.
828 1894 858 1925 5¹.
879 1897 925 1920 VS.
947 1897 994 1919 11.

570 1934 640 1965 Tum
657 1939 742 1976 pueri
761 1939 877 1978 nautis,
892 1941 992 1978 pueris
1011 1941 1137 1972 convicia
1157 1948 1262 1972 nautae

568 1985 711 2025 Ingercxe.

1710 2138 1795 2170 EA.
