1919 2511
262 198 296 224 28
569 195 765 226 PETRI
813 191 1450 229 ABRAHAMIJELT'ES

262 278 398 315 Longum
424 285 517 308 autem
541 278 663 307 musculi
691 275 841 313 Tricipitis
865 280 950 312 caput
976 273 1113 309 impedit,
1142 275 1297 310 quominus
1327 276 1460 305 humerus
1487 276 1572 305 nimis
1599 279 1654 307 alte
1683 287 1769 309 attra-

265 331 357 358 hatur.

301 380 349 409 M.
372 381 614 418 Infra-spinams
639 379 721 407 etiam
750 387 828 406 suam
863 384 955 406 servat
981 376 1168 405 directionem
1195 377 1422 414 horizontalem3
1451 379 1580 416 adjacens
1607 381 1678 409 enim
1711 390 1774 410 sca·

265 434 349 468 pulae
376 431 502 468 spinae,
533 439 604 466 quae
640 430 795 466 respondet
830 427 1002 456 horizontali
1028 425 1141 463 lineae,
1171 428 1262 456 medio
1294 429 1370 457 sinui
1397 430 1573 465 articulari,
1612 430 1764 467 inscriptae

262 484 291 512 in
320 483 413 511 eadem
442 481 599 510 directione
617 501 627 516 ‚
663 483 719 516 quai
748 489 788 509 m.
821 478 1068 515 supra-spinatus
1099 478 1256 514 deorsum,
1285 480 1318 508 ad
1347 480 1511 509 insertionis
1542 489 1680 517 punctum
1707 492 1771 511 sur-

265 543 327 563 sum
357 534 559 570 protrahitur,
590 532 628 560 ita
659 538 690 560 ut
722 537 844 565 uterque
871 530 1019 557 musculus
1037 549 1047 564 ‚
1077 537 1108 556 se
1142 529 1262 558 invicem
1294 531 1429 559 accedens
1447 552 1456 566 ‚
1489 531 1660 567 triangulum
1689 534 1770 568 quasi

263 584 438 620 constituat,
467 584 549 620 cujus
573 582 649 611 basis
678 588 721 610 est
747 589 843 618 margo
869 579 998 609 cavi‘tatis
1024 581 1156 615 scapulae
1183 587 1316 609 externus
1336 588 1364 610 et
1383 590 1455 617 apex
1475 582 1624 618 utriusque
1644 584 1768 613 tendinis

267 644 436 665 extremum.

300 688 348 717 M.
370 687 604 725 Subscapularis‚
632 695 647 714 a
676 685 768 721 capite
793 691 954 713 antrorsum
981 685 1078 712 luxato
1104 692 1205 712 versus
1229 684 1369 714 anteriora
1394 687 1572 722 propuIsm,
1594 695 1653 716 non
1681 694 1771 717 mutat

260 740 442 768 directionem
468 739 675 767 horizontalem
701 743 833 773 respectu
855 735 983 765 cavitatis
1008 735 1192 771 gleno'ideae‚
1223 736 1273 764 sed
1301 736 1414 771 quidem
1439 737 1473 765 ab
1505 737 1554 766 illa
1583 738 1710 774 recedit,
1738 746 1768 767 et

262 790 398 819 remotior
423 790 455 818 fit
473 799 488 817 a
506 796 605 818 centro
621 787 750 817 cavitatis
768 788 919 824 scapulae,
940 787 1034 825 capite
1051 786 1126 816 ossis
1142 787 1272 824 humeri,
1294 794 1326 816 ut
1341 788 1461 825 dicunt,
1483 789 1537 817 sub
1554 791 1684 819 musculo
1703 798 1770 826 pec-

263 842 345 871 toraii
365 842 562 872 delitescente.

299 893 345 921 M.
372 892 477 920 Terens
497 894 613 921 minoris
635 893 716 921 etiarn
743 892 858 927 minus,
881 900 964 927 quam
992 892 1021 921 in
1048 890 1194 921 luxatione
1223 899 1323 921 versus
1347 890 1503 927 inferiora,
1531 891 1652 921 directIO
1680 899 1770 922 muta—

259 951 327 979 tur,
349 951 435 980 caput
465 944 538 972 enim
567 943 676 971 humeri
701 943 809 979 luxati,
838 942 904 971 licet
924 951 939 971 a
958 949 1057 971 centro
1084 943 1217 978 scapulae
1236 942 1370 978 aberret,
1391 942 1421 971 in
1449 943 1549 971 eadem
1564 943 1623 971 fere
1643 951 1768 973 remanet

260 995 425 1023 directionis
443 995 518 1023 linea
533 994 707 1023 horizontali
720 1015 729 1029 ‚
752 994 789 1022 ita
809 1000 841 1021 ut
859 993 925 1022 inde
943 993 1056 1029 quidem
1079 994 1187 1023 oriatur
1204 995 1293 1031 major
1309 994 1403 1022 tensio
1420 993 1517 1022 teretis
1537 993 1655 1023 minoris
1675 995 1767 1032 (24),

260 1048 310 1076 sed
337 1049 416 1077 nulla
437 1047 569 1077 fibrarum
596 1047 797 1077 muscularium
825 1048 854 1076 in
880 1048 1014 1083 scapulae
1033 1045 1184 1084 superficIe
1207 1046 1322 1073 externa
1348 1045 1422 1073 situs
1447 1045 1578 1075 mutatio.

296 1099 345 1128 M.
367 1099 447 1127 Teres
467 1099 576 1135 masor,
598 1100 692 1128 solum
718 1099 753 1127 ad
778 1105 874 1126 motus
900 1098 1010 1127 humeri
1035 1097 1225 1135 perficiendos
1248 1095 1426 1131 destinatus,
1447 1104 1500 1125 nec
1526 1096 1680 1132 ligamento
1703 1106 1769 1134 cap-

260 1151 348 1179 sulari
367 1159 514 1186 annexus,
535 1152 660 1186 nullam,
683 1151 777 1186 quoad
796 1156 936 1186 punctum
960 1150 1047 1179 fixum
1070 1150 1182 1187 (25),
1204 1146 1285 1175 subit
1301 1146 1376 1175 situs
1402 1146 1609 1182 mutationem,
1631 1154 1660 1176 et
1675 1148 1769 1176 difec-

258 1202 300 1230 tio
324 1202 466 1238 musculi,
488 1211 503 1230 a
528 1202 652 1237 margine
681 1207 800 1229 externo
831 1199 885 1228 sub
913 1206 1001 1228 terete
1024 1199 1127 1229 minori
1144 1199 1179 1228 ad
1196 1198 1306 1226 humeri
1323 1198 1508 1226 tuberculum
1530 1197 1673 1227 internum
1696 1198 1769 1227 obli·

262 1262 316 1289 que
340 1253 504 1288 tendentis,
535 1259 645 1282 tantum
670 1252 756 1280 modo
782 1251 920 1280 remotior
938 1250 1005 1280 fita
1030 1252 1116 1287 plano
1139 1249 1268 1279 cavitatis
1291 1249 1468 1285 gleno’ideae.

292 1306 354 1344 Jam
373 1314 459 1341 vero,
481 1305 506 1333 si
533 1305 567 1333 ad
593 1303 738 1333 variorum
764 1304 982 1338 musculorum,
1003 1301 1075 1331 hanc
1099 1300 1326 1330 articulationem
1351 1299 1558 1335 ambientium,
1577 1299 1767 1329 directionem

257 1357 449 1392 attendamus,
472 1355 554 1385 facile
576 1361 713 1390 constat,
734 1354 864 1384 cubitum
887 1354 975 1391 magis
999 1353 1134 1382 recedere
1152 1352 1256 1381 debere
1278 1360 1295 1380 a
1312 1351 1423 1386 costis,
1445 1358 1473 1379 et
1495 1358 1654 1380 extrorsum
1672 1351 1765 1386 vetti,

259 1417 342 1444 quam
367 1408 396 1437 in
420 1407 566 1436 luxatione
593 1407 701 1437 axillari
721 1408 827 1445 (26);
850 1416 902 1437 nec
927 1407 1020 1436 minus
1049 1412 1111 1435 tute
1133 1413 1148 1432 e
1177 1403 1236 1432 situ
1257 1401 1364 1438 capitis.
1388 1402 1478 1431 luxati
1502 1401 1698 1431 deducendum
1722 1401 1766 1431 vi·

258 1460 357 1495 detur,
380 1459 458 1496 quod
482 1459 549 1487 haec
575 1458 684 1488 luxatio
707 1458 801 1488 minus
825 1459 961 1488 dolorosa
986 1457 1046 1494 sit,
1071 1463 1156 1493 quam
1171 1454 1356 1491 praecedens.

297 1537 327 1572 §-
349 1544 377 1572 3.
417 1536 463 1565 De
481 1537 539 1564 situ
554 1541 581 1563 et
600 1534 751 1563 directione
770 1536 834 1564 ossis
854 1535 966 1564 humeri
985 1533 1030 1563 adv
1042 1539 1171 1562 centrum
1189 1531 1324 1560 castitatis
1342 1529 1496 1568 scapulae,
1516 1538 1566 1558 nec
1584 1538 1638 1558 non
1654 1538 1730 1558 mus-

541 1587 669 1615 culorum
689 1588 720 1614 in
739 1586 832 1615 tertia
850 1587 1005 1616 laxationis
1023 1588 1109 1626 specie
1138 1587 1266 1624 (versus
1286 1583 1449 1621 posterIOra
1458 1583 1487 1620 ).

299 1665 414 1694 Omnes
430 1668 559 1693 auctores
579 1670 637 1691 uno
656 1670 707 1690 ore
718 1662 803 1699 hujus
819 1663 974 1692 luxationis
996 1663 1138 1692 raritatem
1155 1668 1295 1690 testantur
1306 1680 1317 1696 ,
1337 1660 1422 1696 eujus
1443 1657 1484 1687 rei
1505 1665 1616 1686 causam
1633 1658 1766 1687 nonnulli

260 1721 372 1752 ponunt
400 1714 429 1744 in
447 1712 564 1743 acromii
583 1712 735 1742 obstaculo
757 1713 868 1750 (27),
889 1714 941 1743 alii
957 1713 1109 1743 directioni
1132 1712 1244 1742 humeri
1270 1710 1451 1745 attribuunt,
1475 1708 1504 1737 in
1527 1709 1583 1744 qua
1607 1708 1742 1737 humerus
1754 1728 1771 1744 ,⁴

1739 1766 1771 1788 ut

292 1852 375 1886 (24)
402 1852 535 1878 Thomson
559 1852 578 1877 l·
594 1858 619 1878 c.
643 1860 670 1884 p.
689 1858 745 1884 545.
772 1852 855 1878 dicit:
882 1853 906 1879 in
931 1854 1073 1881 luxatione·
1092 1853 1155 1880 intra
1182 1853 1284 1878 axillam
1308 1851 1464 1877 couti-arium
1487 1849 1605 1881 obtinet,
1631 1846 1668 1873 ibi
1696 1848 1760 1873 enim

261 1901 349 1926 teretis
374 1899 477 1924 minoris
497 1896 685 1930 reprehenditur
707 1898 837 1925 relaxatio.

296 1944 377 1980 (25)
402 1945 468 1972 Nam
492 1943 552 1970 illud
579 1950 700 1977 punctum
722 1944 839 1970 amittunt
866 1945 891 1970 in
914 1945 1004 1978 quavis
1026 1945 1162 1972 luxationis
1189 1944 1276 1977 specie
1294 1943 1421 1974 musculi,
1448 1941 1492 1975 qui
1519 1942 1545 1967 in
1566 1947 1635 1968 statu
1660 1940 1764 1966 articuli

261 1993 364 2027 normali
378 1991 476 2017 humeri
492 1991 570 2022 capiti
588 1990 762 2021 imcumbunt,
780 1990 896 2023 illudque
913 1992 938 2017 in
957 1992 1064 2019 cavitate
1082 1993 1279 2025 amplectuntur.

296 2037 380 2072 (26.)
408 2038 514 2070 Cooper
540 2037 558 2063 1.
577 2043 602 2063 c.
625 2044 652 2069 p.
669 2042 711 2069 4¹.

295 2083 374 2119 (27)
401 2083 466 2110 Illud
489 2083 620 2110 acromion
635 2089 751 2116 tanquam
767 2083 932 2111 obstaculum
945 2084 1085 2111 luxationis
1100 2083 1246 2118 posteriora
1264 2088 1369 2114 νεπειιε,
1386 2080 1524 2115 valdopere
1542 2079 1645 2108 differre
1667 2084 1765 2113 posse,

1730 2123 1769 2148 fa·
