1919 2511
321 170 359 200 54
578 157 807 189 CLAUDII
847 153 1077 187 HENRICI
1115 161 1196 183 VAN
1237 151 1583 184 HERWERDEN

327 252 404 274 tutes
421 242 536 281 maioris
562 242 650 273 etiam
668 241 750 277 pretii
769 239 902 268 habuisse
930 246 1011 273 quam
1038 236 1247 272 eruditionem,
1269 236 1315 265 cui
1340 236 1405 266 illae
1425 244 1485 266 non
1515 235 1730 266 comitarentur.
1767 235 1833 265 Hoc

329 302 388 324 erat
422 294 500 330 quod
529 293 558 322 in
586 291 734 328 capitulari
763 287 994 325 interrogationis
1015 307 1026 323 ,
1059 287 1138 322 quod
1171 288 1295 323 dicitur,
1329 295 1363 316 ex
1389 287 1537 325 episcopis
1563 286 1722 323 ceterisque
1755 287 1838 316 cleri·

329 347 371 375 cis
397 351 545 381 quaereret
564 343 656 381 (ι),
689 351 771 378 quam
798 341 950 370 utilitatem
977 344 1074 375 pastor
1098 338 1233 367 ecclesiae
1255 337 1386 374 adferat,
1416 338 1536 367 studens
1565 337 1653 374 magis
1675 343 1707 365 ut
1729 339 1837 368 multos

330 406 414 434 quam
435 397 530 427 bonos
556 396 634 424 cives
664 395 766 423 habeat
791 392 959 427 docendos,
981 396 1014 419 ut
1038 388 1161 418 clericus
1186 390 1232 418 vel
1252 389 1409 418 monachus
1432 396 1503 417 suus
1530 387 1601 417 bene
1626 389 1701 425 legat
1721 394 1750 416 et
1771 396 1837 418 can·

329 455 392 484 tet,
424 456 507 484 quam
533 454 564 476 ut
590 447 637 483 pie
660 447 797 484 justeque
818 444 894 472 vivat
910 442 924 471 2
966 440 1058 469 Recte
1083 439 1212 468 cantandi
1241 447 1269 469 et
1292 439 1402 476 legendi
1428 438 1557 475 peritiam
1582 438 1698 468 minime
1725 438 1838 476 quidem

331 509 395 529 esse
416 499 623 536 spernendam,
643 499 694 527 sed
717 497 799 526 etiam
823 495 933 525 summa
958 490 1099 523 industria
1127 497 1154 519 et
1178 489 1327 527 diIIgentia
1352 490 1546 520 exercendam.¹
1588 490 1630 519 At
1656 499 1725 519 vero
1744 490 1770 519 si
1792 493 1837 521 vel

332 552 429 580 harum
448 551 550 579 artium
564 570 574 586 ‚
595 550 641 579 vel
666 547 782 578 virtutis
811 546 938 576 studium
959 544 1100 581 quoddam
1120 550 1147 571 et
1165 542 1376 572 consummatio
1395 542 1578 571 desideranda
1603 541 1683 578 sint,
1704 542 1836 579 profecto

332 603 439 636 vitam,
464 604 498 631 ad
524 602 640 631 virtutis
661 607 812 638 praecepta
837 597 1016 628 informatam
1034 596 1080 624 vel
1105 594 1215 630 optime
1233 594 1376 623 instructo
1401 594 1493 622 choro
1522 601 1586 622 esse
1609 593 1839 630 praeferendam.

333 653 454 682 Omnem
480 662 549 682 vero
576 654 647 682 hanc
673 651 926 688 interrogationem
951 645 1085 685 persequi
1110 645 1225 682 longius
1250 644 1347 680 foret,
1376 653 1428 674 nec
1458 644 1539 673 etiam
1567 644 1688 674 attinere
1713 645 1839 675 videtur.

332 706 414 742 Quae
438 706 500 742 ejus
524 704 561 733 sit
591 713 670 733 mens
697 703 776 739 quasi
805 711 832 731 et
858 701 1000 738 spiritus,
1024 698 1099 727 dicta
1117 717 1127 732 ‚
1159 697 1245 725 credo
1264 716 1275 732 ,
1303 695 1374 724 satis
1401 695 1569 724 ostendunt.
1608 694 1656 724 Ad
1673 696 1726 725 alia
1751 696 1839 733 igitur

333 762 520 784 transeamus.
561 754 665 784 Voluit
694 755 818 783 Carolus
835 773 845 789 ,
881 758 914 781 ut
940 749 1036 779 clerici
1061 748 1116 777 sibi
1142 747 1334 784 patefacerent
1350 768 1361 784 ,
1389 756 1445 783 qua
1468 747 1578 776 ratione
1603 754 1738 784 putarent
1765 748 1837 785 ipsis

332 816 395 836 esse
419 807 593 842 vivendum,
616 813 647 835 ut
669 806 735 835 inde
760 810 971 842 cognosceret,
993 801 1063 837 quid
1082 800 1262 829 credendum
1294 804 1370 827 esset
1387 798 1422 827 de
1440 798 1604 831 rumoribus
1627 807 1701 834 quos
1724 799 1759 828 de
1777 808 1841 830 mo-

328 859 409 888 ribus
432 867 530 888 eorum
559 858 702 895 acciperet
722 857 803 895 (2).
844 855 938 885 Etiam
961 861 1010 881 eos
1032 851 1163 880 hortatus
1189 857 1254 886 est,
1277 859 1313 879 ne
1337 849 1419 887 parvi
1441 849 1599 886 penderent
1625 849 1682 879 sibi
1706 850 1840 885 comm1s.

330 918 379 938 sos
403 909 536 945 animos,
567 918 620 939 nec
644 909 779 946 maj0rem
805 915 900 936 curam
929 902 1072 934 terrestris
1097 902 1170 930 lucri
1201 908 1350 938 gererent,
1380 909 1462 937 quam
1489 907 1617 930 aeternae
1642 908 1741 929 eorum
1765 902 1843 942 salu·

329 961 365 989 tis
389 961 470 998 (3).
518 959 678 989 Admonuit
697 959 820 989 clericos
851 965 991 994 quoque,
1021 963 1053 984 ut
1075 954 1297 984 domesticorum
1323 963 1355 982 ac
1377 953 1575 983 ministrorum
1601 962 1719 982 suorum
1744 962 1840 986 mores

327 1012 527 1042 observarent.
567 1013 631 1041 Hos
659 1012 733 1041 enim
761 1011 810 1047 qui
837 1010 979 1048 negligat,
1001 1017 1060 1038 non
1080 1016 1168 1044 posse
1188 1015 1250 1034 cum
1273 1004 1458 1034 conversioni
1481 1004 1601 1033 aliorum
1627 1005 1766 1041 prodesse
1784 1007 1843 1034 vel·

329 1064 355 1093 le
379 1064 394 1096 <
404 1074 423 1099 4
436 1063 464 1100 ).

366 1114 462 1143 Anxie
480 1113 623 1142 sollicitus
642 1113 732 1142 fuisse
751 1113 843 1143 fertur
862 1112 986 1141 Carolus
1006 1108 1130 1145 Magnus
1142 1129 1149 1141 ,
1176 1107 1233 1143 qua
1257 1105 1365 1134 ratione
1384 1104 1545 1134 sacerdotes
1569 1105 1707 1134 tractandi
1723 1112 1841 1142 essent,

328 1174 471 1202 quorum,
501 1164 598 1194 delicti
619 1170 839 1198 accusatorum,
872 1171 967 1198 neque
999 1161 1103 1196 culpa,
1135 1167 1229 1194 neque
1255 1157 1420 1187 innocentia
1444 1156 1560 1193 probari
1584 1163 1696 1193 posset.
1720 1157 1840 1194 -Papam

326 1218 414 1254 igitur
443 1217 474 1245 ea
503 1216 538 1244 de
561 1224 591 1244 re
613 1215 773 1243 consuluit.
823 1214 892 1251 Quo
917 1220 1034 1242 auctore
1069 1211 1140 1240 hanc
1163 1209 1317 1238 constituit
1346 1207 1465 1237 formam
1489 1207 1611 1244 judicii,
1642 1215 1695 1243 ut,
1725 1208 1750 1241 si
1775 1207 1847 1244 quis>

329 1268 451 1297 clericus
478 1266 512 1295 ab
538 1273 727 1301 accusatore,
748 1266 794 1294 cui
821 1265 976 1294 secundum
998 1273 1123 1294 canones
1144 1262 1296 1293 accusandi
1321 1261 1405 1298 copia
1432 1267 1507 1290 esset
1535 1267 1621 1297 atque
1643 1260 1784 1297 facultas,
1805 1260 1846 1291 ad,

327 1320 451 1357 judicem
473 1326 559 1347 suum
585 1316 766 1353 deferretur,
786 1318 947 1353 culpaeque
975 1315 1216 1350 convinceretur,
1232 1339 1233 1343 ,
1242 1313 1381 1351 judicium
1409 1320 1442 1342 ac
1469 1320 1589 1348 poenam
1614 1312 1771 1343 secundum
1798 1313 1841 1342 le·

330 1380 380 1408 ges
408 1369 614 1400 ecclesiasticas
638 1369 759 1398 subiret.
807 1367 922 1406 Quodsi
945 1375 1013 1396 vero
1041 1373 1191 1396 accusator
1212 1367 1326 1402 culpam
1349 1373 1408 1394 non
1436 1363 1708 1400 comprobavisset,
1739 1370 1768 1393 et
1793 1363 1846 1393 ali·

330 1423 380 1458 qui
401 1429 512 1458 tamen,
534 1422 581 1451 vel
602 1420 753 1458 episcopi,
776 1420 823 1449 vel
851 1418 1033 1454 sacerdotes,
1054 1419 1101 1446 vel
1126 1417 1216 1453 boni,
1246 1418 1293 1446 vel
1319 1415 1402 1445 etiam
1429 1415 1464 1444 de
1487 1414 1574 1452 plebe
1594 1415 1747 1452 homines,
1774 1424 1844 1445 vere

329 1482 408 1502 reum
431 1482 493 1502 esse
519 1473 644 1502 delatum
669 1471 906 1508 suspicarentur,
927 1476 960 1498 ut
984 1476 1042 1498 tum
1070 1468 1254 1506 iureiurando
1269 1487 1281 1503 ,
1312 1465 1391 1496 omni
1420 1472 1570 1503 praesente
1595 1468 1708 1504 populo
1725 1485 1737 1504 ,
1768 1474 1798 1495 se
1826 1474 1842 1497 a

331 1526 417 1562 culpa
444 1531 593 1561 purgaret.
634 1524 703 1562 Quo
728 1523 805 1552 facto
828 1523 863 1552 ad
885 1530 989 1551 munus
1007 1521 1109 1550 rediret
1130 1518 1212 1558 (5).

384 1576 484 1605 Caroli
513 1582 644 1612 ternpore
669 1574 773 1603 summi
800 1574 857 1603 loci
879 1573 1022 1602 antistites
1047 1581 1063 1601 a
1085 1573 1191 1601 virtute
1209 1578 1276 1598 vere
1299 1568 1467 1599 Christiana
1490 1569 1572 1598 valde
1593 1569 1704 1598 remoti
1728 1576 1757 1598 et
1771 1569 1846 1599 alie-v

332 1626 362 1655 ni
385 1625 476 1654 fuisse
496 1625 643 1655 videntur.
683 1625 760 1659 Pax‚
791 1623 965 1658 concordia,
995 1622 1118 1650 amicitia
1143 1630 1214 1650 vana
1234 1621 1269 1649 iis
1294 1627 1374 1649 erant
1397 1621 1444 1649 vel
1469 1621 1552 1656 plane
1577 1620 1676 1656 ignota
1709 1621 1838 1651 nomina.

334 1678 365 1707 In
384 1677 483 1714 primis
501 1676 599 1706 Italiae
626 1676 760 1713 episcopi
783 1675 857 1706 inter
879 1683 910 1703 se
929 1674 1087 1706 certabantq
1129 1672 1214 1702 Unus
1239 1672 1270 1700 in
1291 1670 1435 1699 dioecesin
1455 1669 1572 1699 alterius
1597 1670 1627 1699 vi
1653 1677 1740 1706 atque
1756 1671 1853 1701 armis

334 1729 520 1766 irrumpebat.
562 1728 609 1757 Ad
632 1735 702 1763 quas
723 1727 881 1756 discordiae
906 1726 1105 1760 bellorumque
1124 1723 1325 1752 intestinorum
1347 1722 1471 1751 flammas
1490 1722 1716 1757 compescendas
1741 1728 1772 1752 et
1794 1730 1851 1759 ex-¹

333 1780 516 1818 stinguendas
547 1778 672 1808 Carolus
697 1786 763 1808 cum
790 1777 964 1806 Hadrianum
995 1775 1164 1806 Pontificem
1192 1775 1360 1804 exhortatus
1384 1779 1427 1802 est
1458 1773 1550 1810 (6),
1580 1780 1640 1802 tum
1667 1774 1761 1804 vetuit
1785 1776 1844 1805 cle.

1807 1835 1856 1856 n-;

373 1914 439 1950 (1)
458 1914 535 1949 Apud
555 1913 640 1940 Mansi
660 1918 679 1939 t.
693 1911 769 1939 Xlll.
787 1919 814 1944 p.
828 1911 886 1941 876.
905 1918 930 1938 n.
945 1918 969 1943 3.
1106 1907 1171 1942 (2)
1190 1906 1256 1934 Vid.
1276 1907 1362 1933 Mansi
1382 1913 1402 1932 t.
1415 1904 1493 1933 ΧΙΙΙ.
1511 1913 1537 1939 p.
1555 1913 1613 1940 ¹07·
1630 1914 1655 1934 n.
1670 1914 1695 1935 ο.

372 1963 439 1997 (3)
457 1962 544 1995 capit.
562 1969 585 1986 a.
602 1962 662 1994 789.
685 1967 712 1987 n.
730 1966 755 1991 3.
773 1966 814 1991 ap.
835 1959 919 1984 Mansi
937 1965 957 1984 t.
975 1958 993 1984 1.
1011 1956 1121 1991 append.
1139 1964 1165 1983 2.
1191 1963 1218 1989 p.
1240 1961 1297 1991 177.
1326 1955 1382 1981 Bal.
1400 1961 1459 1986 24¹·
1631 1985 1634 1987 Α

376 2008 439 2044 (4)
458 2010 524 2042 Cap.
542 2009 594 2033 inc.
614 2014 637 2034 a.
655 2014 697 2039 ap.
715 2006 805 2032 Baluz.
824 2012 851 2037 p.
869 2011 930 2036 251.
1031 2001 1098 2037 (5)
1118 2003 1175 2029 Bal.
1194 2010 1222 2035 p·
1236 2008 1296 2034 327.
1316 2001 1402 2027 Mansi
1421 2008 1439 2027 t.
1458 2001 1477 2025 l.
1495 2007 1522 2033 p.
1541 2007 1606 2033 233,
1622 2006 1682 2033 234.

374 2057 438 2091 (6)
456 2064 488 2090 34
505 2064 544 2089 ap.
563 2055 650 2086 Bouq.
668 2061 695 2086 p.
711 2054 770 2086 578.
787 2052 824 2078 cf.
843 2057 885 2083 ep.
902 2057 945 2083 35.
963 2057 986 2076 a.
1000 2057 1060 2083 790-
1077 2051 1183 2082 scripta.
1223 2048 1351 2074 Exstabat
1366 2048 1416 2080 jam
1435 2054 1510 2073 vetus
1526 2049 1550 2072 in
1569 2047 1713 2074 invasiones
1732 2047 1845 2081 ejusmo-

341 2105 366 2130 di
387 2106 430 2131 lex
447 2110 524 2137 quam
547 2100 686 2127 Hadrianus
706 2100 804 2125 Carolo
821 2098 937 2130 obtulit-f
960 2096 1022 2123 Vid.
1040 2097 1126 2123 Mansi
1146 2102 1165 2122 t.
1180 2095 1241 2122 XII.
1259 2102 1288 2127 p,
1302 2094 1361 2127 859.
