1919 2511
137 180 631 264 SERIES
749 155 1642 292 LE’CTIONUM,

312 335 384 376 IN
433 331 774 376 ACADEMIA
825 333 1456 377 LUGDUNo-BATAVA

501 467 734 502 habendarum
757 469 776 500 ὲ
798 465 850 501 die
872 478 933 501 xx1
954 453 1159 512 'Septembris
1184 471 1284 504 1824:

399 606 807 647 RE‘CTORE
857 606 1370 649 MAGNIFICO

155 718 752 775 GERARDO
851 719 1615 777 SANDIFORT.

541 979 901 1017 FACULTAS
952 981 1226 1020 MEDICA.

150 1084 193 1115 G.
211 1080 526 1115 SANDIFORT
548 1080 763 1115 Anatomiam
781 1081 1041 1124 demonstrabit,
1064 1081 1181 1116 diebus
1200 1085 1338 1126 Lunae,
1362 1084 1504 1125 Martis,
1528 1085 1617 1117 Mer-

191 1134 293 1180 curii,
313 1139 402 1173 Jovis
426 1144 458 1172 et
479 1137 643 1181 Veneris,
666 1138 750 1172 hora
767 1141 812 1172 X.

232 1192 496 1239 Physiologiam,
519 1195 683 1228 Anatome
707 1198 895 1239 comparata
914 1195 1133 1240 illustratam,
1156 1196 1275 1232 iisdem
1292 1196 1428 1239 diebus,
1451 1196 1533 1230 hora
1554 1200 1614 1230 IX.

233 1251 433 1286 Methodum
450 1252 585 1286 secandi
603 1252 771 1288 cadavera
789 1253 951 1297 quotidie,
974 1254 1115 1288 hiberno
1139 1259 1311 1298 tempore,
1334 1253 1376 1287 ab
1398 1254 1434 1287 h.
1446 1257 1496 1288 III
1511 1253 1553 1286 ad
1570 1256 1614 1287 V.

150 1308 203 1341 Μ.·
225 1309 258 1340 S.
283 1320 338 1342 nu
361 1312 450 1342 PUI
473 1308 663 1352 Theoriam
674 1309 867 1354 disciplinae
889 1309 1100 1355 Chirurgicae
1120 1315 1279 1356 exponet,
1304 1308 1422 1343 diebus
1445 1312 1561 1343 Lunae
1584 1314 1615 1342 et

190 1366 371 1409 Mercurii,
394 1367 478 1401 hora
494 1371 521 1401 I.

232 1421 356 1456 Praxin
377 1424 604 1468 chirurgicam
630 1424 665 1458 in
692 1424 892 1458 Nosocomio
916 1424 1132 1466 Academico,
1162 1423 1215 1458 die
1237 1422 1377 1464 MartiS,
1406 1422 1486 1455 hora
1504 1424 1550 1455 X.
1573 1421 1606 1454 d.

273 1481 451 1522 Mercurii,
475 1480 557 1513 hora
573 1483 635 1513 XI.

230 1534 444 1566 Anatomiam
463 1535 690 1576 chirurgicam
715 1543 793 1566 cum
816 1536 1096 1576 operationibus,
1128 1534 1269 1568 hiberno
1296 1540 1466 1578 tempore,
1496 1534 1611 1567 diebus

273 1592 414 1632 Lunae,
437 1590 575 1632 Martis,
599 1589 760 1622 Mercurii
779 1595 813 1622 et
829 1591 939 1630 JoviS‚
961 1591 1046 1624 bora
1062 1593 1107 1625 V.
1400 1633 1403 1635 μ

228 1645 345 1679 'Artem
375 1645 610 1679 obstetriciam
640 1657 718 1679 cum
755 1645 931 1681 theoretice
949 1672 959 1689 ‚
998 1654 1071 1682 tum
1107 1649 1251 1693 practice
1267 1672 1279 1691 ,
1313 1646 1429 1681 diebus
1464 1650 1580 1681 Lunae
1597 1672 1607 1689 ,

272 1705 407 1746 Martis,
439 1704 617 1746 Mercurii,
638 1704 726 1739 Jovis
744 1709 777 1737 et
795 1705 956 1747 Veneris,
978 1704 1062 1739 hora
1080 1707 1158 1739 XII.

230 1760 435 1794 Medicinam
462 1763 645 1794 Forensem
679 1759 874 1805 explicabit,
912 1763 1029 1796 diebus
1063 1764 1223 1799 Mercurii
1254 1770 1287 1799 et
1317 1766 1458 1799 Veneris
1476 1790 1486 1808 ,
1518 1765 1608 1799 horis

272 1817 488 1861 postmodum
518 1816 703 1851 indicandis
730 1823 762 1850 et
785 1829 806 1851 a
833 1817 1050 1854 Lectionibus
1075 1821 1229 1855 Juridicis
1260 1827 1292 1855 et
1316 1822 1457 1856 Medicis
1482 1824 1605 1856 vacuis.

230 1873 519 1916 Disputationibus
540 1873 680 1917 publicis
702 1873 834 1909 vacabit
854 1875 957 1916 horat,
981 1876 1057 1911 dein
1083 1877 1270 1910 indicanda.

140 1932 167 1961 J.
193 1931 229 1962 C.
254 1931 294 1963 B.
318 1931 578 1964 B'ERNARD
601 1930 830 1976 Pathologiam
853 1932 1005 1976 docebit,
1036 1932 1153 1967 diebus
1179 1936 1316 1976 Lunae,
1347 1934 1486 1977 Martis,
1516 1937 1605 1968 Mer-

186 1986 270 2019 curii
293 1992 324 2019 et
344 1985 431 2020 Jovis
445 2011 454 2028 ‚
476 1987 560 2020 hora
578 1990 672 2021 VIII.

227 2044 431 2077 Medicinam
450 2046 639 2077 Praeticam
660 2055 737 2079 cum
763 2046 995 2080 exercitatione
1022 2047 1058 2081 in
1080 2048 1280 2083 Nosocomio
1306 2046 1507 2082 Academico
1533 2047 1606 2081 sin-

228 2099 310 2141 gulis
333 2099 466 2143 diebus,
489 2100 572 2135 hora
588 2102 648 2135 IX.

884 2163 911 2193 A
937 2171 956 2194 2
1575 2161 1631 2192 Μ.ι
