1919 2511
354 185 372 215 8
816 176 1320 210 -SE'RIE-S·

439 266 688 309 Philosophiam
709 265 869 299 moralem
890 264 1017 305 tradet,
1040 263 1155 296 diebus
1178 261 1336 296 Mercurii
1354 265 1387 294 et
1406 259 1547 294 Veneris
1561 283 1570 301 ,
1594 258 1676 292 hora
1698 261 1775 293 XII.

357 326 401 356 H.
433 324 472 356 A.
507 323 771 355 HAMAKER
793 323 827 354 in
851 321 990 353 ,Ieremia
1018 320 1126 352 critice
1151 324 1184 351 et
1211 318 1400 363 philologice
1423 315 1668 359 interpretando
1688 320 1819 359 perget,

399 378 517 412 diebus.
540 379 657 411 Martis
683 384 714 411 ct
734 378 842 419 Jovis,
868 376 950 409 liora
970 379 996 408 I.

444 434 623 476 Arabicae,
667 436 746 466 item
777 434 930 476 Syriacae
952 433 1078 475 linguae
1103 437 1135 463 ct
1153 430 1348 464 Chaldaicae
1374 430 1534 462 elementa
1554 427 1683 471 tradet,
1706 427 1823 460 diebus

487 495 605 525 Lunae
625 497 656 524 et
673 491 848 528 Mercurii,
869 489 950 523 hora
967 492 1000 530 I,
1024 494 1056 521 et
1076 487 1234 529 Veneris,
1258 487 1340 519 hora
1357 487 1418 520 IV.

445 548 573 591 Bidpaji
595 547 723 579 fabulas
750 557 792 579 ex
816 544 958 578 editione
977 546 1144 587 Sacyana,
1176 549 1208 576 et
1234 541 1351 576 Lebidi
1378 553 1513 575 carmen
1541 540 1659 575 fabulis
1682 540 1824 584 subJ'un-

491 609 581 636 ctiun
597 602 791 646 explicabit,
814 601 929 634 diebus
951 601 1069 633 Martis
1088 605 1119 632 et
1137 602 1245 641 Jovts,
1274 599 1358 632 hora
1377 601 1437 632 IV.

445 662 530 692 Bar-
543 658 687 692 Hebraei
713 658 901 691 chronicon
927 657 1100 699 Syriacum
1133 654 1402 699 interpretabitur
1432 653 1653 698 privatissime
1667 679 1676 696 ‚
1709 653 1825 687 diebus

491 716 594 757 Jovis,
617 716 699 748 hora
717 717 748 748 V
764 719 796 746 et
811 716 869 747 VI.

363 774 403 803 P.
428 772 577 803 HOFM
585 772 652 802 AN
673 769 1017 809 PEERLKAMP,
1041 773 1113 812 post
1132 768 1268 811 repetita
1289 767 1380 802 brevi
1396 767 1554 800 relatione
1572 767 1753 811 praecipua
1775 778 1826 800 ca-

405 828 471 868 pita
497 825 661 858 Historiae
691 825 761 858 aevi
784 824 903 864 medii,
926 823 1100 866 explicabit
1125 824 1310 855 Historiam
1340 823 1579 865 recentiorem,
1617 822 1734 856 diebus
1753 824 1828 855 Lu—

410 892 473 913 nae
487 905 498 922 ,
521 882 657 922 Martie,
680 879 838 913 Mercurii
857 885 889 911 et
903 880 1010 920 JoviS‚
1031 878 1115 912 hora
1135 879 1197 911 XI.

448 936 540 970 Idem
560 941 668 979 perget
686 936 892 978 interpretari
912 935 1002 968 Odas
1022 934 1158 967 selectas
1181 936 1223 975 Q.
1243 931 1375 966 Horatii
1399 933 1530 974 Flacci,
1553 932 1671 967 diebus
1690 934 1829 966 Mercu-

495 991 536 1024 rii
559 997 589 1024 et
609 992 717 1029 JOVJS,
739 990 821 1023 hora
845 993 905 1023 IX.

365 1052 401 1080 C.
423 1051 450 1079 J.
475 1051 510 1081 C.
535 1048 796 1088 REUVENS,
819 1045 990 1079 Professor
1013 1044 1326 1086 ExtraorclinariuS,
1358 1043 1488 1077 scholas
1512 1045 1657 1087 privatas
1690 1043 1732 1076 cle
1760 1042 1826 1075 Hi-

412 1103 526 1136 slorjcz
548 1102 694 1135 Artium
708 1126 717 1143 ,
735 1101 942 1145 praecipue
959 1103 1189 1134 Graecarum
1207 1100 1381 1134 habiturus
1396 1105 1464 1134 est:
1488 1100 1606 1143 quibus
1625 1100 1726 1133 horas
1742 1109 1831 1132 com-

411 1159 527 1191 modas
546 1159 580 1190 in
601 1164 750 1200 tempore
772 1157 959 1191 constituet-³

365 1218 392 1245 J.
421 1215 556 1246 BAKE
580 1219 612 1246 ct
632 1216 670 1246 P.
695 1214 918 1246 HOFMAN
940 1213 1269 1247 PEERLKAMP
1293 1212 1475 1256 peculiares
1503 1223 1542 1246 ac
1566 1214 1711 1257 privatas
1732 1215 1832 1249 scho-

411 1270 458 1301 las
486 1269 651 1302 destinant
669 1269 788 1302 futuris
813 1269 986 1312 Philologis
1009 1270 1052 1302 ad
1071 1275 1262 1302 accuratam
1285 1268 1544 1312 interpretandi,
1567 1275 1639 1302 tum
1664 1277 1696 1304 et
1715 1272 1834 1305 Latine

413 1324 540 1358 dicendi
563 1324 790 1368 scribendique
813 1325 1002 1358 facultatem
1028 1325 1265 1366 informandis3
1297 1325 1332 1359 in
1357 1325 1478 1369 quibus
1504 1327 1555 1359 ille
1575 1326 1835 1371 Aristophanis

413 1380 584 1423 qutiteS,
608 1380 661 1413 hic
683 1381 848 1413 Tacitum
871 1380 915 1414 (le
936 1381 1094 1414 moribus
1125 1384 1395 1415 Germanorum
1422 1382 1633 1415 tractandum
1653 1389 1832 1427 proponet,

412 1438 507 1480 idque
529 1439 629 1470 semel
650 1449 709 1481 per
731 1438 990 1480 hebdomadem,
1014 1440 1167 1481 alternis,
1191 1437 1243 1470 die
1264 1439 1405 1471 VeneriS
1419 1462 1429 1479 ,
1454 1437 1537 1471 hora
1558 1440 1636 1472 XII.

458 1506 582 1525 unum
613 1493 897 1535 Disputationibus
921 1493 1061 1537 publicis
1088 1495 1128 1527 de
1155 1495 1341 1539 praecipuis
1370 1495 1560 1528 Literarum
1588 1495 1836 1527 Humaniorum

504 1549 582 1581 locis
602 1551 754 1591 praeesse
773 1554 927 1592 pergent,
954 1549 1007 1581 die
1026 1551 1165 1592 Martis,
1187 1551 1269 1582 hora
1287 1551 1349 1582 nt.

1049 1686 1160 1696 *—

379 1789 419 1819 N.
443 1790 485 1820 G.
511 1798 588 1821 vau
612 1786 853 1828 KAMPEN,
879 1786 982 1820 Liter.
1006 1789 1166 1820 German.
1190 1790 1329 1827 Lector,
1360 1790 1540 1821 Poetarum
1561 1789 1837 1824 Germanicorum

393 1863 395 1866 .
422 1844 628 1886 specimina,
658 1843 733 1876 inde
763 1847 782 1875 ὲι
811 1856 1100 1883 KLOI‘STOCKIO,
1132 1843 1400 1887 interpretabitur
1425 1848 1442 1877 e
1464 1845 1714 1888 Florilegiosuo
1733 1856 1840 1889 nuper

426 1898 511 1941 edito
540 1897 765 1941 (Hccndboelr
789 1898 855 1932 der
879 1898 1149 1942 Hoogdaitsche
1172 1899 1464 1943 Letterlcmzde),
1494 1901 1546 1934 die
1566 1902 1745 1944 Mercurii,
1767 1908 1841 1946 post

425 1954 593 1987 meridiem
611 1954 692 1987 hora
711 1957 771 1989 IV.
797 1961 830 1988 et
850 1955 902 1989 die
919 1956 1059 1990 Veneris
1080 1966 1111 1988 a.
1135 1967 1181 1989 m.
1195 1980 1206 1998 ,
1232 1955 1314 1990 hora
1334 1958 1427 1991 VIII.

468 2010 600 2042 Scholas
622 2010 866 2046 Grammaticus
889 2010 1045 2056 habebit,
1067 2012 1183 2047 diebus
1208 2019 1240 2048 et
1261 2013 1350 2047 horis
1377 2012 1592 2048 Auditoribus
1611 2012 1756 2048 maxime
1781 2024 1840 2058 op-

512 2066 670 2108 poi-timis,

1801 2128 1842 2158 C.'
