1919 2511
614 137 1152 178 LECTIONUMa
1606 167 1625 199 7

200 231 206 234 .
237 222 408 258 calculum
427 219 688 257 Differentialem
709 229 742 257 et
763 226 980 270 Integralem,
1008 227 1124 262 diebus
1145 231 1285 274 Lunae,
1319 233 1479 271 Mercurii
1500 243 1532 274 et
1549 242 1622 276 Ve-

275 280 385 321 neris,
408 284 483 322 post
502 277 695 322 meridiem,
718 279 802 315 hora
819 282 851 313 V
869 288 902 316 et
920 285 979 318 VI.

211 337 444 371 Mechanicam
461 335 680 380 analyticam,
703 337 819 373 diebus
841 341 961 375 Martis
978 347 1011 375 et
1025 342 1133 386 Jovis,
1162 352 1239 389 post
1260 349 1456 394 meridiem,
1486 352 1570 389 hora
1591 359 1623 391 V

273 399 305 427 et
322 396 382 427 VI.

232 453 272 484 In
296 452 432 492 eorum,
454 446 511 493 qui
530 449 732 493 desiderent,
754 453 914 496 gratiam,
944 455 1052 489 tradet
1073 458 1321 502 Geographiam
1344 462 1620 501 Mathematicam

272 513 305 541 et
323 507 520 552 Physicam,
542 506 659 540 diebus
682 513 714 540 et
734 507 825 542 horis
842 509 998 555 deinceps
1016 511 1214 549 indicandis.

133 612 503 652 <FACULTAS
540 610 779 651 PHILOS.
814 612 1045 653 THEOR.
1082 619 1163 657 ET
1197 622 1587 666 LITERARUM.

137 728 165 758 J.
195 727 239 759 Η.
271 736 349 759 vAN
370 737 450 758 nnn
471 725 618 758 PALM
641 726 907 770 Grammaticam
933 715 1127 764 Hebraeam
1148 732 1301 776 docebit,
1333 735 1449 770 diebus
1473 740 1614 782 Lunae,

180 783 320 825 Martis,
344 781 505 815 Mercurii
523 788 555 815 et
570 782 680 824 Jovis,
702 781 787 815 hora
806 785 900 817 VlII.

221 839 441 881 Antiquitates
463 839 659 871 Isra'e'liticas
681 838 870 881 enarrabit,
893 840 1013 874 iisdem
1034 842 1170 886 diebus,
1193 845 1277 880 hora
1297 851 1357 881 IX.

221 897 403 935 Praecepta
426 894 599 926 oratoriae
619 895 739 926 Sacrae
763 895 889 938 tradet,
913 897 1029 930 diebus
1050 900 1169 932 Martis
1194 907 1226 934 et
1241 902 1350 945 Jovis,
1374 903 1497 938 horaI
1480 906 1506 938 I.

221 951 389 985 Coranicis
405 950 600 983 lectionibus
618 950 768 990 vacabit,
793 951 909 985 diebus
929 955 1072 998 Martis,
1104 956 1190 991 hora
1210 960 1244 991 V
1261 964 1292 991 et
1311 961 1371 993 VI.

218 1007 361 1041 Librum
375 1010 391 1040 I
419 1009 548 1051 Regum
574 1006 724 1041 cursoria
756 1007 896 1042 lectione
928 1011 1092 1054 explicare
1117 1020 1247 1058 perget,
1279 1015 1331 1048 die
1356 1018 1520 1060 Veneris,
1550 1018 1609 1051 ho<

258 1075 296 1097 ra
316 1067 343 1097 Ι.

129 1124 178 1155 Μ.
203 1122 552 1155 SIEGENBEEK
583 1121 779 1164 praecipuas
804 1122 972 1156 Historiae
995 1124 1128 1157 Patriae
1151 1127 1295 1170 epochas
1319 1128 1605 1164 observationibus

169 1177 363 1219 illustrabit,
388 1177 505 1210 diebus
526 1180 663 1219 Lunae,
688 1177 809 1211 Martis
821 1203 831 1221 ,
857 1181 1016 1214 Mercurii
1037 1187 1068 1214 et
1086 1183 1192 1225 Jovis,
1216 1184 1299 1218 hora
1321 1186 1416 1219 VIII.

175 1270 181 1275 μ
215 1236 394 1278 Praecepta
417 1235 481 1267 stili
500 1234 586 1267 bene
606 1234 728 1278 Belgici
747 1236 875 1278 tradet,
898 1236 1017 1278 iisdem
1037 1238 1174 1281 diebus,
1199 1239 1282 1274 hora
1302 1242 1378 1275 XII.

211 1292 444 1335 Eloquentiam
466 1292 632 1335 Belgicam
649 1291 799 1335 docebit,
823 1292 876 1326 die
894 1296 1033 1336 Lunae,
1056 1297 1176 1328 Martis
1198 1302 1229 1329 et
1250 1299 1432 1341 Mercurii,
1455 1299 1536 1333 hora
1554 1304 1580 1333 Ι.

209 1348 403 1383 Literarum
424 1350 632 1393 Belgicarum
654 1350 767 1382 seculo
785 1363 860 1384 xvn
881 1350 1054 1384 historiam
1075 1351 1225 1385 criticam
1244 1354 1371 1397 tradet,
1406 1355 1522 1389 dicbus
1542 1359 1601 1388 Jo-

250 1405 301 1440 vis
327 1412 359 1438 et
380 1407 541 1447 Veneris,
565 1405 649 1438 hora
669 1406 695 1439 I.

208 1462 424 1505 Eloquentiae
443 1464 614 1495 exterioris
631 1464 786 1495 exercitia
809 1462 1055 1502 moderabitur,
1079 1463 1131 1496 die
1150 1465 1311 1505 Veneris,
1343 1465 1426 1499 hora
1446 1467 1503 1499 ΙΙΙ.

121 1518 170 1550 Μ.
194 1518 459 1549 TYDEMAN
483 1519 727 1559 Antiquitatem
752 1521 946 1552 Romanam
973 1526 1133 1563 exponet,
1164 1521 1281 1554 diebus
1307 1523 1447 1564 Lunae,
1478 1523 1597 1556 Martis

164 1577 196 1605 et
213 1570 394 1610 Mercurii,
417 1570 502 1604 hora
521 1574 600 1604 XII.
756 1563 758 1565 ’

114 1631 142 1661 J.
166 1630 308 1662 BAKE
336 1626 607 1671 interpretabitur
631 1640 844 1663 cicer-oms
873 1625 994 1664 Libros
1017 1631 1059 1664 de
1082 1632 1260 1676 Legibus,
1284 1633 1401 1667 diebus
1426 1637 1544 1668 Lunae
1563 1640 1593 1668 et

158 1685 297 1726 Martis,
319 1683 402 1716 hora
419 1685 481 1716 IX.

202 1738 393 1787 Explicabit
410 1751 603 1773 PLATONIS
622 1739 766 1784 dialogos
784 1741 892 1784 duos,
915 1744 1031 1785 Lysin
1049 1750 1080 1777 et
1095 1748 1248 1788 Ionem,
1271 1751 1343 1778 tum
1361 1747 1590 1780 Homericae

245 1796 389 1831 Iliados
412 1799 453 1830 L.
475 1810 531 1842 rx,
555 1796 672 1832 diebus
692 1800 831 1841 Lunae,
858 1802 1000 1842 Mariis,
1025 1802 1186 1834 Memmii
1202 1807 1234 1834 et
1251 1802 1355 1844 JoviS,
1379 1802 1461 1835 hola
1479 1806 1525 1836 X.

198 1853 383 1887 Historiam
401 1856 563 1888 Veterum
580 1852 771 1887 Literarum
792 1855 920 1895 madet,
943 1857 1061 1890 dicbus
1078 1861 1196 1890 Lunae
1217 1863 1248 1890 et
1267 1860 1444 1901 Memmii,
1458 1859 1539 1892 hora
1560 1863 1585 1893 Ι.

110 1914 138 1944 J.
162 1908 556 1945 NIEUWENHUIS
579 1910 846 1955 Metaphysicam
869 1912 1018 1957 docebit,
1041 1913 1156 1950 diebus
1172 1914 1310 1957 Martis,
1336 1916 1514 1957 Mercurii,
1534 1919 1586 1949 Jo-

155 1969 204 2002 vis
228 1973 259 2001 et
280 1966 421 2001 Veneris
433 1993 444 2009 ,
466 1967 550 2000 hora
570 1968 663 2001 VIII.

198 2027 378 2060 Historiam
398 2025 629 2069 Philosophiae
647 2027 838 2060 universam
857 2025 1046 2068 enarrabit,
1068 2023 1185 2058 iisdem
1206 2025 1343 2068 diebus,
1366 2025 1448 2058 hora
1466 2028 1497 2059 1.·

197 2082 355 2125 Logicam
379 2081 574 2126 explicabit,
597 2081 649 2115 die
672 2084 781 2125 Jovis,
813 2083 896 2117 hora
915 2087 981 2117 XII
1004 2090 1036 2118 et
1058 2084 1110 2117 die
1136 2085 1274 2118 Veneris
1288 2109 1298 2127 ,
1322 2084 1405 2118 hora
1426 2087 1470 2118 X.

1504 2138 1580 2172 Phi-
