1919 2511
535 602 657 615 -—-—-
662 601 1124 617 mim——

94 828 369 886 Nobilissimum
393 843 627 890 Philosophiae
649 844 866 880 Theoreticae
889 850 920 879 et
949 845 1141 878 Literarum
1166 842 1415 876 Humaniorum
1439 840 1564 875 candi-

81 899 211 945 datum
233 903 376 936 summis
396 903 431 936 in
452 901 517 936 hac
535 902 705 935 Facultate
730 901 934 942 honoribus,
956 903 1052 933 More
1068 900 1258 941 Majorum‚
1280 903 1478 939 ornaturuS,
1501 908 1562 929 ae-

79 968 203 1001 Aluum
227 968 306 1006 esse.
320 958 483 1000 arbitror,
516 959 558 991 A.
576 958 616 990 A.
639 959 685 991 H.
708 959 777 1000 H.,
798 963 836 991 ut
862 958 935 1001 quis
960 957 1002 989 sit
1027 956 1096 994 ille,
1129 954 1315 998 quibusque
1336 953 1472 986 tandem
1496 954 1567 994 ejus

85 1012 232 1057 cognitis
254 1014 468 1059 probatisque
490 1013 663 1056 laudibus,
686 1013 953 1058 splendidissima
971 1012 1101 1047 virtutis
1125 1009 1273 1054 praemia
1292 1008 1468 1042 tribuenda
1485 1019 1568 1041 cen-

94 1070 276 1113 suerimuS,
304 1071 421 1115 paucis
450 1070 636 1113 declarem,
659 1080 726 1115 quo
748 1071 852 1114 magis
872 1080 951 1103 eum
974 1073 1066 1101 tanta
1087 1072 1196 1102 vestra
1221 1065 1469 1111 expectatione,
1493 1069 1566 1097 tan-

94 1127 202 1171 tisque
220 1125 388 1162 bonorum
405 1129 557 1162 omnium
576 1127 694 1161 studiis
711 1127 847 1171 dignum
864 1136 936 1159 esse
954 1123 1151 1168 intelligatis.

143 1194 295 1217 nAvms
323 1195 530 1218 awromns
560 1195 713 1226 Naum,
745 1183 977 1216 honestissimo
998 1181 1147 1214 Frisiaco
1170 1190 1288 1224 genere
1308 1177 1487 1216 oriundus,
1511 1187 1567 1220 pa-

96 1243 183 1271 trem
214 1238 333 1272 habuit
363 1240 558 1274 Gisbertum
577 1240 761 1273 Antonium
781 1241 911 1280 Naum,
942 1236 1143 1282 gravissimis
1168 1237 1249 1280 reip.
1273 1234 1469 1269 muneribus
1491 1233 1564 1266 fun-

87 1299 187 1341 ‚ctum
196 1310 223 1336 f
231 1299 377 1328 matrem
393 1298 503 1331 Evam
517 1296 684 1329 Justinam
703 1297 843 1339 Manger
855 1319 865 1337 ,
887 1295 1000 1338 magni
1016 1293 1175 1337 Theologi
1192 1292 1305 1325 filiam.
1329 1306 1374 1315 —

86 1386 92 1388 .
138 1352 180 1384 In
201 1349 266 1396 hoc
285 1351 499 1386 manifestum
518 1352 600 1394 fuit,
623 1351 703 1396 quid
729 1356 887 1385 accurata
911 1362 952 1384 ac
974 1349 1123 1395 prudens
1145 1349 1252 1382 valeat
1274 1350 1437 1382 Veterum
1459 1346 1567 1379 litera-

95 1414 174 1440 rum
191 1407 276 1451 rat-lo
296 1408 332 1441 in
349 1407 490 1451 puhlicis
511 1409 703 1452 Gymnasiis
721 1407 945 1451 percipienda.
991 1408 1080 1439 Nam
1100 1406 1135 1438 in
1157 1401 1416 1447 Peerlkampz'z'
1436 1404 1480 1436 V.
1498 1401 1570 1442 CL,-

93 1467 177 1496 tunc
193 1462 331 1497 Scholae
345 1463 559 1498 Harlemensi
579 1464 757 1508 praefecti,
780 1473 873 1496 nunc
895 1462 1036 1506 collegae
1058 1459 1337 1504 conjunctissimi,
1359 1456 1568 1501 disciplinam

95 1517 255 1562 tradituS,
280 1530 358 1554 cum
376 1519 447 1559 ipse
463 1526 604 1554 naturae
624 1520 714 1554 bona
730 1518 863 1552 afferret
875 1542 885 1558 ,
903 1516 1072 1560 judicandi
1091 1516 1303 1561 prudentiam
1315 1538 1325 1556 ,
1348 1514 1455 1558 pulcri
1473 1514 1569 1546 recti-

88 1583 160 1617 ,que
179 1582 336 1614 sensum,
359 1582 494 1605 morum
516 1572 724 1606 honestatem
737 1596 748 1613 ‚
777 1571 966 1616 laborisque
992 1573 1233 1610 constantiam,
1257 1571 1405 1601 celeriter
1430 1580 1469 1600 eo
1488 1578 1563 1611 per-

96 1629 204 1671 venit,
227 1639 294 1672 quo
318 1628 438 1669 multi,
468 1627 505 1662 in
528 1629 661 1661 summa
690 1628 791 1661 etiam
818 1627 1003 1660 studiorum
1030 1625 1240 1666 curiositate,
1270 1629 1304 1657 et
1320 1623 1562 1667 praesidiorum

97 1685 193 1728 copia
214 1689 247 1718 et
265 1684 494 1729 suppellectilis
517 1685 699 1726 varietate,
732 1689 791 1717 aut
818 1693 1028 1727 numquam,
1061 1687 1120 1715 aut
1145 1691 1219 1715 sero
1246 1681 1384 1715 demum
1411 1681 1569 1724 attingere

97 1741 223 1785 solent,
254 1746 314 1783 ut,
347 1751 433 1785 quae
469 1741 511 1773 sit
540 1741 595 1774 illa
622 1742 657 1774 in
686 1743 850 1774 Veterum
878 1739 1011 1782 scriptis
1043 1737 1257 1779 humanitas,
1291 1742 1501 1782 agnosceret,
1537 1741 1568 1769 et

99 1796 242 1830 eandem
266 1797 371 1841 magis
397 1797 565 1841 magisque
592 1797 801 1841 interpretari
825 1797 965 1829 disceret
990 1806 1031 1828 ac
1053 1800 1120 1828 toto
1144 1800 1275 1838 pectore
1294 1794 1453 1827 hauriret.
1504 1795 1568 1826 Ita-

101 1863 166 1896 que
198 1859 325 1897 septem
355 1852 477 1887 abhinc
503 1854 599 1887 annis
627 1853 664 1886 in
694 1852 911 1886 Academiam
933 1851 1291 1895 Lugduno-Batavam
1325 1850 1473 1891 delatUS,
1502 1858 1570 1883 non

90 1909 242 1957 *deseruit
258 1908 428 1943 laudatam
450 1911 622 1943 literarum
645 1915 838 1947 nostrarum
862 1908 1034 1949 scholam,
1057 1906 1285 1951 rationemque
1311 1917 1406 1948 eam,
1438 1915 1522 1949 quae
1548 1908 1568 1937 ἶι

99 1964 270 2008 Scaligeris
285 1965 361 1999 inde
379 1965 706 2010 Hemsterhusiisque
728 1965 896 2009 profecta,
918 1966 1027 2008 patria
1046 1963 1144 1998 nobis
1160 1969 1257 2007 atque
1275 1964 1363 1997 avita
1384 1967 1452 2003 est,
1477 1959 1566 1997 unde.

42 2031 47 2035 ·
102 2025 136 2053 et
156 2018 221 2064 ipsi
244 2021 444 2055 Academiae
464 2024 648 2056 clarissima
671 2022 762 2055 fama
775 2046 786 2063 ,
810 2026 842 2054 et
863 2020 959 2054 bonis
981 2021 1081 2053 literis
1106 2030 1167 2064 per
1189 2021 1379 2055 universam
1397 2021 1570 2060 Europam

100 2077 324 2121 propagandis
343 2080 514 2115 verissima
536 2080 595 2114 lux
621 2085 694 2114 orta
719 2083 752 2113 et
773 2087 915 2111 accensa
938 2083 1005 2111 est:
1030 2082 1062 2111 et
1086 2087 1295 2121 quocumque
1314 2086 1392 2109 eum
1413 2075 1464 2110 vel
1491 2084 1566 2106 con-

867 2133 898 2166 A
922 2145 939 2166 2
1494 2138 1570 2162 sue-
