<?xml version="1.0" encoding="UTF-8"?>
<!DOCTYPE html PUBLIC "-//W3C//DTD XHTML 1.0 Transitional//EN"
    "http://www.w3.org/TR/xhtml1/DTD/xhtml1-transitional.dtd">
<html xmlns="http://www.w3.org/1999/xhtml" xml:lang="en" lang="en">
 <head>
  <title>
</title>
<meta http-equiv="Content-Type" content="text/html;charset=utf-8" />
  <meta name='ocr-system' content='tesseract 3.04.00' />
  <meta name='ocr-capabilities' content='ocr_page ocr_carea ocr_par ocr_line ocrx_word'/>
</head>
<body>
  <div class='ocr_page' id='page_1' title='image "annalesacademiae24rijk_0426.png"; bbox 0 0 1919 2511; ppageno 0'>
   <div class='ocr_carea' id='block_1_1' title="bbox 296 167 1463 202">
    <p class='ocr_par' dir='ltr' id='par_1_1' title="bbox 296 167 1463 202">
     <span class='ocr_line' id='line_1_1' title="bbox 296 167 1463 202; baseline 0.003 -3"><span class='ocrx_word' id='word_1_1' title='bbox 296 172 331 199; x_wconf 77' lang='lat'><strong>28</strong></span> <span class='ocrx_word' id='word_1_2' title='bbox 604 168 783 200; x_wconf 80' lang='lat' dir='ltr'>ANTONII</span> <span class='ocrx_word' id='word_1_3' title='bbox 804 167 980 199; x_wconf 88' lang='lat' dir='ltr'>HENRICI</span> <span class='ocrx_word' id='word_1_4' title='bbox 999 175 1068 198; x_wconf 58' lang='lat' dir='ltr'><strong>via-N</strong></span> <span class='ocrx_word' id='word_1_5' title='bbox 1088 176 1155 199; x_wconf 75' lang='lat' dir='ltr'><strong>nER</strong></span> <span class='ocrx_word' id='word_1_6' title='bbox 1174 168 1290 200; x_wconf 88' lang='lat' dir='ltr'>BOON</span> <span class='ocrx_word' id='word_1_7' title='bbox 1309 169 1463 202; x_wconf 78' lang='lat' dir='ltr'>MESCH</span> 
     </span>
    </p>
   </div>
   <div class='ocr_carea' id='block_1_2' title="bbox 280 250 1806 1782">
    <p class='ocr_par' dir='ltr' id='par_1_2' title="bbox 294 250 1805 495">
     <span class='ocr_line' id='line_1_2' title="bbox 297 250 1804 291; baseline 0.003 -10"><span class='ocrx_word' id='word_1_8' title='bbox 297 261 366 282; x_wconf 88' lang='lat' dir='ltr'><strong>vero</strong></span> <span class='ocrx_word' id='word_1_9' title='bbox 394 250 485 281; x_wconf 84' lang='lat' dir='ltr'><strong>varias</strong></span> <span class='ocrx_word' id='word_1_10' title='bbox 513 258 575 281; x_wconf 82' lang='lat' dir='ltr'><strong>esse</strong></span> <span class='ocrx_word' id='word_1_11' title='bbox 600 261 653 288; x_wconf 89' lang='lat' dir='ltr'><strong>pro</strong></span> <span class='ocrx_word' id='word_1_12' title='bbox 676 252 762 282; x_wconf 82' lang='lat' dir='ltr'><strong>variis</strong></span> <span class='ocrx_word' id='word_1_13' title='bbox 788 252 860 281; x_wconf 77' lang='lat' dir='ltr'><strong>locis</strong></span> <span class='ocrx_word' id='word_1_14' title='bbox 887 261 904 282; x_wconf 89' lang='lat' dir='ltr'><strong>e</strong></span> <span class='ocrx_word' id='word_1_15' title='bbox 930 252 1039 289; x_wconf 82' lang='lat' dir='ltr'><strong>quibus</strong></span> <span class='ocrx_word' id='word_1_16' title='bbox 1063 252 1191 282; x_wconf 86' lang='lat' dir='ltr'><strong>desumta</strong></span> <span class='ocrx_word' id='word_1_17' title='bbox 1214 259 1258 282; x_wconf 85' lang='lat' dir='ltr'><strong>est</strong></span> <span class='ocrx_word' id='word_1_18' title='bbox 1286 254 1412 291; x_wconf 87' lang='lat' dir='ltr'><strong>humus,</strong></span> <span class='ocrx_word' id='word_1_19' title='bbox 1443 262 1477 283; x_wconf 83' lang='lat' dir='ltr'><strong>ex</strong></span> <span class='ocrx_word' id='word_1_20' title='bbox 1499 261 1586 291; x_wconf 85' lang='lat' dir='ltr'><strong>supra</strong></span> <span class='ocrx_word' id='word_1_21' title='bbox 1606 254 1731 285; x_wconf 72' lang='lat' dir='ltr'><strong>narratis</strong></span> <span class='ocrx_word' id='word_1_22' title='bbox 1750 262 1804 286; x_wconf 59' lang='lat' dir='ltr'><strong>eas¹</strong></span> 
     </span>
     <span class='ocr_line' id='line_1_3' title="bbox 297 303 1805 342; baseline 0.003 -10"><span class='ocrx_word' id='word_1_23' title='bbox 297 303 461 341; x_wconf 87' lang='lat' dir='ltr'><strong>perimentis</strong></span> <span class='ocrx_word' id='word_1_24' title='bbox 485 303 628 332; x_wconf 87' lang='lat' dir='ltr'><strong>Saussurii</strong></span> <span class='ocrx_word' id='word_1_25' title='bbox 654 311 788 340; x_wconf 82' lang='lat' dir='ltr'><strong>constat,</strong></span> <span class='ocrx_word' id='word_1_26' title='bbox 825 311 854 333; x_wconf 77' lang='lat' dir='ltr'><strong>et</strong></span> <span class='ocrx_word' id='word_1_27' title='bbox 885 304 954 333; x_wconf 77' lang='lat' dir='ltr'><strong>mihi</strong></span> <span class='ocrx_word' id='word_1_28' title='bbox 978 304 1137 340; x_wconf 80' lang='lat' dir='ltr'><strong>apparuit,</strong></span> <span class='ocrx_word' id='word_1_29' title='bbox 1166 312 1238 334; x_wconf 65' lang='lat' dir='ltr'><strong>cum⁴</strong></span> <span class='ocrx_word' id='word_1_30' title='bbox 1256 313 1291 333; x_wconf 83' lang='lat' dir='ltr'><strong>ex</strong></span> <span class='ocrx_word' id='word_1_31' title='bbox 1314 305 1436 334; x_wconf 86' lang='lat' dir='ltr'><strong>diversis</strong></span> <span class='ocrx_word' id='word_1_32' title='bbox 1464 305 1538 342; x_wconf 82' lang='lat' dir='ltr'><strong>agris</strong></span> <span class='ocrx_word' id='word_1_33' title='bbox 1566 306 1722 336; x_wconf 85' lang='lat' dir='ltr'><strong>desumtam</strong></span> <span class='ocrx_word' id='word_1_34' title='bbox 1746 307 1805 337; x_wconf 85' lang='lat' dir='ltr'><strong>hu·</strong></span> 
     </span>
     <span class='ocr_line' id='line_1_4' title="bbox 297 354 1805 393; baseline 0.004 -12"><span class='ocrx_word' id='word_1_35' title='bbox 297 362 374 381; x_wconf 88' lang='lat' dir='ltr'><strong>mum</strong></span> <span class='ocrx_word' id='word_1_36' title='bbox 407 360 591 382; x_wconf 84' lang='lat' dir='ltr'>tentaremus.</span> <span class='ocrx_word' id='word_1_37' title='bbox 637 354 712 383; x_wconf 85' lang='lat' dir='ltr'><strong>Nam</strong></span> <span class='ocrx_word' id='word_1_38' title='bbox 738 354 874 383; x_wconf 84' lang='lat' dir='ltr'><strong>affirmare</strong></span> <span class='ocrx_word' id='word_1_39' title='bbox 898 363 1038 390; x_wconf 86' lang='lat' dir='ltr'><strong>possum,</strong></span> <span class='ocrx_word' id='word_1_40' title='bbox 1069 355 1179 383; x_wconf 80' lang='lat' dir='ltr'><strong>easdem</strong></span> <span class='ocrx_word' id='word_1_41' title='bbox 1205 357 1252 384; x_wconf 86' lang='lat' dir='ltr'><strong>vel</strong></span> <span class='ocrx_word' id='word_1_42' title='bbox 1277 362 1367 385; x_wconf 89' lang='lat' dir='ltr'><strong>terras</strong></span> <span class='ocrx_word' id='word_1_43' title='bbox 1394 357 1442 384; x_wconf 88' lang='lat' dir='ltr'><strong>vel</strong></span> <span class='ocrx_word' id='word_1_44' title='bbox 1469 356 1563 386; x_wconf 86' lang='lat' dir='ltr'><strong>eadem</strong></span> <span class='ocrx_word' id='word_1_45' title='bbox 1588 357 1679 393; x_wconf 86' lang='lat' dir='ltr'><strong>oxyda</strong></span> <span class='ocrx_word' id='word_1_46' title='bbox 1705 360 1805 387; x_wconf 85' lang='lat' dir='ltr'><strong>metal-</strong></span> 
     </span>
     <span class='ocr_line' id='line_1_5' title="bbox 296 405 1804 444; baseline 0.004 -12"><span class='ocrx_word' id='word_1_47' title='bbox 296 405 350 433; x_wconf 89' lang='lat' dir='ltr'><strong>lica</strong></span> <span class='ocrx_word' id='word_1_48' title='bbox 372 406 542 441; x_wconf 87' lang='lat' dir='ltr'><strong>plerumque</strong></span> <span class='ocrx_word' id='word_1_49' title='bbox 560 405 648 433; x_wconf 88' lang='lat' dir='ltr'><strong>humo</strong></span> <span class='ocrx_word' id='word_1_50' title='bbox 675 413 738 434; x_wconf 87' lang='lat' dir='ltr'><strong>esse</strong></span> <span class='ocrx_word' id='word_1_51' title='bbox 759 405 899 441; x_wconf 88' lang='lat' dir='ltr'><strong>admixta,</strong></span> <span class='ocrx_word' id='word_1_52' title='bbox 924 414 996 441; x_wconf 87' lang='lat' dir='ltr'><strong>quae</strong></span> <span class='ocrx_word' id='word_1_53' title='bbox 1015 405 1045 435; x_wconf 93' lang='lat' dir='ltr'><strong>in</strong></span> <span class='ocrx_word' id='word_1_54' title='bbox 1071 405 1137 443; x_wconf 86' lang='lat' dir='ltr'><strong>ipso</strong></span> <span class='ocrx_word' id='word_1_55' title='bbox 1165 408 1231 436; x_wconf 88' lang='lat' dir='ltr'><strong>solo</strong></span> <span class='ocrx_word' id='word_1_56' title='bbox 1258 407 1386 436; x_wconf 87' lang='lat' dir='ltr'><strong>chemice</strong></span> <span class='ocrx_word' id='word_1_57' title='bbox 1413 408 1588 443; x_wconf 84' lang='lat' dir='ltr'><strong>explorando</strong></span> <span class='ocrx_word' id='word_1_58' title='bbox 1612 407 1731 444; x_wconf 85' lang='lat' dir='ltr'><strong>inveni,</strong></span> <span class='ocrx_word' id='word_1_59' title='bbox 1751 416 1804 438; x_wconf 85' lang='lat' dir='ltr'><strong>cu·</strong></span> 
     </span>
     <span class='ocr_line' id='line_1_6' title="bbox 294 454 1762 495; baseline 0.002 -11"><span class='ocrx_word' id='word_1_60' title='bbox 294 456 341 492; x_wconf 77' lang='lat' dir='ltr'><strong>jus</strong></span> <span class='ocrx_word' id='word_1_61' title='bbox 364 463 479 485; x_wconf 86' lang='lat' dir='ltr'><strong>naturae</strong></span> <span class='ocrx_word' id='word_1_62' title='bbox 502 455 718 491; x_wconf 79' lang='lat' dir='ltr'><strong>cognoscendae</strong></span> <span class='ocrx_word' id='word_1_63' title='bbox 735 457 810 485; x_wconf 86' lang='lat' dir='ltr'><strong>viam</strong></span> <span class='ocrx_word' id='word_1_64' title='bbox 828 461 1051 491; x_wconf 75' lang='lat' dir='ltr'><strong>secutus-sum,</strong></span> <span class='ocrx_word' id='word_1_65' title='bbox 1071 457 1245 494; x_wconf 40' lang='lat' dir='ltr'><strong>quamvalii,</strong></span> <span class='ocrx_word' id='word_1_66' title='bbox 1266 457 1395 495; x_wconf 86' lang='lat' dir='ltr'><strong>inprimis</strong></span> <span class='ocrx_word' id='word_1_67' title='bbox 1415 456 1526 487; x_wconf 88' lang='lat' dir='ltr'><strong>Davius</strong></span> <span class='ocrx_word' id='word_1_68' title='bbox 1548 454 1617 495; x_wconf 88' lang='lat'><strong>(1)</strong></span> <span class='ocrx_word' id='word_1_69' title='bbox 1638 458 1762 495; x_wconf 84' lang='lat' dir='ltr'><strong>aperuit.</strong></span> 
     </span>
    </p>

    <p class='ocr_par' dir='ltr' id='par_1_3' title="bbox 291 506 1804 700">
     <span class='ocr_line' id='line_1_7' title="bbox 333 506 1804 546; baseline 0.003 -11"><span class='ocrx_word' id='word_1_70' title='bbox 333 507 380 536; x_wconf 88' lang='lat' dir='ltr'><strong>Sic</strong></span> <span class='ocrx_word' id='word_1_71' title='bbox 405 506 544 539; x_wconf 86' lang='lat' dir='ltr'><strong>vidimus,</strong></span> <span class='ocrx_word' id='word_1_72' title='bbox 575 506 682 541; x_wconf 89' lang='lat' dir='ltr'><strong>quibus</strong></span> <span class='ocrx_word' id='word_1_73' title='bbox 705 507 810 534; x_wconf 90' lang='lat' dir='ltr'><strong>humus</strong></span> <span class='ocrx_word' id='word_1_74' title='bbox 837 512 957 535; x_wconf 70' lang='lat' dir='ltr'><strong>constetv</strong></span> <span class='ocrx_word' id='word_1_75' title='bbox 974 507 1149 545; x_wconf 80' lang='lat' dir='ltr'><strong>principiis,</strong></span> <span class='ocrx_word' id='word_1_76' title='bbox 1179 517 1336 545; x_wconf 85' lang='lat' dir='ltr'><strong>eorumque</strong></span> <span class='ocrx_word' id='word_1_77' title='bbox 1362 509 1551 546; x_wconf 84' lang='lat' dir='ltr'>proprietates</span> <span class='ocrx_word' id='word_1_78' title='bbox 1583 510 1669 539; x_wconf 89' lang='lat' dir='ltr'><strong>simul</strong></span> <span class='ocrx_word' id='word_1_79' title='bbox 1694 510 1804 540; x_wconf 82' lang='lat' dir='ltr'><strong>indica-</strong></span> 
     </span>
     <span class='ocr_line' id='line_1_8' title="bbox 291 547 1800 597; baseline 0.003 -10"><span class='ocrx_word' id='word_1_80' title='bbox 291 559 409 594; x_wconf 79' lang='lat' dir='ltr'><strong>vimus;</strong></span> <span class='ocrx_word' id='word_1_81' title='bbox 433 566 510 588; x_wconf 89' lang='lat' dir='ltr'><strong>nunc</strong></span> <span class='ocrx_word' id='word_1_82' title='bbox 533 565 626 587; x_wconf 89' lang='lat' dir='ltr'><strong>autem</strong></span> <span class='ocrx_word' id='word_1_83' title='bbox 645 557 680 585; x_wconf 91' lang='lat' dir='ltr'><strong>de</strong></span> <span class='ocrx_word' id='word_1_84' title='bbox 703 557 796 593; x_wconf 88' lang='lat' dir='ltr'><strong>ipsius</strong></span> <span class='ocrx_word' id='word_1_85' title='bbox 821 557 909 585; x_wconf 84' lang='lat' dir='ltr'><strong>humi.</strong></span> <span class='ocrx_word' id='word_1_86' title='bbox 924 558 1151 595; x_wconf 84' lang='lat' dir='ltr'><strong>proprietatibus</strong></span> <span class='ocrx_word' id='word_1_87' title='bbox 1177 560 1324 595; x_wconf 82' lang='lat' dir='ltr'><strong>dicemus,</strong></span> <span class='ocrx_word' id='word_1_88' title='bbox 1352 569 1429 596; x_wconf 38' lang='lat' dir='ltr'><strong>quas*</strong></span> <span class='ocrx_word' id='word_1_89' title='bbox 1447 567 1580 591; x_wconf 83' lang='lat' dir='ltr'><strong>accurate</strong></span> <span class='ocrx_word' id='word_1_90' title='bbox 1605 547 1753 597; x_wconf 81' lang='lat' dir='ltr'><strong>explorare</strong></span> <span class='ocrx_word' id='word_1_91' title='bbox 1770 569 1800 591; x_wconf 89' lang='lat' dir='ltr'><strong>et</strong></span> 
     </span>
     <span class='ocr_line' id='line_1_9' title="bbox 292 608 1802 650; baseline 0.003 -11"><span class='ocrx_word' id='word_1_92' title='bbox 292 610 453 639; x_wconf 83' lang='lat' dir='ltr'><strong>describere</strong></span> <span class='ocrx_word' id='word_1_93' title='bbox 486 618 588 646; x_wconf 89' lang='lat' dir='ltr'><strong>operae</strong></span> <span class='ocrx_word' id='word_1_94' title='bbox 620 608 741 645; x_wconf 85' lang='lat' dir='ltr'><strong>pretium</strong></span> <span class='ocrx_word' id='word_1_95' title='bbox 777 615 843 643; x_wconf 83' lang='lat' dir='ltr'><strong>est,</strong></span> <span class='ocrx_word' id='word_1_96' title='bbox 872 616 947 637; x_wconf 55' lang='lat' dir='ltr'><strong>cum¹</strong></span> <span class='ocrx_word' id='word_1_97' title='bbox 968 610 1047 644; x_wconf 90' lang='lat' dir='ltr'><strong>quod</strong></span> <span class='ocrx_word' id='word_1_98' title='bbox 1072 610 1115 640; x_wconf 90' lang='lat' dir='ltr'><strong>sic</strong></span> <span class='ocrx_word' id='word_1_99' title='bbox 1143 611 1204 648; x_wconf 76' lang='lat' dir='ltr'><strong>eJus</strong></span> <span class='ocrx_word' id='word_1_100' title='bbox 1230 617 1316 641; x_wconf 88' lang='lat' dir='ltr'><strong>notae</strong></span> <span class='ocrx_word' id='word_1_101' title='bbox 1349 611 1458 648; x_wconf 86' lang='lat' dir='ltr'><strong>optime</strong></span> <span class='ocrx_word' id='word_1_102' title='bbox 1488 611 1711 650; x_wconf 77' lang='lat' dir='ltr'><strong>intelligantur,</strong></span> <span class='ocrx_word' id='word_1_103' title='bbox 1740 619 1802 642; x_wconf 86' lang='lat' dir='ltr'><strong>tum</strong></span> 
     </span>
     <span class='ocr_line' id='line_1_10' title="bbox 293 656 1505 700; baseline 0.001 -10"><span class='ocrx_word' id='word_1_104' title='bbox 293 662 372 696; x_wconf 86' lang='lat' dir='ltr'><strong>quod</strong></span> <span class='ocrx_word' id='word_1_105' title='bbox 395 656 535 698; x_wconf 79' lang='lat' dir='ltr'><strong>de&#39;i&#39;nceps&#39;</strong></span> <span class='ocrx_word' id='word_1_106' title='bbox 556 663 617 700; x_wconf 86' lang='lat' dir='ltr'><strong>ejus</strong></span> <span class='ocrx_word' id='word_1_107' title='bbox 643 671 711 692; x_wconf 86' lang='lat' dir='ltr'><strong>usus</strong></span> <span class='ocrx_word' id='word_1_108' title='bbox 737 668 765 691; x_wconf 90' lang='lat' dir='ltr'><strong>et</strong></span> <span class='ocrx_word' id='word_1_109' title='bbox 787 669 882 699; x_wconf 86' lang='lat' dir='ltr'><strong>partes</strong></span> <span class='ocrx_word' id='word_1_110' title='bbox 908 662 937 691; x_wconf 87' lang='lat' dir='ltr'><strong>in</strong></span> <span class='ocrx_word' id='word_1_111' title='bbox 963 660 1199 698; x_wconf 70' lang='lat' dir='ltr'><strong>plantisi&#39;alendis</strong></span> <span class='ocrx_word' id='word_1_112' title='bbox 1217 662 1321 692; x_wconf 86' lang='lat' dir='ltr'><strong>melius</strong></span> <span class='ocrx_word' id='word_1_113' title='bbox 1339 669 1505 699; x_wconf 89' lang='lat' dir='ltr'><strong>appareant.</strong></span> 
     </span>
    </p>

    <p class='ocr_par' dir='ltr' id='par_1_4' title="bbox 290 713 1806 905">
     <span class='ocr_line' id='line_1_11' title="bbox 332 713 1806 751; baseline 0.002 -9"><span class='ocrx_word' id='word_1_114' title='bbox 332 714 446 742; x_wconf 86' lang='lat' dir='ltr'><strong>Humus</strong></span> <span class='ocrx_word' id='word_1_115' title='bbox 470 720 563 742; x_wconf 85' lang='lat' dir='ltr'><strong>autem</strong></span> <span class='ocrx_word' id='word_1_116' title='bbox 594 714 755 750; x_wconf 70' lang='lat' dir='ltr'><strong>composita</strong></span> <span class='ocrx_word' id='word_1_117' title='bbox 784 713 945 750; x_wconf 81' lang='lat' dir='ltr'><strong>carbonio,</strong></span> <span class='ocrx_word' id='word_1_118' title='bbox 972 713 1171 750; x_wconf 64' lang='lat' dir='ltr'><strong>hYdrogffli0&gt;9</strong></span> <span class='ocrx_word' id='word_1_119' title='bbox 1193 713 1360 750; x_wconf 82' lang='lat' dir='ltr'><strong>oxygenio,</strong></span> <span class='ocrx_word' id='word_1_120' title='bbox 1394 719 1423 742; x_wconf 85' lang='lat' dir='ltr'><strong>et</strong></span> <span class='ocrx_word' id='word_1_121' title='bbox 1453 720 1560 750; x_wconf 87' lang='lat' dir='ltr'><strong>azoto,</strong></span> <span class='ocrx_word' id='word_1_122' title='bbox 1590 714 1640 744; x_wconf 88' lang='lat' dir='ltr'><strong>tali</strong></span> <span class='ocrx_word' id='word_1_123' title='bbox 1669 714 1806 751; x_wconf 77' lang='lat' dir='ltr'><strong>ratione,</strong></span> 
     </span>
     <span class='ocr_line' id='line_1_12' title="bbox 292 763 1802 802; baseline 0.001 -9"><span class='ocrx_word' id='word_1_124' title='bbox 292 773 376 800; x_wconf 87' lang='lat' dir='ltr'><strong>quam</strong></span> <span class='ocrx_word' id='word_1_125' title='bbox 399 765 608 801; x_wconf 83' lang='lat' dir='ltr'><strong>indicavimus,</strong></span> <span class='ocrx_word' id='word_1_126' title='bbox 636 765 822 802; x_wconf 79' lang='lat' dir='ltr'><strong>coniunctis,</strong></span> <span class='ocrx_word' id='word_1_127' title='bbox 844 771 873 794; x_wconf 75' lang='lat' dir='ltr'><strong>et</strong></span> <span class='ocrx_word' id='word_1_128' title='bbox 892 773 957 794; x_wconf 89' lang='lat' dir='ltr'><strong>cum</strong></span> <span class='ocrx_word' id='word_1_129' title='bbox 979 764 1042 794; x_wconf 81' lang='lat' dir='ltr'><strong>aliis</strong></span> <span class='ocrx_word' id='word_1_130' title='bbox 1062 764 1148 793; x_wconf 82' lang='lat' dir='ltr'><strong>rebus</strong></span> <span class='ocrx_word' id='word_1_131' title='bbox 1157 785 1178 798; x_wconf 78' lang='lat'><strong>‚.</strong></span> <span class='ocrx_word' id='word_1_132' title='bbox 1190 765 1280 793; x_wconf 91' lang='lat' dir='ltr'><strong>veluti</strong></span> <span class='ocrx_word' id='word_1_133' title='bbox 1298 763 1400 800; x_wconf 90' lang='lat' dir='ltr'><strong>terris,</strong></span> <span class='ocrx_word' id='word_1_134' title='bbox 1423 765 1525 800; x_wconf 77' lang='lat' dir='ltr'><strong>oxydis</strong></span> <span class='ocrx_word' id='word_1_135' title='bbox 1548 765 1698 798; x_wconf 83' lang='lat' dir='ltr'><strong>metallicis</strong></span> <span class='ocrx_word' id='word_1_136' title='bbox 1712 773 1741 795; x_wconf 88' lang='lat' dir='ltr'><strong>et</strong></span> <span class='ocrx_word' id='word_1_137' title='bbox 1758 775 1802 796; x_wconf 88' lang='lat' dir='ltr'><strong>sa·</strong></span> 
     </span>
     <span class='ocr_line' id='line_1_13' title="bbox 290 814 1801 854; baseline 0.001 -8"><span class='ocrx_word' id='word_1_138' title='bbox 290 818 387 852; x_wconf 82' lang='lat' dir='ltr'><strong>llbus‚</strong></span> <span class='ocrx_word' id='word_1_139' title='bbox 409 816 576 852; x_wconf 85' lang='lat' dir='ltr'><strong>commista,</strong></span> <span class='ocrx_word' id='word_1_140' title='bbox 598 815 817 845; x_wconf 83' lang='lat' dir='ltr'><strong>fermentatione</strong></span> <span class='ocrx_word' id='word_1_141' title='bbox 839 815 962 852; x_wconf 59' lang='lat' dir='ltr'><strong>putrida</strong></span> <span class='ocrx_word' id='word_1_142' title='bbox 979 814 1196 851; x_wconf 67' lang='lat' dir='ltr'><strong>ecorporibus.</strong></span> <span class='ocrx_word' id='word_1_143' title='bbox 1211 815 1273 844; x_wconf 87' lang='lat' dir='ltr'><strong>sive</strong></span> <span class='ocrx_word' id='word_1_144' title='bbox 1299 814 1468 844; x_wconf 81' lang='lat' dir='ltr'><strong>animalibus</strong></span> <span class='ocrx_word' id='word_1_145' title='bbox 1493 814 1554 844; x_wconf 91' lang='lat' dir='ltr'><strong>sive</strong></span> <span class='ocrx_word' id='word_1_146' title='bbox 1579 816 1684 851; x_wconf 88' lang='lat' dir='ltr'><strong>plantis</strong></span> <span class='ocrx_word' id='word_1_147' title='bbox 1706 816 1801 854; x_wconf 81' lang='lat' dir='ltr'><strong>facta,</strong></span> 
     </span>
     <span class='ocr_line' id='line_1_14' title="bbox 292 864 1800 905; baseline 0.001 -8"><span class='ocrx_word' id='word_1_148' title='bbox 292 868 371 905; x_wconf 77' lang='lat' dir='ltr'><strong>nigra</strong></span> <span class='ocrx_word' id='word_1_149' title='bbox 389 875 452 904; x_wconf 76' lang='lat' dir='ltr'><strong>est,</strong></span> <span class='ocrx_word' id='word_1_150' title='bbox 474 868 547 897; x_wconf 88' lang='lat' dir='ltr'><strong>levis</strong></span> <span class='ocrx_word' id='word_1_151' title='bbox 568 874 595 896; x_wconf 87' lang='lat' dir='ltr'><strong>et</strong></span> <span class='ocrx_word' id='word_1_152' title='bbox 612 868 750 905; x_wconf 88' lang='lat' dir='ltr'><strong>pinguis,</strong></span> <span class='ocrx_word' id='word_1_153' title='bbox 773 877 876 904; x_wconf 76' lang='lat' dir='ltr'><strong>quaea</strong></span> <span class='ocrx_word' id='word_1_154' title='bbox 891 866 993 897; x_wconf 82' lang='lat' dir='ltr'><strong>ceteris</strong></span> <span class='ocrx_word' id='word_1_155' title='bbox 1015 866 1190 903; x_wconf 77' lang='lat' dir='ltr'><strong>corporibus</strong></span> <span class='ocrx_word' id='word_1_156' title='bbox 1206 865 1292 895; x_wconf 86' lang='lat' dir='ltr'><strong>certis</strong></span> <span class='ocrx_word' id='word_1_157' title='bbox 1312 874 1375 895; x_wconf 90' lang='lat' dir='ltr'><strong>sese</strong></span> <span class='ocrx_word' id='word_1_158' title='bbox 1391 864 1800 902; x_wconf 77' lang='lat' dir='ltr'><strong>distinguitproprietatibus.</strong></span> 
     </span>
    </p>

    <p class='ocr_par' dir='ltr' id='par_1_5' title="bbox 280 916 1804 1525">
     <span class='ocr_line' id='line_1_15' title="bbox 326 916 1802 956; baseline 0.001 -9"><span class='ocrx_word' id='word_1_159' title='bbox 326 919 402 948; x_wconf 84' lang='lat' dir='ltr'><strong>Nam</strong></span> <span class='ocrx_word' id='word_1_160' title='bbox 424 920 527 948; x_wconf 88' lang='lat' dir='ltr'><strong>humus</strong></span> <span class='ocrx_word' id='word_1_161' title='bbox 554 920 643 948; x_wconf 86' lang='lat' dir='ltr'><strong>acidis</strong></span> <span class='ocrx_word' id='word_1_162' title='bbox 672 928 732 950; x_wconf 88' lang='lat' dir='ltr'><strong>non</strong></span> <span class='ocrx_word' id='word_1_163' title='bbox 758 919 903 956; x_wconf 80' lang='lat' dir='ltr'><strong>solvitur,</strong></span> <span class='ocrx_word' id='word_1_164' title='bbox 924 925 1168 948; x_wconf 83' lang='lat' dir='ltr'><strong>mutatur-tamen</strong></span> <span class='ocrx_word' id='word_1_165' title='bbox 1194 917 1403 954; x_wconf 86' lang='lat' dir='ltr'><strong>aliquomodo,</strong></span> <span class='ocrx_word' id='word_1_166' title='bbox 1425 916 1534 953; x_wconf 78' lang='lat' dir='ltr'><strong>quippe</strong></span> <span class='ocrx_word' id='word_1_167' title='bbox 1561 926 1633 954; x_wconf 88' lang='lat' dir='ltr'><strong>quae</strong></span> <span class='ocrx_word' id='word_1_168' title='bbox 1652 918 1678 948; x_wconf 90' lang='lat' dir='ltr'><strong>ei</strong></span> <span class='ocrx_word' id='word_1_169' title='bbox 1696 925 1726 949; x_wconf 85' lang='lat' dir='ltr'><strong>et</strong></span> <span class='ocrx_word' id='word_1_170' title='bbox 1743 919 1802 949; x_wconf 78' lang='lat' dir='ltr'><strong>fer-</strong></span> 
     </span>
     <span class='ocr_line' id='line_1_16' title="bbox 289 968 1801 1007; baseline -0.001 -8"><span class='ocrx_word' id='word_1_171' title='bbox 289 980 351 1000; x_wconf 85' lang='lat' dir='ltr'><strong>rum</strong></span> <span class='ocrx_word' id='word_1_172' title='bbox 380 977 407 999; x_wconf 91' lang='lat' dir='ltr'><strong>et</strong></span> <span class='ocrx_word' id='word_1_173' title='bbox 433 971 566 1006; x_wconf 83' lang='lat' dir='ltr'><strong>quasdam</strong></span> <span class='ocrx_word' id='word_1_174' title='bbox 591 978 681 1000; x_wconf 83' lang='lat' dir='ltr'><strong>terras</strong></span> <span class='ocrx_word' id='word_1_175' title='bbox 701 971 849 1006; x_wconf 68' lang='lat' dir='ltr'><strong>adimunt,</strong></span> <span class='ocrx_word' id='word_1_176' title='bbox 870 976 899 1000; x_wconf 84' lang='lat' dir='ltr'><strong>et</strong></span> <span class='ocrx_word' id='word_1_177' title='bbox 924 978 1038 1007; x_wconf 87' lang='lat' dir='ltr'><strong>parvam</strong></span> <span class='ocrx_word' id='word_1_178' title='bbox 1063 969 1213 998; x_wconf 87' lang='lat' dir='ltr'><strong>admodum</strong></span> <span class='ocrx_word' id='word_1_179' title='bbox 1240 975 1270 997; x_wconf 89' lang='lat' dir='ltr'><strong>et</strong></span> <span class='ocrx_word' id='word_1_180' title='bbox 1291 969 1354 997; x_wconf 86' lang='lat' dir='ltr'><strong>fere</strong></span> <span class='ocrx_word' id='word_1_181' title='bbox 1376 968 1482 997; x_wconf 84' lang='lat' dir='ltr'><strong>nullam</strong></span> <span class='ocrx_word' id='word_1_182' title='bbox 1500 968 1664 1005; x_wconf 86' lang='lat' dir='ltr'><strong>suscipiunt</strong></span> <span class='ocrx_word' id='word_1_183' title='bbox 1682 971 1801 1000; x_wconf 79' lang='lat' dir='ltr'><strong>extracti</strong></span> 
     </span>
     <span class='ocr_line' id='line_1_17' title="bbox 293 1019 1802 1060; baseline 0.001 -9"><span class='ocrx_word' id='word_1_184' title='bbox 293 1022 489 1058; x_wconf 75' lang='lat' dir='ltr'><strong>quantitatem.</strong></span> <span class='ocrx_word' id='word_1_185' title='bbox 528 1022 625 1060; x_wconf 81' lang='lat' dir='ltr'><strong>Quare</strong></span> <span class='ocrx_word' id='word_1_186' title='bbox 639 1043 650 1059; x_wconf 90' lang='lat'><strong>,</strong></span> <span class='ocrx_word' id='word_1_187' title='bbox 671 1030 714 1052; x_wconf 91' lang='lat' dir='ltr'><strong>ut·</strong></span> <span class='ocrx_word' id='word_1_188' title='bbox 726 1024 782 1060; x_wconf 87' lang='lat' dir='ltr'><strong>jam</strong></span> <span class='ocrx_word' id='word_1_189' title='bbox 804 1022 951 1057; x_wconf 82' lang='lat' dir='ltr'><strong>vidimus,</strong></span> <span class='ocrx_word' id='word_1_190' title='bbox 971 1021 1062 1050; x_wconf 86' lang='lat' dir='ltr'><strong>acidis</strong></span> <span class='ocrx_word' id='word_1_191' title='bbox 1083 1021 1135 1049; x_wconf 81' lang='lat' dir='ltr'><strong>etsi</strong></span> <span class='ocrx_word' id='word_1_192' title='bbox 1160 1021 1280 1058; x_wconf 85' lang='lat' dir='ltr'><strong>copiose</strong></span> <span class='ocrx_word' id='word_1_193' title='bbox 1303 1019 1407 1050; x_wconf 84' lang='lat' dir='ltr'><strong>additis</strong></span> <span class='ocrx_word' id='word_1_194' title='bbox 1430 1025 1590 1050; x_wconf 85' lang='lat' dir='ltr'><strong>extractum</strong></span> <span class='ocrx_word' id='word_1_195' title='bbox 1613 1020 1693 1050; x_wconf 90' lang='lat' dir='ltr'><strong>humi</strong></span> <span class='ocrx_word' id='word_1_196' title='bbox 1715 1029 1732 1051; x_wconf 83' lang='lat' dir='ltr'><strong>e</strong></span> <span class='ocrx_word' id='word_1_197' title='bbox 1753 1030 1802 1052; x_wconf 90' lang='lat' dir='ltr'><strong>so·</strong></span> 
     </span>
     <span class='ocr_line' id='line_1_18' title="bbox 287 1070 1799 1113; baseline -0.003 -8"><span class='ocrx_word' id='word_1_198' title='bbox 287 1076 397 1106; x_wconf 81' lang='lat' dir='ltr'><strong>lntione</strong></span> <span class='ocrx_word' id='word_1_199' title='bbox 420 1076 448 1105; x_wconf 87' lang='lat' dir='ltr'><strong>in</strong></span> <span class='ocrx_word' id='word_1_200' title='bbox 475 1076 612 1105; x_wconf 86' lang='lat' dir='ltr'><strong>alcalibus</strong></span> <span class='ocrx_word' id='word_1_201' title='bbox 638 1076 811 1113; x_wconf 81' lang='lat' dir='ltr'><strong>deponitur,</strong></span> <span class='ocrx_word' id='word_1_202' title='bbox 840 1084 893 1105; x_wconf 85' lang='lat' dir='ltr'><strong>nec</strong></span> <span class='ocrx_word' id='word_1_203' title='bbox 918 1074 1043 1104; x_wconf 85' lang='lat' dir='ltr'><strong>solvitur</strong></span> <span class='ocrx_word' id='word_1_204' title='bbox 1067 1080 1179 1102; x_wconf 79' lang='lat' dir='ltr'><strong>rursus.</strong></span> <span class='ocrx_word' id='word_1_205' title='bbox 1228 1071 1323 1100; x_wconf 82' lang='lat' dir='ltr'><strong>Habet</strong></span> <span class='ocrx_word' id='word_1_206' title='bbox 1347 1075 1440 1108; x_wconf 82' lang='lat' dir='ltr'><strong>tamen</strong></span> <span class='ocrx_word' id='word_1_207' title='bbox 1466 1070 1571 1100; x_wconf 85' lang='lat' dir='ltr'><strong>humus</strong></span> <span class='ocrx_word' id='word_1_208' title='bbox 1595 1078 1628 1101; x_wconf 93' lang='lat' dir='ltr'><strong>ut</strong></span> <span class='ocrx_word' id='word_1_209' title='bbox 1654 1072 1727 1106; x_wconf 85' lang='lat' dir='ltr'><strong>alia,</strong></span> <span class='ocrx_word' id='word_1_210' title='bbox 1756 1072 1799 1101; x_wconf 85' lang='lat' dir='ltr'><strong>sic</strong></span> 
     </span>
     <span class='ocr_line' id='line_1_19' title="bbox 288 1122 1801 1164; baseline -0.004 -8"><span class='ocrx_word' id='word_1_211' title='bbox 288 1128 371 1156; x_wconf 82' lang='lat' dir='ltr'><strong>etiam</strong></span> <span class='ocrx_word' id='word_1_212' title='bbox 405 1127 486 1156; x_wconf 68' lang='lat' dir='ltr'><strong>illud&#39;</strong></span> <span class='ocrx_word' id='word_1_213' title='bbox 504 1136 656 1156; x_wconf 77' lang='lat' dir='ltr'><strong>commune</strong></span> <span class='ocrx_word' id='word_1_214' title='bbox 682 1136 745 1155; x_wconf 87' lang='lat' dir='ltr'><strong>cum</strong></span> <span class='ocrx_word' id='word_1_215' title='bbox 783 1127 961 1164; x_wconf 82' lang='lat' dir='ltr'><strong>corporibus</strong></span> <span class='ocrx_word' id='word_1_216' title='bbox 990 1125 1177 1158; x_wconf 80' lang='lat' dir='ltr'><strong>animalibus,</strong></span> <span class='ocrx_word' id='word_1_217' title='bbox 1205 1123 1336 1160; x_wconf 84' lang='lat' dir='ltr'><strong>inprimis</strong></span> <span class='ocrx_word' id='word_1_218' title='bbox 1365 1130 1431 1150; x_wconf 90' lang='lat' dir='ltr'><strong>cum</strong></span> <span class='ocrx_word' id='word_1_219' title='bbox 1453 1122 1582 1158; x_wconf 85' lang='lat' dir='ltr'><strong>plantis,</strong></span> <span class='ocrx_word' id='word_1_220' title='bbox 1611 1123 1745 1153; x_wconf 86' lang='lat' dir='ltr'><strong>nimirum</strong></span> <span class='ocrx_word' id='word_1_221' title='bbox 1768 1127 1801 1152; x_wconf 90' lang='lat' dir='ltr'><strong>ut</strong></span> 
     </span>
     <span class='ocr_line' id='line_1_20' title="bbox 285 1173 1804 1214; baseline -0.003 -5"><span class='ocrx_word' id='word_1_222' title='bbox 285 1180 368 1210; x_wconf 79' lang='lat' dir='ltr'><strong>valde</strong></span> <span class='ocrx_word' id='word_1_223' title='bbox 388 1185 513 1208; x_wconf 89' lang='lat' dir='ltr'><strong>mutetur</strong></span> <span class='ocrx_word' id='word_1_224' title='bbox 534 1186 562 1207; x_wconf 90' lang='lat' dir='ltr'><strong>et</strong></span> <span class='ocrx_word' id='word_1_225' title='bbox 587 1179 730 1207; x_wconf 87' lang='lat' dir='ltr'><strong>materiem</strong></span> <span class='ocrx_word' id='word_1_226' title='bbox 749 1178 872 1208; x_wconf 80' lang='lat' dir='ltr'><strong>maxime</strong></span> <span class='ocrx_word' id='word_1_227' title='bbox 895 1177 1077 1207; x_wconf 81' lang='lat' dir='ltr'><strong>carbonicam</strong></span> <span class='ocrx_word' id='word_1_228' title='bbox 1100 1173 1265 1214; x_wconf 76' lang='lat' dir='ltr'><strong>producat,</strong></span> <span class='ocrx_word' id='word_1_229' title='bbox 1283 1174 1308 1203; x_wconf 88' lang='lat' dir='ltr'><strong>si</strong></span> <span class='ocrx_word' id='word_1_230' title='bbox 1336 1180 1472 1204; x_wconf 81' lang='lat' dir='ltr'><strong>tractatur</strong></span> <span class='ocrx_word' id='word_1_231' title='bbox 1493 1174 1670 1203; x_wconf 76' lang='lat' dir='ltr'><strong>cuma-cidis</strong></span> <span class='ocrx_word' id='word_1_232' title='bbox 1694 1175 1804 1211; x_wconf 86' lang='lat' dir='ltr'><strong>hydro-</strong></span> 
     </span>
     <span class='ocr_line' id='line_1_21' title="bbox 285 1227 1800 1267; baseline -0.001 -7"><span class='ocrx_word' id='word_1_233' title='bbox 285 1231 415 1260; x_wconf 82' lang='lat' dir='ltr'><strong>chlorico</strong></span> <span class='ocrx_word' id='word_1_234' title='bbox 435 1236 483 1259; x_wconf 87' lang='lat' dir='ltr'><strong>aut</strong></span> <span class='ocrx_word' id='word_1_235' title='bbox 500 1229 644 1259; x_wconf 78' lang='lat' dir='ltr'><strong>sulfurico</strong></span> <span class='ocrx_word' id='word_1_236' title='bbox 661 1229 752 1265; x_wconf 83' lang='lat' dir='ltr'><strong>forti,</strong></span> <span class='ocrx_word' id='word_1_237' title='bbox 774 1236 804 1259; x_wconf 89' lang='lat' dir='ltr'><strong>et</strong></span> <span class='ocrx_word' id='word_1_238' title='bbox 812 1230 898 1266; x_wconf 65' lang='lat' dir='ltr'><strong>{calor</strong></span> <span class='ocrx_word' id='word_1_239' title='bbox 912 1229 1148 1267; x_wconf 68' lang='lat' dir='ltr'><strong>augeatur-(27.</strong></span> <span class='ocrx_word' id='word_1_240' title='bbox 1189 1228 1311 1258; x_wconf 82' lang='lat' dir='ltr'><strong>Acidum</strong></span> <span class='ocrx_word' id='word_1_241' title='bbox 1328 1227 1462 1258; x_wconf 80' lang='lat' dir='ltr'><strong>niti-icum</strong></span> <span class='ocrx_word' id='word_1_242' title='bbox 1480 1227 1553 1257; x_wconf 88' lang='lat' dir='ltr'><strong>idem</strong></span> <span class='ocrx_word' id='word_1_243' title='bbox 1569 1227 1648 1258; x_wconf 85' lang='lat' dir='ltr'><strong>facit.</strong></span> <span class='ocrx_word' id='word_1_244' title='bbox 1664 1229 1667 1231; x_wconf 72' lang='grc'><strong><em>’</em></strong></span> <span class='ocrx_word' id='word_1_245' title='bbox 1689 1228 1800 1258; x_wconf 87' lang='lat' dir='ltr'><strong>Eodem</strong></span> 
     </span>
     <span class='ocr_line' id='line_1_22' title="bbox 284 1280 1799 1317; baseline -0.003 -5"><span class='ocrx_word' id='word_1_246' title='bbox 284 1286 350 1313; x_wconf 88' lang='lat' dir='ltr'><strong>loco</strong></span> <span class='ocrx_word' id='word_1_247' title='bbox 373 1289 466 1312; x_wconf 87' lang='lat' dir='ltr'><strong>autem</strong></span> <span class='ocrx_word' id='word_1_248' title='bbox 493 1281 595 1310; x_wconf 78' lang='lat' dir='ltr'><strong>scrIbit</strong></span> <span class='ocrx_word' id='word_1_249' title='bbox 617 1281 811 1317; x_wconf 86' lang='lat' dir='ltr'><strong>Saussurius-,</strong></span> <span class='ocrx_word' id='word_1_250' title='bbox 843 1281 1057 1317; x_wconf 83' lang='lat' dir='ltr'><strong>Vauqueliuum</strong></span> <span class='ocrx_word' id='word_1_251' title='bbox 1079 1281 1249 1310; x_wconf 87' lang='lat' dir='ltr'><strong>observasse</strong></span> <span class='ocrx_word' id='word_1_252' title='bbox 1273 1280 1391 1309; x_wconf 88' lang='lat' dir='ltr'><strong>humum</strong></span> <span class='ocrx_word' id='word_1_253' title='bbox 1419 1280 1548 1310; x_wconf 83' lang='lat' dir='ltr'><strong>exhalare</strong></span> <span class='ocrx_word' id='word_1_254' title='bbox 1576 1280 1686 1309; x_wconf 85' lang='lat' dir='ltr'><strong>acidum</strong></span> <span class='ocrx_word' id='word_1_255' title='bbox 1714 1280 1799 1309; x_wconf 89' lang='lat' dir='ltr'><strong>aceti-</strong></span> 
     </span>
     <span class='ocr_line' id='line_1_23' title="bbox 284 1331 1798 1371; baseline -0.002 -8"><span class='ocrx_word' id='word_1_256' title='bbox 284 1343 370 1370; x_wconf 87' lang='lat' dir='ltr'><strong>curu,</strong></span> <span class='ocrx_word' id='word_1_257' title='bbox 392 1333 416 1362; x_wconf 90' lang='lat' dir='ltr'><strong>si</strong></span> <span class='ocrx_word' id='word_1_258' title='bbox 440 1341 504 1361; x_wconf 86' lang='lat' dir='ltr'><strong>cum</strong></span> <span class='ocrx_word' id='word_1_259' title='bbox 533 1332 569 1361; x_wconf 89' lang='lat' dir='ltr'><strong>iis</strong></span> <span class='ocrx_word' id='word_1_260' title='bbox 592 1332 681 1362; x_wconf 86' lang='lat' dir='ltr'><strong>acidis</strong></span> <span class='ocrx_word' id='word_1_261' title='bbox 707 1339 866 1368; x_wconf 65' lang='lat' dir='ltr'><strong>tractetur,</strong></span> <span class='ocrx_word' id='word_1_262' title='bbox 895 1333 989 1362; x_wconf 85' lang='lat' dir='ltr'><strong>calore</strong></span> <span class='ocrx_word' id='word_1_263' title='bbox 1015 1340 1100 1364; x_wconf 78' lang='lat' dir='ltr'><strong>aucto</strong></span> <span class='ocrx_word' id='word_1_264' title='bbox 1121 1334 1204 1371; x_wconf 80' lang='lat'>(3).</span> <span class='ocrx_word' id='word_1_265' title='bbox 1250 1331 1393 1369; x_wconf 79' lang='lat' dir='ltr'><strong>Equidem</strong></span> <span class='ocrx_word' id='word_1_266' title='bbox 1426 1332 1559 1363; x_wconf 80' lang='lat' dir='ltr'><strong>existimo</strong></span> <span class='ocrx_word' id='word_1_267' title='bbox 1584 1332 1798 1368; x_wconf 87' lang='lat' dir='ltr'><strong>Vauquelinum</strong></span> 
     </span>
     <span class='ocr_line' id='line_1_24' title="bbox 284 1382 1798 1424; baseline -0.004 -7"><span class='ocrx_word' id='word_1_268' title='bbox 284 1396 344 1417; x_wconf 85' lang='lat' dir='ltr'><strong>non</strong></span> <span class='ocrx_word' id='word_1_269' title='bbox 368 1386 493 1424; x_wconf 86' lang='lat' dir='ltr'><strong>ejusdem</strong></span> <span class='ocrx_word' id='word_1_270' title='bbox 522 1385 633 1422; x_wconf 84' lang='lat' dir='ltr'><strong>generis</strong></span> <span class='ocrx_word' id='word_1_271' title='bbox 660 1384 780 1413; x_wconf 86' lang='lat' dir='ltr'><strong>humum</strong></span> <span class='ocrx_word' id='word_1_272' title='bbox 799 1385 987 1421; x_wconf 78' lang='lat' dir='ltr'><strong>explorasse,</strong></span> <span class='ocrx_word' id='word_1_273' title='bbox 1021 1393 1104 1421; x_wconf 86' lang='lat' dir='ltr'><strong>quam</strong></span> <span class='ocrx_word' id='word_1_274' title='bbox 1131 1384 1300 1414; x_wconf 67' lang='lat' dir='ltr'><strong>Saussurius</strong></span> <span class='ocrx_word' id='word_1_275' title='bbox 1325 1382 1507 1421; x_wconf 64' lang='lat' dir='ltr'><strong>exploravi-t,</strong></span> <span class='ocrx_word' id='word_1_276' title='bbox 1538 1382 1567 1411; x_wconf 87' lang='lat' dir='ltr'><strong>id</strong></span> <span class='ocrx_word' id='word_1_277' title='bbox 1588 1390 1651 1419; x_wconf 85' lang='lat' dir='ltr'><strong>est,</strong></span> <span class='ocrx_word' id='word_1_278' title='bbox 1680 1383 1798 1413; x_wconf 71' lang='lat' dir='ltr'><strong>humum</strong></span> 
     </span>
     <span class='ocr_line' id='line_1_25' title="bbox 280 1433 1798 1477; baseline -0.002 -11"><span class='ocrx_word' id='word_1_279' title='bbox 280 1441 412 1477; x_wconf 62' lang='lat' dir='ltr'><strong>pinguem</strong></span> <span class='ocrx_word' id='word_1_280' title='bbox 424 1458 433 1473; x_wconf 83' lang='lat'><strong>,</strong></span> <span class='ocrx_word' id='word_1_281' title='bbox 454 1437 505 1466; x_wconf 81' lang='lat' dir='ltr'><strong>sed</strong></span> <span class='ocrx_word' id='word_1_282' title='bbox 525 1436 640 1464; x_wconf 73' lang='lat' dir='ltr'><strong>humum</strong></span> <span class='ocrx_word' id='word_1_283' title='bbox 666 1434 790 1465; x_wconf 73' lang='lat' dir='ltr'><strong>acidam.</strong></span> <span class='ocrx_word' id='word_1_284' title='bbox 831 1435 908 1464; x_wconf 82' lang='lat' dir='ltr'><strong>Haec</strong></span> <span class='ocrx_word' id='word_1_285' title='bbox 925 1436 1020 1471; x_wconf 76' lang='lat' dir='ltr'><strong>enim,</strong></span> <span class='ocrx_word' id='word_1_286' title='bbox 1042 1436 1139 1465; x_wconf 80' lang='lat' dir='ltr'><strong>addito</strong></span> <span class='ocrx_word' id='word_1_287' title='bbox 1157 1436 1238 1465; x_wconf 88' lang='lat' dir='ltr'><strong>acido</strong></span> <span class='ocrx_word' id='word_1_288' title='bbox 1259 1434 1404 1465; x_wconf 87' lang='lat' dir='ltr'><strong>sulfurico</strong></span> <span class='ocrx_word' id='word_1_289' title='bbox 1420 1433 1513 1470; x_wconf 87' lang='lat' dir='ltr'><strong>forti,</strong></span> <span class='ocrx_word' id='word_1_290' title='bbox 1528 1434 1640 1463; x_wconf 80' lang='lat' dir='ltr'><strong>acidum</strong></span> <span class='ocrx_word' id='word_1_291' title='bbox 1660 1434 1798 1464; x_wconf 85' lang='lat' dir='ltr'><strong>aceticum</strong></span> 
     </span>
     <span class='ocr_line' id='line_1_26' title="bbox 285 1484 1798 1525; baseline -0.002 -6"><span class='ocrx_word' id='word_1_292' title='bbox 285 1491 416 1525; x_wconf 68' lang='lat' dir='ltr'><strong>exhalat,</strong></span> <span class='ocrx_word' id='word_1_293' title='bbox 448 1496 480 1518; x_wconf 90' lang='lat' dir='ltr'><strong>ut</strong></span> <span class='ocrx_word' id='word_1_294' title='bbox 499 1487 654 1518; x_wconf 79' lang='lat' dir='ltr'><strong>Einhofiua</strong></span> <span class='ocrx_word' id='word_1_295' title='bbox 679 1488 797 1517; x_wconf 84' lang='lat' dir='ltr'><strong>affirmat</strong></span> <span class='ocrx_word' id='word_1_296' title='bbox 816 1486 917 1525; x_wconf 88' lang='lat'>(4);·</span> <span class='ocrx_word' id='word_1_297' title='bbox 938 1494 967 1517; x_wconf 88' lang='lat' dir='ltr'><strong>et</strong></span> <span class='ocrx_word' id='word_1_298' title='bbox 989 1488 1035 1517; x_wconf 86' lang='lat' dir='ltr'><strong>vel</strong></span> <span class='ocrx_word' id='word_1_299' title='bbox 1055 1488 1097 1517; x_wconf 87' lang='lat' dir='ltr'><strong>sic</strong></span> <span class='ocrx_word' id='word_1_300' title='bbox 1125 1494 1286 1523; x_wconf 86' lang='lat' dir='ltr'><strong>utraque·a</strong></span> <span class='ocrx_word' id='word_1_301' title='bbox 1301 1494 1333 1515; x_wconf 90' lang='lat' dir='ltr'><strong>se</strong></span> <span class='ocrx_word' id='word_1_302' title='bbox 1355 1484 1578 1516; x_wconf 44' lang='lat' dir='ltr'><strong>invicemafacile</strong></span> <span class='ocrx_word' id='word_1_303' title='bbox 1601 1486 1798 1522; x_wconf 77' lang='lat' dir='ltr'><strong>distinguitur.</strong></span> 
     </span>
    </p>

    <p class='ocr_par' dir='ltr' id='par_1_6' title="bbox 285 1537 1798 1680">
     <span class='ocr_line' id='line_1_27' title="bbox 324 1537 1798 1580; baseline -0.002 -11"><span class='ocrx_word' id='word_1_304' title='bbox 324 1541 371 1569; x_wconf 90' lang='lat' dir='ltr'><strong>Sic</strong></span> <span class='ocrx_word' id='word_1_305' title='bbox 400 1541 482 1569; x_wconf 81' lang='lat' dir='ltr'><strong>etiam</strong></span> <span class='ocrx_word' id='word_1_306' title='bbox 515 1539 636 1580; x_wconf 81' lang='lat' dir='ltr'><strong>spiritus</strong></span> <span class='ocrx_word' id='word_1_307' title='bbox 661 1539 735 1569; x_wconf 64' lang='lat' dir='ltr'><strong>vini⁴</strong></span> <span class='ocrx_word' id='word_1_308' title='bbox 750 1539 868 1568; x_wconf 85' lang='lat' dir='ltr'><strong>humum</strong></span> <span class='ocrx_word' id='word_1_309' title='bbox 893 1547 963 1568; x_wconf 81' lang='lat' dir='ltr'><strong>non·</strong></span> <span class='ocrx_word' id='word_1_310' title='bbox 978 1538 1142 1575; x_wconf 64' lang='lat' dir='ltr'><strong>dissolvit3=</strong></span> <span class='ocrx_word' id='word_1_311' title='bbox 1164 1538 1288 1575; x_wconf 78' lang='lat' dir='ltr'><strong>suscipit</strong></span> <span class='ocrx_word' id='word_1_312' title='bbox 1313 1537 1401 1567; x_wconf 78' lang='lat' dir='ltr'><strong>enim</strong></span> <span class='ocrx_word' id='word_1_313' title='bbox 1418 1537 1569 1566; x_wconf 84' lang='lat' dir='ltr'><strong>admodum</strong></span> <span class='ocrx_word' id='word_1_314' title='bbox 1597 1546 1710 1574; x_wconf 86' lang='lat' dir='ltr'><strong>parvam</strong></span> <span class='ocrx_word' id='word_1_315' title='bbox 1737 1539 1798 1576; x_wconf 86' lang='lat' dir='ltr'><strong>ejus</strong></span> 
     </span>
     <span class='ocr_line' id='line_1_28' title="bbox 286 1588 1798 1630; baseline -0.003 -8"><span class='ocrx_word' id='word_1_316' title='bbox 286 1593 403 1626; x_wconf 76' lang='lat' dir='ltr'><strong>extracti</strong></span> <span class='ocrx_word' id='word_1_317' title='bbox 423 1592 608 1629; x_wconf 82' lang='lat' dir='ltr'><strong>quantitatem</strong></span> <span class='ocrx_word' id='word_1_318' title='bbox 629 1591 710 1630; x_wconf 83' lang='lat'><strong>(5).</strong></span> <span class='ocrx_word' id='word_1_319' title='bbox 759 1590 839 1621; x_wconf 79' lang='lat' dir='ltr'><strong>Idem</strong></span> <span class='ocrx_word' id='word_1_320' title='bbox 865 1589 1016 1620; x_wconf 85' lang='lat' dir='ltr'><strong>dicendum</strong></span> <span class='ocrx_word' id='word_1_321' title='bbox 1044 1596 1088 1620; x_wconf 78' lang='lat' dir='ltr'><strong>est</strong></span> <span class='ocrx_word' id='word_1_322' title='bbox 1117 1590 1152 1619; x_wconf 80' lang='lat' dir='ltr'><strong>d&#39;e</strong></span> <span class='ocrx_word' id='word_1_323' title='bbox 1176 1589 1290 1618; x_wconf 85' lang='lat' dir='ltr'><strong>aethere</strong></span> <span class='ocrx_word' id='word_1_324' title='bbox 1312 1588 1483 1626; x_wconf 76' lang='lat' dir='ltr'><strong>sulfuric03</strong></span> <span class='ocrx_word' id='word_1_325' title='bbox 1516 1595 1544 1618; x_wconf 89' lang='lat' dir='ltr'><strong>et</strong></span> <span class='ocrx_word' id='word_1_326' title='bbox 1564 1589 1714 1618; x_wconf 86' lang='lat' dir='ltr'><strong>observavi</strong></span> <span class='ocrx_word' id='word_1_327' title='bbox 1738 1596 1798 1625; x_wconf 89' lang='lat' dir='ltr'><strong>quo</strong></span> 
     </span>
     <span class='ocr_line' id='line_1_29' title="bbox 285 1633 1481 1680; baseline -0.005 -8"><span class='ocrx_word' id='word_1_328' title='bbox 285 1644 380 1673; x_wconf 82' lang='lat' dir='ltr'><strong>minus</strong></span> <span class='ocrx_word' id='word_1_329' title='bbox 405 1633 533 1680; x_wconf 83' lang='lat' dir='ltr'><strong>spiritus-</strong></span> <span class='ocrx_word' id='word_1_330' title='bbox 550 1643 673 1672; x_wconf 67' lang='lat' dir='ltr'><strong>vini⁷sit</strong></span> <span class='ocrx_word' id='word_1_331' title='bbox 696 1642 829 1679; x_wconf 88' lang='lat' dir='ltr'><strong>dilutus,</strong></span> <span class='ocrx_word' id='word_1_332' title='bbox 851 1650 926 1670; x_wconf 39' lang='lat' dir='ltr'><strong>eum*</strong></span> <span class='ocrx_word' id='word_1_333' title='bbox 940 1634 1096 1671; x_wconf 74' lang='lat' dir='ltr'><strong>eominus</strong></span> <span class='ocrx_word' id='word_1_334' title='bbox 1118 1640 1198 1671; x_wconf 88' lang='lat' dir='ltr'><strong>humi</strong></span> <span class='ocrx_word' id='word_1_335' title='bbox 1225 1641 1340 1669; x_wconf 86' lang='lat' dir='ltr'><strong>solvere</strong></span> <span class='ocrx_word' id='word_1_336' title='bbox 1369 1647 1481 1676; x_wconf 50' lang='lat' dir='ltr'><strong>posses.</strong></span> 
     </span>
    </p>

    <p class='ocr_par' dir='ltr' id='par_1_7' title="bbox 284 1689 1797 1782">
     <span class='ocr_line' id='line_1_30' title="bbox 322 1689 1795 1730; baseline -0.003 -7"><span class='ocrx_word' id='word_1_337' title='bbox 322 1695 379 1724; x_wconf 87' lang='lat' dir='ltr'><strong>Sed</strong></span> <span class='ocrx_word' id='word_1_338' title='bbox 399 1695 503 1723; x_wconf 84' lang='lat' dir='ltr'><strong>humus</strong></span> <span class='ocrx_word' id='word_1_339' title='bbox 533 1695 597 1723; x_wconf 65' lang='lat' dir='ltr'><strong>aei-e</strong></span> <span class='ocrx_word' id='word_1_340' title='bbox 620 1701 648 1723; x_wconf 88' lang='lat' dir='ltr'><strong>et</strong></span> <span class='ocrx_word' id='word_1_341' title='bbox 670 1695 745 1730; x_wconf 68' lang='lat' dir='ltr'><strong>aqua</strong></span> <span class='ocrx_word' id='word_1_342' title='bbox 768 1693 1071 1723; x_wconf 85' lang='lat' dir='ltr'><strong>continuo-mutatur.</strong></span> <span class='ocrx_word' id='word_1_343' title='bbox 1112 1691 1200 1720; x_wconf 89' lang='lat' dir='ltr'><strong>Cum·</strong></span> <span class='ocrx_word' id='word_1_344' title='bbox 1214 1690 1288 1720; x_wconf 85' lang='lat' dir='ltr'><strong>enim</strong></span> <span class='ocrx_word' id='word_1_345' title='bbox 1316 1689 1431 1719; x_wconf 89' lang='lat' dir='ltr'><strong>humida</strong></span> <span class='ocrx_word' id='word_1_346' title='bbox 1452 1695 1578 1727; x_wconf 84' lang='lat' dir='ltr'><strong>ponatur</strong></span> <span class='ocrx_word' id='word_1_347' title='bbox 1604 1689 1634 1719; x_wconf 89' lang='lat' dir='ltr'><strong>in</strong></span> <span class='ocrx_word' id='word_1_348' title='bbox 1660 1698 1795 1727; x_wconf 86' lang='lat' dir='ltr'><strong>campana</strong></span> 
     </span>
     <span class='ocr_line' id='line_1_31' title="bbox 284 1743 1797 1782; baseline -0.002 -6"><span class='ocrx_word' id='word_1_349' title='bbox 284 1748 346 1776; x_wconf 63' lang='lat' dir='ltr'><strong>acre</strong></span> <span class='ocrx_word' id='word_1_350' title='bbox 366 1746 502 1782; x_wconf 85' lang='lat' dir='ltr'><strong>impleta,</strong></span> <span class='ocrx_word' id='word_1_351' title='bbox 521 1753 608 1782; x_wconf 85' lang='lat' dir='ltr'><strong>atque</strong></span> <span class='ocrx_word' id='word_1_352' title='bbox 621 1745 696 1774; x_wconf 89' lang='lat' dir='ltr'><strong>-haec</strong></span> <span class='ocrx_word' id='word_1_353' title='bbox 713 1745 875 1774; x_wconf 81' lang='lat' dir='ltr'><strong>collocetur</strong></span> <span class='ocrx_word' id='word_1_354' title='bbox 893 1744 922 1773; x_wconf 88' lang='lat' dir='ltr'><strong>in</strong></span> <span class='ocrx_word' id='word_1_355' title='bbox 941 1744 1156 1781; x_wconf 85' lang='lat' dir='ltr'><strong>hydrargyro‚.</strong></span> <span class='ocrx_word' id='word_1_356' title='bbox 1168 1743 1215 1772; x_wconf 85' lang='lat' dir='ltr'><strong>cui</strong></span> <span class='ocrx_word' id='word_1_357' title='bbox 1231 1751 1303 1780; x_wconf 84' lang='lat' dir='ltr'><strong>aqua</strong></span> <span class='ocrx_word' id='word_1_358' title='bbox 1321 1743 1451 1779; x_wconf 86' lang='lat' dir='ltr'><strong>innatat,-</strong></span> <span class='ocrx_word' id='word_1_359' title='bbox 1472 1750 1541 1780; x_wconf 88' lang='lat' dir='ltr'><strong>post</strong></span> <span class='ocrx_word' id='word_1_360' title='bbox 1557 1743 1666 1780; x_wconf 87' lang='lat' dir='ltr'><strong>aliquid</strong></span> <span class='ocrx_word' id='word_1_361' title='bbox 1683 1751 1797 1781; x_wconf 84' lang='lat' dir='ltr'><strong>tempus</strong></span> 
     </span>
    </p>
   </div>
   <div class='ocr_carea' id='block_1_3' title="bbox 285 1794 1796 1875">
    <p class='ocr_par' dir='ltr' id='par_1_8' title="bbox 285 1794 1796 1875">
     <span class='ocr_line' id='line_1_32' title="bbox 285 1794 1793 1840; baseline -0.004 -11"><span class='ocrx_word' id='word_1_362' title='bbox 285 1808 358 1838; x_wconf 59' lang='lat' dir='ltr'><strong>aqua</strong></span> <span class='ocrx_word' id='word_1_363' title='bbox 387 1799 419 1831; x_wconf 72' lang='lat' dir='ltr'><strong>in,</strong></span> <span class='ocrx_word' id='word_1_364' title='bbox 438 1806 601 1840; x_wconf 43' lang='lat' dir='ltr'><strong>camp-anam</strong></span> <span class='ocrx_word' id='word_1_365' title='bbox 628 1794 945 1834; x_wconf 68' lang='lat' dir='ltr'><strong>adscendere-incipit,</strong></span> <span class='ocrx_word' id='word_1_366' title='bbox 974 1796 1021 1828; x_wconf 58' lang='lat' dir='ltr'><strong>aer·</strong></span> <span class='ocrx_word' id='word_1_367' title='bbox 1044 1796 1077 1827; x_wconf 65' lang='lat' dir='ltr'><strong>ea</strong></span> <span class='ocrx_word' id='word_1_368' title='bbox 1099 1802 1252 1825; x_wconf 82' lang='lat' dir='ltr'><strong>contentus</strong></span> <span class='ocrx_word' id='word_1_369' title='bbox 1275 1802 1435 1832; x_wconf 78' lang='lat' dir='ltr'><strong>mutatur,¹</strong></span> <span class='ocrx_word' id='word_1_370' title='bbox 1456 1802 1484 1823; x_wconf 86' lang='lat' dir='ltr'><strong>et</strong></span> <span class='ocrx_word' id='word_1_371' title='bbox 1509 1794 1687 1830; x_wconf 28' lang='lat' dir='ltr'><strong>aliastquam</strong></span> <span class='ocrx_word' id='word_1_372' title='bbox 1710 1801 1793 1824; x_wconf 86' lang='lat' dir='ltr'><strong>antea</strong></span> 
     </span>
     <span class='ocr_line' id='line_1_33' title="bbox 1714 1852 1796 1875; baseline 0.024 -2"><span class='ocrx_word' id='word_1_373' title='bbox 1714 1852 1796 1875; x_wconf 84' lang='lat' dir='ltr'><strong>mon-</strong></span> 
     </span>
    </p>
   </div>
   <div class='ocr_carea' id='block_1_4' title="bbox 284 1927 1812 2201">
    <p class='ocr_par' dir='ltr' id='par_1_9' title="bbox 284 1927 1812 2014">
     <span class='ocr_line' id='line_1_34' title="bbox 324 1927 1812 1968; baseline -0.003 -9"><span class='ocrx_word' id='word_1_374' title='bbox 324 1931 388 1967; x_wconf 83' lang='grc' dir='ltr'><strong>(ι)</strong></span> <span class='ocrx_word' id='word_1_375' title='bbox 407 1933 472 1960; x_wconf 86' lang='lat' dir='ltr'><strong>Vid.</strong></span> <span class='ocrx_word' id='word_1_376' title='bbox 490 1934 566 1967; x_wconf 83' lang='lat' dir='ltr'><strong>Davy</strong></span> <span class='ocrx_word' id='word_1_377' title='bbox 585 1936 604 1960; x_wconf 90' lang='lat'><strong>1.</strong></span> <span class='ocrx_word' id='word_1_378' title='bbox 621 1936 639 1961; x_wconf 93' lang='lat' dir='ltr'><strong>l.</strong></span> <span class='ocrx_word' id='word_1_379' title='bbox 657 1943 685 1967; x_wconf 85' lang='lat' dir='ltr'><strong>p.</strong></span> <span class='ocrx_word' id='word_1_380' title='bbox 706 1940 761 1968; x_wconf 76' lang='lat'><strong>¹74·</strong></span> <span class='ocrx_word' id='word_1_381' title='bbox 781 1940 807 1960; x_wconf 83' lang='lat' dir='ltr'><strong>et</strong></span> <span class='ocrx_word' id='word_1_382' title='bbox 826 1941 903 1967; x_wconf 87' lang='lat' dir='ltr'><strong>seqq.-</strong></span> <span class='ocrx_word' id='word_1_383' title='bbox 919 1939 946 1959; x_wconf 88' lang='lat' dir='ltr'><strong>et</strong></span> <span class='ocrx_word' id='word_1_384' title='bbox 965 1933 1066 1959; x_wconf 75' lang='lat' dir='ltr'><strong>Aecum</strong></span> <span class='ocrx_word' id='word_1_385' title='bbox 1085 1931 1175 1958; x_wconf 71' lang='lat' dir='ltr'><strong>Traite</strong></span> <span class='ocrx_word' id='word_1_386' title='bbox 1187 1931 1308 1964; x_wconf 76' lang='lat' dir='ltr'><strong>‘pratique</strong></span> <span class='ocrx_word' id='word_1_387' title='bbox 1325 1938 1366 1956; x_wconf 84' lang='lat' dir='ltr'><strong>sm·</strong></span> <span class='ocrx_word' id='word_1_388' title='bbox 1385 1930 1479 1963; x_wconf 81' lang='lat' dir='ltr'><strong>1’usage</strong></span> <span class='ocrx_word' id='word_1_389' title='bbox 1499 1930 1573 1963; x_wconf 75' lang='lat' dir='ltr'><strong>et‚1e</strong></span> <span class='ocrx_word' id='word_1_390' title='bbox 1598 1927 1674 1956; x_wconf 87' lang='lat' dir='ltr'><strong>mode</strong></span> <span class='ocrx_word' id='word_1_391' title='bbox 1690 1927 1812 1961; x_wconf 47' lang='lat' dir='ltr'><strong>d&#39;applim</strong></span> 
     </span>
     <span class='ocr_line' id='line_1_35' title="bbox 284 1976 1391 2014; baseline -0.001 -9"><span class='ocrx_word' id='word_1_392' title='bbox 284 1980 370 2006; x_wconf 80' lang='lat' dir='ltr'><strong>cation</strong></span> <span class='ocrx_word' id='word_1_393' title='bbox 391 1979 434 2005; x_wconf 85' lang='lat' dir='ltr'><strong>des</strong></span> <span class='ocrx_word' id='word_1_394' title='bbox 451 1979 574 2007; x_wconf 80' lang='lat' dir='ltr'><strong>Reactifs</strong></span> <span class='ocrx_word' id='word_1_395' title='bbox 590 1980 764 2014; x_wconf 86' lang='lat' dir='ltr'><strong>Chimiques;</strong></span> <span class='ocrx_word' id='word_1_396' title='bbox 782 1980 878 2006; x_wconf 70' lang='lat' dir='ltr'><strong>:radult-</strong></span> <span class='ocrx_word' id='word_1_397' title='bbox 895 1987 939 2014; x_wconf 83' lang='lat' dir='ltr'><strong>par</strong></span> <span class='ocrx_word' id='word_1_398' title='bbox 955 1979 1063 2006; x_wconf 75' lang='lat' dir='ltr'><strong>Riffault</strong></span> <span class='ocrx_word' id='word_1_399' title='bbox 1085 1986 1114 2012; x_wconf 87' lang='lat' dir='ltr'><strong>p.</strong></span> <span class='ocrx_word' id='word_1_400' title='bbox 1131 1985 1193 2006; x_wconf 73' lang='lat'><strong>220.</strong></span> <span class='ocrx_word' id='word_1_401' title='bbox 1217 1976 1391 2010; x_wconf 51' lang='lat' dir='ltr'><strong>parisiam„</strong></span> 
     </span>
    </p>

    <p class='ocr_par' dir='ltr' id='par_1_10' title="bbox 318 2025 835 2061">
     <span class='ocr_line' id='line_1_36' title="bbox 318 2025 835 2061; baseline 0.002 -8"><span class='ocrx_word' id='word_1_402' title='bbox 318 2025 383 2060; x_wconf 73' lang='grc' dir='ltr'><strong>(ἀ)</strong></span> <span class='ocrx_word' id='word_1_403' title='bbox 400 2026 462 2052; x_wconf 87' lang='lat' dir='ltr'><strong>Vid.</strong></span> <span class='ocrx_word' id='word_1_404' title='bbox 478 2025 600 2052; x_wconf 82' lang='lat' dir='ltr'><strong>Saussure</strong></span> <span class='ocrx_word' id='word_1_405' title='bbox 618 2027 637 2053; x_wconf 88' lang='lat' dir='ltr'><strong>l.</strong></span> <span class='ocrx_word' id='word_1_406' title='bbox 655 2027 673 2054; x_wconf 85' lang='lat'><strong>1.</strong></span> <span class='ocrx_word' id='word_1_407' title='bbox 694 2034 754 2060; x_wconf 78' lang='lat' dir='ltr'><strong>pag.</strong></span> <span class='ocrx_word' id='word_1_408' title='bbox 775 2027 835 2061; x_wconf 58' lang='lat'><strong>1675</strong></span> 
     </span>
    </p>

    <p class='ocr_par' dir='ltr' id='par_1_11' title="bbox 317 2072 669 2104">
     <span class='ocr_line' id='line_1_37' title="bbox 317 2072 669 2104; baseline 0.009 -8"><span class='ocrx_word' id='word_1_409' title='bbox 317 2072 380 2104; x_wconf 84' lang='lat'><strong>(3)</strong></span> <span class='ocrx_word' id='word_1_410' title='bbox 398 2072 458 2097; x_wconf 79' lang='lat' dir='ltr'><strong>vid.</strong></span> <span class='ocrx_word' id='word_1_411' title='bbox 474 2072 597 2101; x_wconf 72' lang='lat' dir='ltr'><strong>Saussure</strong></span> <span class='ocrx_word' id='word_1_412' title='bbox 615 2073 632 2097; x_wconf 89' lang='lat'><strong>1.</strong></span> <span class='ocrx_word' id='word_1_413' title='bbox 651 2073 669 2099; x_wconf 88' lang='lat'><strong>1.</strong></span> 
     </span>
    </p>

    <p class='ocr_par' dir='ltr' id='par_1_12' title="bbox 318 2117 1176 2152">
     <span class='ocr_line' id='line_1_38' title="bbox 318 2117 1176 2152; baseline 0.003 -9"><span class='ocrx_word' id='word_1_414' title='bbox 318 2117 384 2152; x_wconf 59' lang='lat'><strong>(4)</strong></span> <span class='ocrx_word' id='word_1_415' title='bbox 403 2118 463 2144; x_wconf 81' lang='lat' dir='ltr'><strong>vid.</strong></span> <span class='ocrx_word' id='word_1_416' title='bbox 481 2118 583 2145; x_wconf 83' lang='lat' dir='ltr'><strong>Einhof-</strong></span> <span class='ocrx_word' id='word_1_417' title='bbox 596 2119 621 2144; x_wconf 85' lang='lat' dir='ltr'><strong>in</strong></span> <span class='ocrx_word' id='word_1_418' title='bbox 637 2118 746 2152; x_wconf 58' lang='lat' dir='ltr'><strong>Journak</strong></span> <span class='ocrx_word' id='word_1_419' title='bbox 761 2126 813 2146; x_wconf 86' lang='lat' dir='ltr'><strong>von</strong></span> <span class='ocrx_word' id='word_1_420' title='bbox 835 2119 934 2147; x_wconf 74' lang='lat' dir='ltr'><strong>Geblen</strong></span> <span class='ocrx_word' id='word_1_421' title='bbox 953 2119 970 2146; x_wconf 89' lang='grc' dir='ltr'><strong>Ι.</strong></span> <span class='ocrx_word' id='word_1_422' title='bbox 991 2119 1009 2146; x_wconf 86' lang='lat' dir='ltr'><strong>l.</strong></span> <span class='ocrx_word' id='word_1_423' title='bbox 1027 2118 1176 2152; x_wconf 72' lang='lat' dir='ltr'><strong>pag.3sst··.</strong></span> 
     </span>
    </p>

    <p class='ocr_par' dir='ltr' id='par_1_13' title="bbox 316 2163 680 2201">
     <span class='ocr_line' id='line_1_39' title="bbox 316 2163 680 2201; baseline -0.003 -11"><span class='ocrx_word' id='word_1_424' title='bbox 316 2164 330 2197; x_wconf 94' lang='lat'>(</span> <span class='ocrx_word' id='word_1_425' title='bbox 341 2170 356 2196; x_wconf 83' lang='grc'><em>5</em></span> <span class='ocrx_word' id='word_1_426' title='bbox 368 2163 392 2201; x_wconf 21' lang='grc'><strong>)&gt;</strong></span> <span class='ocrx_word' id='word_1_427' title='bbox 404 2164 463 2193; x_wconf 87' lang='lat' dir='ltr'><strong>Vid.</strong></span> <span class='ocrx_word' id='word_1_428' title='bbox 480 2164 643 2193; x_wconf 61' lang='lat' dir='ltr'><strong>Saussutel.</strong></span> <span class='ocrx_word' id='word_1_429' title='bbox 656 2164 680 2191; x_wconf 69' lang='lat' dir='ltr'><strong>l.</strong></span> 
     </span>
    </p>
   </div>
  </div>
 </body>
</html>
