1919 2511
697 152 1106 188 ORATIO.
1596 160 1642 192 25'

165 249 344 270 Remmia
372 236 578 280 sequendum
603 237 684 270 mihi
708 239 898 281 exemplum
922 250 1161 284 proponerem,
1192 243 1389 287 eademque,
1419 246 1483 289 qua
1504 245 1564 286 illi,
1596 246 1631 279 in

165 294 397 327 litteratissimzi
417 292 482 326 hac
502 292 646 335 civitate,
675 293 725 327 via
751 294 946 328 insisterem.
994 298 1092 339 Quod
1111 299 1156 340 si,
1186 305 1219 331 et
1237 300 1404 333 doetrinae
1429 301 1633 344 celebritate,

163 360 248 393 quae
267 349 350 382 mihi
366 350 456 382 nulla
475 355 541 391 est,
564 355 596 382 et
615 351 733 394 ingenii
754 353 927 394 acumine,
952 353 1040 397 quod
1057 365 1159 398 quam
1178 354 1214 388 in
1234 366 1288 388 me
1306 356 1460 400 exiguum
1479 359 1522 390 sit
1537 357 1628 391 haud

160 407 296 449 ignoro,
319 406 376 439 vix
394 416 435 438 ac
452 417 494 439 ne
516 408 571 440 vix
592 405 725 449 quidem
745 407 862 451 diguus
881 419 953 441 esse
973 409 1102 452 videor,
1126 397 1182 455 q'ui
1201 412 1236 444 in
1254 423 1370 445 eorum
1388 413 1498 446 locum
1516 424 1634 446 succe-

163 461 260 502 dam3
284 467 318 494 at
331 467 445 495 tamen
460 461 523 504 ita,
546 463 621 496 Viri
637 463 854 506 Amplissimi!
878 465 982 498 Vobis
1004 467 1102 501 velim
1127 467 1354 510 persuadeatis
1362 493 1373 510 ,
1397 469 1479 501 nihil
1504 480 1559 502 me
1577 480 1637 513 per

161 524 266 552 totam
293 520 397 553 vitam
424 514 610 563 antiquius,
639 519 720 552 nihil
747 519 935 563 honestius,
967 522 1050 555 nihil
1075 522 1217 567 denique
1244 525 1392 557 sanctius
1421 525 1631 568 habiturum,

162 586 265 620 quam
283 581 336 618 ut,
357 576 385 608 si
403 581 574 608 tantorum
590 577 738 611 virorum
753 576 885 610 laudem
903 589 1045 622 aequare
1063 589 1124 622 pro
1141 581 1213 612 mezi
1229 580 1454 614 mediocritate
1470 593 1539 614 non
1553 593 1636 615 con-

163 634 283 677 tigerit,
307 632 462 665 laborum
483 638 570 665 certe
584 638 616 665 et
632 632 819 665 studiorum
832 634 979 667 imitator
994 640 1092 678 atque
1107 636 1258 668 aemulus
1275 635 1443 669 exsistam.
1491 639 1521 670 O
1535 648 1637 681 prae-

163 691 289 723 claram
312 700 424 722 meam
449 689 535 723 vitae
561 688 800 731 conditionem,
830 690 884 723 cui
908 691 944 723 in
967 694 1105 724 amoena
1131 693 1205 724 licet
1229 693 1376 734 civitate,
1400 699 1435 726 at
1457 695 1634 727 remotiore

161 752 276 779 tamen
298 744 340 778 ab
362 742 455 779 Urbe
471 745 590 786 natali,
614 756 768 778 meariun
785 756 899 779 rerum
917 746 1031 780 sedem
1052 749 1107 781 vix
1126 748 1299 781 collocanti
1317 754 1348 782 et
1371 760 1551 783 causarum
1569 761 1635 794 pa-

160 801 340 835 trocinium
362 802 501 837 vixdum
524 800 713 844 recipienti,
743 802 824 835 nihil
849 802 990 847 denique
1017 805 1081 837 tale
1107 803 1275 847 opinanti,
1308 806 1429 839 Vestro
1454 807 1633 849 beneficio,

161 859 197 892 in
223 858 306 900 hac,
339 864 373 891 at
402 859 491 902 quali
514 864 546 890 et
569 860 688 901 quanta
713 859 855 893 civitate!
886 859 1217 893 honorificentissime
1238 861 1318 893 illud
1338 872 1462 895 munus
1481 862 1634 896 oblatum

160 915 222 956 sit,
254 917 347 958 cujus
371 916 455 948 ratio
479 915 513 947 id
540 925 646 947 unum
663 906 786 959 exigit,
818 921 854 948 ut
874 916 909 948 in
935 916 991 948 tali
1016 917 1162 958 civitate,
1192 916 1282 960 apud
1307 920 1413 960 cives,
1436 918 1633 960 familiares,

161 977 334 1015 cognatos,
362 972 398 1004 in
421 972 460 1003 iis
483 970 618 1012 studjiS,
649 982 734 1014 quae
758 969 842 1004 mihi
866 982 947 1014 prae
972 971 1087 1005 ceteris
1113 982 1245 1016 semper
1271 975 1306 1006 in
1333 973 1455 1007 deliciis
1480 974 1631 1015 fuerunt,

161 1027 264 1062 vitam
282 1039 394 1060 meam
414 1027 585 1060 collocem!
632 1028 732 1069 Quod
749 1029 846 1071 igitur
866 1028 1046 1071 petendum
1072 1040 1092 1061 a
1117 1029 1223 1063 Vobis
1240 1029 1323 1062 mihi
1339 1036 1459 1072 restat,
1481 1030 1547 1063 hoc
1565 1037 1632 1072 est,

160 1088 216 1125 ut,
246 1093 313 1127 quo
339 1089 371 1115 et
396 1093 520 1126 puerO,
550 1089 582 1116 et
612 1083 829 1125 adolescenti,
860 1089 892 1117 et
913 1085 1021 1126 juveni
1040 1084 1109 1118 frui
1127 1085 1210 1118 mihi
1230 1087 1377 1130 contigit,
1401 1087 1517 1119 eodem
1538 1086 1634 1121 dein-

161 1148 238 1182 ceps
260 1149 390 1182 quoque
411 1137 571 1173 benevolo
594 1141 715 1172 Vestro
739 1140 874 1181 animo,
892 1150 947 1172 me
970 1140 1236 1184 complectamini
1258 1153 1299 1174 ac
1320 1143 1523 1175 sustineatis!

203 1195 265 1227 Est
281 1195 336 1227 illa
352 1205 446 1228 more
466 1197 636 1238 Majorum
661 1201 794 1238 recepta
818 1196 1038 1238 consuetudo,
1064 1202 1118 1239 ut,
1143 1199 1289 1231 muneris
1311 1197 1505 1242 auspicandi
1532 1200 1633 1232 causa.

159 1252 345 1285 orationem
368 1251 525 1293 habenti,
550 1250 682 1295 publice
707 1251 852 1295 profiteri
871 1253 981 1293 liceat,
1003 1264 1064 1297 per
1088 1263 1171 1297 quos
1189 1254 1232 1287 ad
1249 1254 1524 1299 qualemcumque
1550 1256 1633 1289 doc-

159 1308 266 1340 trinae
286 1307 434 1340 fructum
454 1307 642 1351 pervenisse
661 1317 715 1350 se,
739 1313 772 1341 et
788 1309 970 1351 existimet,
995 1315 1026 1343 et
1043 1316 1155 1353 gratus
1174 1317 1340 1354 agnoscat.
1386 1315 1500 1356 Itaque
1520 1318 1559 1345 tu
1581 1313 1634 1344 si-

159 1374 239 1406 nas,
273 1364 388 1405 velim,
422 1366 522 1397 Pater
549 1365 732 1397 carissime!
772 1370 827 1407 ut,
857 1364 928 1398 hac
954 1366 1128 1399 doctorum
1161 1366 1337 1401 hominum
1364 1369 1563 1412 frequentia,
1600 1373 1631 1401 te

159 1421 268 1464 primo
283 1421 356 1453 loco
371 1422 626 1464 Praeceptorem
640 1432 755 1454 meum
770 1422 976 1466 compellem!
1021 1423 1128 1456 Fuisti
1145 1429 1180 1457 tu
1195 1423 1279 1457 mihi
1297 1430 1412 1458 auctor
1426 1425 1610 1457 studiorum
1620 1449 1637 1466 ,,

158 1476 228 1510 dux
245 1477 348 1518 vitae,
372 1477 500 1509 amicus
520 1478 743 1519 certissimus5
767 1483 804 1511 ut
820 1479 915 1523 longe
931 1480 1053 1513 arctior
1070 1481 1169 1513 etiam
1187 1486 1298 1513 tecum
1314 1481 1395 1513 1111111
1410 1481 1492 1524 grati
1508 1479 1635 1522 animi,

157 1542 259 1577 qnam
281 1539 438 1575 naturae,
470 1544 555 1578 qnae
576 1533 762 1567 arctissima
784 1540 850 1577 est,
882 1534 1067 1570 intercedat
1089 1537 1307 1570 necessitudo.
1356 1537 1455 1579 Quod
1480 1537 1508 1569 si
1532 1536 1628 1580 igitur

158 1594 191 1622 et
214 1589 298 1622 mihi
323 1595 355 1622 et
373 1589 531 1622 fratribus
557 1590 647 1623 bona
672 1598 852 1626 evenerunt
874 1592 967 1625 haud
987 1603 1114 1636 pauca,
1137 1604 1244 1626 unum
1265 1593 1343 1626 illud
1364 1604 1536 1625 summum
1559 1598 1634 1634 est,

158 1645 247 1689 quod
267 1649 317 1679 Te
333 1645 513 1680 habuimus
538 1647 680 1680 eundem
699 1647 784 1682 vitae
809 1654 997 1691 auctorem,
1019 1650 1169 1693 vitaeque
1189 1648 1274 1682 bene
1293 1649 1511 1682 instituendae
1530 1648 1632 1691 adju«

154 1707 263 1734 torem
273 1705 285 1735 !'
324 1702 488 1746 Equidem
517 1705 636 1736 sentio!
665 1705 825 1738 Virorum
854 1706 990 1749 optime!
1023 1706 1106 1738 mihi
1134 1716 1226 1739 nunc
1256 1706 1436 1748 imprimis,
1469 1705 1563 1749 quasi
1590 1705 1631 1736 in1

160 1759 339 1801 conspicuo
364 1757 469 1802 magis
493 1759 565 1792 loco
591 1762 716 1803 posit0,
747 1763 812 1794 tuis
832 1772 917 1805 opus
941 1772 1013 1795 esse
1038 1761 1200 1795 consiliis!
1239 1762 1305 1794 Illis
1325 1762 1422 1805 igitur
1439 1772 1493 1793 me
1513 1770 1624 1793 carere

156 1824 226 1847 non
250 1815 389 1857 patiare!
443 1815 592 1858 Quibus,
622 1826 687 1860 quo
705 1817 827 1850 diutius
845 1818 955 1860 fruar,
978 1823 1015 1850 ut
1031 1828 1092 1861 per
1110 1818 1241 1861 longam
1258 1818 1358 1850 etiam
1378 1826 1544 1850 annorum
1566 1826 1628 1848 se«

156 1871 258 1912 riem,
282 1872 396 1912 uxori,
419 1867 682 1915 liberis,'11tte1'-is
702 1879 733 1906 et
750 1872 843 1906 Civili
859 1874 1060 1907 Prudentiae
1081 1874 1191 1908 salvus
1209 1874 1273 1915 sis,
1297 1875 1409 1905 Deum
1431 1874 1508 1916 Opt.
1527 1874 1629 1905 Max.-

157 1925 254 1959 enixe
276 1931 415 1970 precor!'

139 1984 154 2000 ³*
175 1977 178 1978 ⁷
199 1983 260 2016 Ad.
274 1982 350 2017 Vos*
367 1994 421 2016 me
443 1988 623 2026 converto,-
642 1986 715 2018 Vin*
735 1985 937 2019 clarissimis
958 1996 1067 2029 nuper
1088 1988 1335 2029 Praeceptores!
1363 1996 1454 2018 nunc
1477 1986 1631 2030 Collegae·

155 2038 438 2081 conjunctissimi!
484 2039 548 2072 Sed
566 2042 636 2073 Vos
655 2052 731 2073 cum
750 2042 897 2083 intueor,
921 2044 1033 2075 nescio
1050 2053 1115 2086 quo
1133 2047 1248 2085 pacto,
1272 2052 1355 2085 quae
1374 2041 1465 2075 vobis
1483 2042 1623 2075 dicenda

154 2088 323 2130 habebam
341 2095 426 2129 bene
446 2096 551 2129 multa
559 2121 576 2139 ,2
592 2096 660 2131 fere
678 2097 837 2131 excidisse
855 2097 1048 2137 videantur„
1086 2101 1132 2132 Ut
1155 2098 1250 2131 enim-
1269 2099 1390 2132 Vestra
1411 2099 1451 2131 111ι
1471 2109 1526 2131 me
1550 2099 1630 2131 col--

1167 2156 1171 2162 '
1567 2152 1632 2189 lix-r
