<?xml version="1.0" encoding="UTF-8"?>
<!DOCTYPE html PUBLIC "-//W3C//DTD XHTML 1.0 Transitional//EN"
    "http://www.w3.org/TR/xhtml1/DTD/xhtml1-transitional.dtd">
<html xmlns="http://www.w3.org/1999/xhtml" xml:lang="en" lang="en">
 <head>
  <title>
</title>
<meta http-equiv="Content-Type" content="text/html;charset=utf-8" />
  <meta name='ocr-system' content='tesseract 3.04.00' />
  <meta name='ocr-capabilities' content='ocr_page ocr_carea ocr_par ocr_line ocrx_word'/>
</head>
<body>
  <div class='ocr_page' id='page_1' title='image "annalesacademiae24rijk_0350.png"; bbox 0 0 1919 2511; ppageno 0'>
   <div class='ocr_carea' id='block_1_1' title="bbox 315 123 1585 164">
    <p class='ocr_par' dir='ltr' id='par_1_1' title="bbox 315 123 1585 164">
     <span class='ocr_line' id='line_1_1' title="bbox 315 123 1585 164; baseline 0.001 -8"><span class='ocrx_word' id='word_1_1' title='bbox 315 135 354 164; x_wconf 83' lang='lat'>44</span> <span class='ocrx_word' id='word_1_2' title='bbox 586 126 814 157; x_wconf 82' lang='lat' dir='ltr'><strong>CLAUDII</strong></span> <span class='ocrx_word' id='word_1_3' title='bbox 853 123 1081 155; x_wconf 86' lang='lat' dir='ltr'>HENRICI</span> <span class='ocrx_word' id='word_1_4' title='bbox 1119 134 1200 155; x_wconf 75' lang='lat' dir='ltr'>VAN</span> <span class='ocrx_word' id='word_1_5' title='bbox 1240 124 1585 157; x_wconf 83' lang='lat' dir='ltr'>HERWERDEN</span> 
     </span>
    </p>
   </div>
   <div class='ocr_carea' id='block_1_2' title="bbox 288 207 1820 1975">
    <p class='ocr_par' dir='ltr' id='par_1_2' title="bbox 313 207 1820 449">
     <span class='ocr_line' id='line_1_2' title="bbox 316 207 1819 246; baseline 0.001 -8"><span class='ocrx_word' id='word_1_6' title='bbox 316 210 373 238; x_wconf 89' lang='lat' dir='ltr'>hoc</span> <span class='ocrx_word' id='word_1_7' title='bbox 395 208 488 245; x_wconf 89' lang='lat' dir='ltr'>ipsum</span> <span class='ocrx_word' id='word_1_8' title='bbox 515 209 587 238; x_wconf 90' lang='lat' dir='ltr'>enim</span> <span class='ocrx_word' id='word_1_9' title='bbox 611 216 764 245; x_wconf 90' lang='lat' dir='ltr'>utrumque</span> <span class='ocrx_word' id='word_1_10' title='bbox 785 214 886 244; x_wconf 78' lang='lat' dir='ltr'>notat3</span> <span class='ocrx_word' id='word_1_11' title='bbox 915 212 1000 238; x_wconf 77' lang='grc' dir='ltr'><em>κυνεῖν</em></span> <span class='ocrx_word' id='word_1_12' title='bbox 1023 207 1119 243; x_wconf 73' lang='grc' dir='ltr'>εηίῐη,</span> <span class='ocrx_word' id='word_1_13' title='bbox 1146 208 1263 244; x_wconf 88' lang='lat' dir='ltr'>antiqua</span> <span class='ocrx_word' id='word_1_14' title='bbox 1287 208 1397 238; x_wconf 71' lang='lat' dir='ltr'>Graeca</span> <span class='ocrx_word' id='word_1_15' title='bbox 1425 209 1539 246; x_wconf 83' lang='lat' dir='ltr'>lingua,</span> <span class='ocrx_word' id='word_1_16' title='bbox 1561 216 1588 238; x_wconf 88' lang='lat' dir='ltr'>et</span> <span class='ocrx_word' id='word_1_17' title='bbox 1615 210 1735 238; x_wconf 79' lang='lat' dir='ltr'>salutare</span> <span class='ocrx_word' id='word_1_18' title='bbox 1751 229 1761 245; x_wconf 48' lang='grc' dir='ltr'><strong>ς</strong></span> <span class='ocrx_word' id='word_1_19' title='bbox 1788 217 1819 240; x_wconf 73' lang='lat' dir='ltr'>et</span> 
     </span>
     <span class='ocr_line' id='line_1_3' title="bbox 315 259 1820 297; baseline 0 -9"><span class='ocrx_word' id='word_1_20' title='bbox 315 260 440 289; x_wconf 82' lang='lat' dir='ltr'>osculari</span> <span class='ocrx_word' id='word_1_21' title='bbox 469 260 632 297; x_wconf 87' lang='lat' dir='ltr'>significat,</span> <span class='ocrx_word' id='word_1_22' title='bbox 655 269 686 289; x_wconf 87' lang='lat' dir='ltr'>ac</span> <span class='ocrx_word' id='word_1_23' title='bbox 713 259 891 297; x_wconf 76' lang='lat' dir='ltr'>praepositio</span> <span class='ocrx_word' id='word_1_24' title='bbox 914 261 976 295; x_wconf 80' lang='grc' dir='ltr'>πρὸς</span> <span class='ocrx_word' id='word_1_25' title='bbox 1000 265 1181 295; x_wconf 84' lang='lat' dir='ltr'>augmentum</span> <span class='ocrx_word' id='word_1_26' title='bbox 1208 259 1325 295; x_wconf 85' lang='lat' dir='ltr'>aliquod</span> <span class='ocrx_word' id='word_1_27' title='bbox 1347 260 1453 289; x_wconf 85' lang='lat' dir='ltr'>amoris</span> <span class='ocrx_word' id='word_1_28' title='bbox 1477 262 1611 289; x_wconf 80' lang='lat' dir='ltr'>denotat:</span> <span class='ocrx_word' id='word_1_29' title='bbox 1634 261 1820 296; x_wconf 81' lang='lat' dir='ltr'>quemadmo-</span> 
     </span>
     <span class='ocr_line' id='line_1_4' title="bbox 315 311 1819 349; baseline 0.001 -10"><span class='ocrx_word' id='word_1_30' title='bbox 315 311 381 339; x_wconf 91' lang='lat' dir='ltr'>dum</span> <span class='ocrx_word' id='word_1_31' title='bbox 405 312 477 349; x_wconf 78' lang='grc' dir='ltr'><strong><em>φέρω</em></strong></span> <span class='ocrx_word' id='word_1_32' title='bbox 505 319 532 340; x_wconf 85' lang='lat' dir='ltr'>et</span> <span class='ocrx_word' id='word_1_33' title='bbox 563 313 724 348; x_wconf 77' lang='grc' dir='ltr'><strong><em>προσφέρω,</em></strong></span> <span class='ocrx_word' id='word_1_34' title='bbox 755 313 819 345; x_wconf 81' lang='grc' dir='ltr'><strong><em>κυρῶ</em></strong></span> <span class='ocrx_word' id='word_1_35' title='bbox 846 317 874 339; x_wconf 84' lang='lat' dir='ltr'>et</span> <span class='ocrx_word' id='word_1_36' title='bbox 897 313 1049 346; x_wconf 79' lang='grc' dir='ltr'><strong><em>προσκυρῶ,</em></strong></span> <span class='ocrx_word' id='word_1_37' title='bbox 1076 313 1142 339; x_wconf 64' lang='lat' dir='ltr'>auu&amp;</span> <span class='ocrx_word' id='word_1_38' title='bbox 1167 316 1195 338; x_wconf 85' lang='lat' dir='ltr'>et</span> <span class='ocrx_word' id='word_1_39' title='bbox 1221 315 1374 346; x_wconf 76' lang='grc' dir='ltr'><em>προσκυνῶ,</em></span> <span class='ocrx_word' id='word_1_40' title='bbox 1405 312 1483 347; x_wconf 81' lang='lat' dir='ltr'>quod</span> <span class='ocrx_word' id='word_1_41' title='bbox 1508 312 1630 340; x_wconf 85' lang='lat' dir='ltr'>salutare</span> <span class='ocrx_word' id='word_1_42' title='bbox 1655 311 1764 339; x_wconf 81' lang='lat' dir='ltr'>indicat</span> <span class='ocrx_word' id='word_1_43' title='bbox 1787 318 1819 340; x_wconf 78' lang='lat' dir='ltr'>et</span> 
     </span>
     <span class='ocr_line' id='line_1_5' title="bbox 313 361 1817 399; baseline 0.001 -9"><span class='ocrx_word' id='word_1_44' title='bbox 313 361 463 391; x_wconf 83' lang='lat' dir='ltr'>amicitiam</span> <span class='ocrx_word' id='word_1_45' title='bbox 488 363 632 399; x_wconf 86' lang='lat' dir='ltr'>protendo</span> <span class='ocrx_word' id='word_1_46' title='bbox 658 362 838 399; x_wconf 88' lang='lat' dir='ltr'>(secundum</span> <span class='ocrx_word' id='word_1_47' title='bbox 864 361 1127 396; x_wconf 80' lang='lat' dir='ltr'>protensionem),</span> <span class='ocrx_word' id='word_1_48' title='bbox 1158 362 1237 397; x_wconf 82' lang='lat' dir='ltr'>quod</span> <span class='ocrx_word' id='word_1_49' title='bbox 1263 362 1337 391; x_wconf 86' lang='lat' dir='ltr'>enim</span> <span class='ocrx_word' id='word_1_50' title='bbox 1364 363 1429 398; x_wconf 83' lang='lat' dir='ltr'>quis</span> <span class='ocrx_word' id='word_1_51' title='bbox 1455 363 1620 398; x_wconf 84' lang='lat' dir='ltr'>osculatur,</span> <span class='ocrx_word' id='word_1_52' title='bbox 1647 368 1675 390; x_wconf 91' lang='lat' dir='ltr'>et</span> <span class='ocrx_word' id='word_1_53' title='bbox 1699 362 1817 393; x_wconf 78' lang='lat' dir='ltr'>adorat:</span> 
     </span>
     <span class='ocr_line' id='line_1_6' title="bbox 314 411 1066 449; baseline -0.003 -8"><span class='ocrx_word' id='word_1_54' title='bbox 314 419 342 441; x_wconf 83' lang='lat' dir='ltr'>et</span> <span class='ocrx_word' id='word_1_55' title='bbox 368 414 445 449; x_wconf 90' lang='lat' dir='ltr'>quod</span> <span class='ocrx_word' id='word_1_56' title='bbox 466 414 563 442; x_wconf 86' lang='lat' dir='ltr'>adorat</span> <span class='ocrx_word' id='word_1_57' title='bbox 589 412 720 448; x_wconf 88' lang='lat' dir='ltr'>profecto</span> <span class='ocrx_word' id='word_1_58' title='bbox 740 418 768 440; x_wconf 89' lang='lat' dir='ltr'>et</span> <span class='ocrx_word' id='word_1_59' title='bbox 795 413 942 440; x_wconf 85' lang='lat' dir='ltr'>osculatur</span> <span class='ocrx_word' id='word_1_60' title='bbox 962 411 1066 448; x_wconf 76' lang='lat'>(1).&#39;&#39;</span> 
     </span>
    </p>

    <p class='ocr_par' dir='ltr' id='par_1_3' title="bbox 294 462 1818 1366">
     <span class='ocr_line' id='line_1_7' title="bbox 350 462 1818 500; baseline 0 -7"><span class='ocrx_word' id='word_1_61' title='bbox 350 464 429 493; x_wconf 86' lang='lat' dir='ltr'>Haec</span> <span class='ocrx_word' id='word_1_62' title='bbox 454 464 600 493; x_wconf 88' lang='lat' dir='ltr'>sufficiant</span> <span class='ocrx_word' id='word_1_63' title='bbox 618 464 651 492; x_wconf 84' lang='lat' dir='ltr'>ad</span> <span class='ocrx_word' id='word_1_64' title='bbox 678 471 708 491; x_wconf 74' lang='lat' dir='ltr'>ea</span> <span class='ocrx_word' id='word_1_65' title='bbox 730 471 801 498; x_wconf 82' lang='lat' dir='ltr'>quae</span> <span class='ocrx_word' id='word_1_66' title='bbox 825 463 976 498; x_wconf 81' lang='lat' dir='ltr'>posuimus</span> <span class='ocrx_word' id='word_1_67' title='bbox 995 463 1226 491; x_wconf 81' lang='lat' dir='ltr'>demonstranda.</span> <span class='ocrx_word' id='word_1_68' title='bbox 1263 462 1325 500; x_wconf 74' lang='lat' dir='ltr'>jam</span> <span class='ocrx_word' id='word_1_69' title='bbox 1351 464 1422 499; x_wconf 87' lang='lat' dir='ltr'>quid</span> <span class='ocrx_word' id='word_1_70' title='bbox 1442 464 1566 492; x_wconf 85' lang='lat' dir='ltr'>Carolus</span> <span class='ocrx_word' id='word_1_71' title='bbox 1588 462 1702 499; x_wconf 74' lang='lat' dir='ltr'>egerit,</span> <span class='ocrx_word' id='word_1_72' title='bbox 1724 463 1818 493; x_wconf 80' lang='lat' dir='ltr'>decla·</span> 
     </span>
     <span class='ocr_line' id='line_1_8' title="bbox 309 505 1811 551; baseline 0 -9"><span class='ocrx_word' id='word_1_73' title='bbox 309 505 429 543; x_wconf 58' lang='lat' dir='ltr'>randum*</span> <span class='ocrx_word' id='word_1_74' title='bbox 456 520 512 543; x_wconf 79' lang='lat' dir='ltr'>est.</span> <span class='ocrx_word' id='word_1_75' title='bbox 560 514 647 551; x_wconf 85' lang='lat' dir='ltr'>Quod</span> <span class='ocrx_word' id='word_1_76' title='bbox 671 513 778 550; x_wconf 89' lang='lat' dir='ltr'>optime</span> <span class='ocrx_word' id='word_1_77' title='bbox 810 512 871 541; x_wconf 77' lang='lat' dir='ltr'>fieri</span> <span class='ocrx_word' id='word_1_78' title='bbox 898 522 985 549; x_wconf 89' lang='lat' dir='ltr'>posse</span> <span class='ocrx_word' id='word_1_79' title='bbox 1010 514 1135 541; x_wconf 75' lang='lat' dir='ltr'>arbitror</span> <span class='ocrx_word' id='word_1_80' title='bbox 1156 513 1300 549; x_wconf 58' lang='lat' dir='ltr'>appositis,</span> <span class='ocrx_word' id='word_1_81' title='bbox 1326 514 1494 550; x_wconf 84' lang='lat' dir='ltr'>quibusdam</span> <span class='ocrx_word' id='word_1_82' title='bbox 1523 523 1558 542; x_wconf 82' lang='lat' dir='ltr'>ex</span> <span class='ocrx_word' id='word_1_83' title='bbox 1582 514 1662 543; x_wconf 86' lang='lat' dir='ltr'>libris</span> <span class='ocrx_word' id='word_1_84' title='bbox 1688 515 1811 551; x_wconf 76' lang='lat' dir='ltr'>Caroli,</span> 
     </span>
     <span class='ocr_line' id='line_1_9' title="bbox 306 565 1814 603; baseline 0.001 -10"><span class='ocrx_word' id='word_1_85' title='bbox 306 565 392 593; x_wconf 81' lang='lat' dir='ltr'>locis.</span> <span class='ocrx_word' id='word_1_86' title='bbox 435 585 453 600; x_wconf 86' lang='lat'>‚‚</span> <span class='ocrx_word' id='word_1_87' title='bbox 474 565 548 603; x_wconf 86' lang='lat' dir='ltr'>Quia</span> <span class='ocrx_word' id='word_1_88' title='bbox 575 565 684 602; x_wconf 80' lang='lat' dir='ltr'>igitur&#39;’</span> <span class='ocrx_word' id='word_1_89' title='bbox 712 565 808 600; x_wconf 90' lang='lat' dir='ltr'>inquit</span> <span class='ocrx_word' id='word_1_90' title='bbox 849 584 867 600; x_wconf 84' lang='lat'><strong>„</strong></span> <span class='ocrx_word' id='word_1_91' title='bbox 888 566 967 593; x_wconf 91' lang='lat' dir='ltr'>solus</span> <span class='ocrx_word' id='word_1_92' title='bbox 995 565 1075 593; x_wconf 87' lang='lat' dir='ltr'>Dens</span> <span class='ocrx_word' id='word_1_93' title='bbox 1102 565 1260 594; x_wconf 79' lang='lat' dir='ltr'>adorandus</span> <span class='ocrx_word' id='word_1_94' title='bbox 1285 572 1352 598; x_wconf 71' lang='lat' dir='ltr'>est,</span> <span class='ocrx_word' id='word_1_95' title='bbox 1378 572 1515 601; x_wconf 80' lang='lat' dir='ltr'>martyres</span> <span class='ocrx_word' id='word_1_96' title='bbox 1543 574 1612 594; x_wconf 85' lang='lat' dir='ltr'>vero</span> <span class='ocrx_word' id='word_1_97' title='bbox 1639 573 1667 594; x_wconf 92' lang='lat' dir='ltr'>et</span> <span class='ocrx_word' id='word_1_98' title='bbox 1691 566 1814 602; x_wconf 77' lang='lat' dir='ltr'>quiubet</span> 
     </span>
     <span class='ocr_line' id='line_1_10' title="bbox 310 615 1816 653; baseline 0.002 -10"><span class='ocrx_word' id='word_1_99' title='bbox 310 634 329 651; x_wconf 81' lang='lat'>„</span> <span class='ocrx_word' id='word_1_100' title='bbox 350 616 464 648; x_wconf 83' lang='lat' dir='ltr'>sancti,</span> <span class='ocrx_word' id='word_1_101' title='bbox 494 616 647 644; x_wconf 84' lang='lat' dir='ltr'>venerandi</span> <span class='ocrx_word' id='word_1_102' title='bbox 672 616 771 651; x_wconf 85' lang='lat' dir='ltr'>potius</span> <span class='ocrx_word' id='word_1_103' title='bbox 799 615 879 650; x_wconf 85' lang='lat' dir='ltr'>sint,</span> <span class='ocrx_word' id='word_1_104' title='bbox 911 624 994 651; x_wconf 85' lang='lat' dir='ltr'>quem</span> <span class='ocrx_word' id='word_1_105' title='bbox 1022 615 1179 644; x_wconf 80' lang='lat' dir='ltr'>adorandi’&#39;</span> <span class='ocrx_word' id='word_1_106' title='bbox 1209 616 1295 653; x_wconf 80' lang='lat'>(2);</span> <span class='ocrx_word' id='word_1_107' title='bbox 1338 635 1362 652; x_wconf 72' lang='lat'>„,</span> <span class='ocrx_word' id='word_1_108' title='bbox 1385 624 1556 645; x_wconf 83' lang='lat' dir='ltr'>venerantur</span> <span class='ocrx_word' id='word_1_109' title='bbox 1579 616 1672 645; x_wconf 83' lang='lat' dir='ltr'>sancti</span> <span class='ocrx_word' id='word_1_110' title='bbox 1698 632 1735 640; x_wconf 90' lang='lat'><strong>—</strong></span> <span class='ocrx_word' id='word_1_111' title='bbox 1763 618 1816 646; x_wconf 85' lang='lat' dir='ltr'>sed</span> 
     </span>
     <span class='ocr_line' id='line_1_11' title="bbox 309 666 1813 705; baseline 0.001 -10"><span class='ocrx_word' id='word_1_112' title='bbox 309 686 329 702; x_wconf 82' lang='lat'>‚,</span> <span class='ocrx_word' id='word_1_113' title='bbox 349 675 401 696; x_wconf 82' lang='lat' dir='ltr'>nec</span> <span class='ocrx_word' id='word_1_114' title='bbox 427 666 536 695; x_wconf 83' lang='lat' dir='ltr'>adorari</span> <span class='ocrx_word' id='word_1_115' title='bbox 557 667 660 695; x_wconf 85' lang='lat' dir='ltr'>debent</span> <span class='ocrx_word' id='word_1_116' title='bbox 680 667 762 695; x_wconf 85' lang='lat' dir='ltr'>cultu</span> <span class='ocrx_word' id='word_1_117' title='bbox 788 666 908 695; x_wconf 87' lang='lat' dir='ltr'>divino&#39;’</span> <span class='ocrx_word' id='word_1_118' title='bbox 931 667 1021 705; x_wconf 77' lang='lat'>&lt;3);</span> <span class='ocrx_word' id='word_1_119' title='bbox 1064 687 1082 702; x_wconf 80' lang='lat'>„</span> <span class='ocrx_word' id='word_1_120' title='bbox 1103 667 1209 695; x_wconf 82' lang='lat' dir='ltr'>sanctis</span> <span class='ocrx_word' id='word_1_121' title='bbox 1229 682 1265 688; x_wconf 86' lang='lat'>-</span> <span class='ocrx_word' id='word_1_122' title='bbox 1286 667 1346 696; x_wconf 75' lang='lat' dir='ltr'>sive</span> <span class='ocrx_word' id='word_1_123' title='bbox 1372 667 1437 703; x_wconf 87' lang='lat' dir='ltr'>quia</span> <span class='ocrx_word' id='word_1_124' title='bbox 1469 666 1591 696; x_wconf 82' lang='lat' dir='ltr'>viriliter</span> <span class='ocrx_word' id='word_1_125' title='bbox 1608 674 1813 705; x_wconf 76' lang='lat' dir='ltr'>certaverunt,</span> 
     </span>
     <span class='ocr_line' id='line_1_12' title="bbox 309 706 1812 754; baseline 0.001 -8"><span class='ocrx_word' id='word_1_126' title='bbox 309 736 328 753; x_wconf 79' lang='lat'>,.‚</span> <span class='ocrx_word' id='word_1_127' title='bbox 348 724 380 746; x_wconf 87' lang='lat' dir='ltr'>ut</span> <span class='ocrx_word' id='word_1_128' title='bbox 401 718 436 746; x_wconf 84' lang='lat' dir='ltr'>ad</span> <span class='ocrx_word' id='word_1_129' title='bbox 458 726 511 746; x_wconf 87' lang='lat' dir='ltr'>nos</span> <span class='ocrx_word' id='word_1_130' title='bbox 541 717 693 746; x_wconf 88' lang='lat' dir='ltr'>incolumis</span> <span class='ocrx_word' id='word_1_131' title='bbox 717 724 807 746; x_wconf 84' lang='lat' dir='ltr'>status</span> <span class='ocrx_word' id='word_1_132' title='bbox 836 717 972 747; x_wconf 82' lang='lat' dir='ltr'>ecclesiae</span> <span class='ocrx_word' id='word_1_133' title='bbox 998 718 1186 754; x_wconf 82' lang='lat' dir='ltr'>perveniret,</span> <span class='ocrx_word' id='word_1_134' title='bbox 1215 717 1277 746; x_wconf 80' lang='lat' dir='ltr'>sive</span> <span class='ocrx_word' id='word_1_135' title='bbox 1309 717 1376 753; x_wconf 77' lang='lat' dir='ltr'>quia</span> <span class='ocrx_word' id='word_1_136' title='bbox 1402 718 1525 746; x_wconf 78' lang='lat' dir='ltr'>eamdem</span> <span class='ocrx_word' id='word_1_137' title='bbox 1557 706 1715 747; x_wconf 77' lang='lat' dir='ltr'>ecclesiam</span> <span class='ocrx_word' id='word_1_138' title='bbox 1737 719 1812 748; x_wconf 85' lang='lat' dir='ltr'>adsi-</span> 
     </span>
     <span class='ocr_line' id='line_1_13' title="bbox 307 768 1812 807; baseline 0.001 -11"><span class='ocrx_word' id='word_1_139' title='bbox 307 787 326 803; x_wconf 81' lang='lat'>„</span> <span class='ocrx_word' id='word_1_140' title='bbox 346 768 409 796; x_wconf 90' lang='lat' dir='ltr'>duis</span> <span class='ocrx_word' id='word_1_141' title='bbox 433 768 575 804; x_wconf 81' lang='lat' dir='ltr'>suffragiis</span> <span class='ocrx_word' id='word_1_142' title='bbox 600 775 628 797; x_wconf 89' lang='lat' dir='ltr'>et</span> <span class='ocrx_word' id='word_1_143' title='bbox 653 768 910 797; x_wconf 77' lang='lat' dir='ltr'>intercessionibus</span> <span class='ocrx_word' id='word_1_144' title='bbox 927 769 1061 806; x_wconf 86' lang='lat' dir='ltr'>adjuvare</span> <span class='ocrx_word' id='word_1_145' title='bbox 1082 775 1244 797; x_wconf 81' lang='lat' dir='ltr'>noscuntur</span> <span class='ocrx_word' id='word_1_146' title='bbox 1257 787 1266 802; x_wconf 87' lang='lat'>,</span> <span class='ocrx_word' id='word_1_147' title='bbox 1288 768 1434 798; x_wconf 82' lang='lat' dir='ltr'>veneratio</span> <span class='ocrx_word' id='word_1_148' title='bbox 1463 769 1621 798; x_wconf 82' lang='lat' dir='ltr'>exhibenda</span> <span class='ocrx_word' id='word_1_149' title='bbox 1637 769 1702 798; x_wconf 88' lang='lat' dir='ltr'>est&#39;&#39;</span> <span class='ocrx_word' id='word_1_150' title='bbox 1719 770 1812 807; x_wconf 25' lang='lat'>(4);,</span> 
     </span>
     <span class='ocr_line' id='line_1_14' title="bbox 306 819 1817 863; baseline 0.002 -16"><span class='ocrx_word' id='word_1_151' title='bbox 306 838 325 854; x_wconf 87' lang='lat'>‚‚</span> <span class='ocrx_word' id='word_1_152' title='bbox 345 820 439 847; x_wconf 89' lang='lat' dir='ltr'>solum</span> <span class='ocrx_word' id='word_1_153' title='bbox 465 819 562 848; x_wconf 91' lang='lat' dir='ltr'>Deum</span> <span class='ocrx_word' id='word_1_154' title='bbox 589 820 761 854; x_wconf 85' lang='lat' dir='ltr'>adorantes,</span> <span class='ocrx_word' id='word_1_155' title='bbox 791 826 818 847; x_wconf 91' lang='lat' dir='ltr'>et</span> <span class='ocrx_word' id='word_1_156' title='bbox 844 820 905 856; x_wconf 87' lang='lat' dir='ltr'>ejus</span> <span class='ocrx_word' id='word_1_157' title='bbox 928 819 1034 848; x_wconf 86' lang='lat' dir='ltr'>sanctis</span> <span class='ocrx_word' id='word_1_158' title='bbox 1062 826 1253 855; x_wconf 81' lang='lat' dir='ltr'>opportunam</span> <span class='ocrx_word' id='word_1_159' title='bbox 1277 819 1489 848; x_wconf 83' lang='lat' dir='ltr'>venerationem</span> <span class='ocrx_word' id='word_1_160' title='bbox 1518 819 1684 863; x_wconf 82' lang='lat' dir='ltr'>exhibentes</span> <span class='ocrx_word' id='word_1_161' title='bbox 1705 821 1817 858; x_wconf 78' lang='grc'>(5).”’</span> 
     </span>
     <span class='ocr_line' id='line_1_15' title="bbox 302 869 1810 906; baseline 0.002 -8"><span class='ocrx_word' id='word_1_162' title='bbox 302 869 382 898; x_wconf 82' lang='lat' dir='ltr'>Haec</span> <span class='ocrx_word' id='word_1_163' title='bbox 408 869 524 905; x_wconf 88' lang='lat' dir='ltr'>omnia,</span> <span class='ocrx_word' id='word_1_164' title='bbox 554 870 584 899; x_wconf 92' lang='lat' dir='ltr'>ni</span> <span class='ocrx_word' id='word_1_165' title='bbox 607 869 692 898; x_wconf 84' lang='lat' dir='ltr'>fallor</span> <span class='ocrx_word' id='word_1_166' title='bbox 708 891 718 906; x_wconf 88' lang='lat'>,</span> <span class='ocrx_word' id='word_1_167' title='bbox 747 869 976 899; x_wconf 74' lang='lat' dir='ltr'>luculentissime</span> <span class='ocrx_word' id='word_1_168' title='bbox 1003 870 1219 906; x_wconf 73' lang='lat' dir='ltr'>comprobant„</span> <span class='ocrx_word' id='word_1_169' title='bbox 1245 877 1387 898; x_wconf 81' lang='lat' dir='ltr'>auctorem</span> <span class='ocrx_word' id='word_1_170' title='bbox 1411 870 1578 906; x_wconf 84' lang='lat' dir='ltr'>librorum,</span> <span class='ocrx_word' id='word_1_171' title='bbox 1609 870 1657 906; x_wconf 81' lang='lat' dir='ltr'>qui</span> <span class='ocrx_word' id='word_1_172' title='bbox 1678 871 1810 901; x_wconf 77' lang='lat' dir='ltr'>Carolini</span> 
     </span>
     <span class='ocr_line' id='line_1_16' title="bbox 302 920 1810 957; baseline 0.001 -8"><span class='ocrx_word' id='word_1_173' title='bbox 302 920 455 953; x_wconf 87' lang='lat' dir='ltr'>dicuntur,</span> <span class='ocrx_word' id='word_1_174' title='bbox 483 921 601 949; x_wconf 85' lang='lat' dir='ltr'>omnino</span> <span class='ocrx_word' id='word_1_175' title='bbox 625 922 695 949; x_wconf 80' lang='lat' dir='ltr'>male</span> <span class='ocrx_word' id='word_1_176' title='bbox 718 921 829 957; x_wconf 85' lang='lat' dir='ltr'>cepisse</span> <span class='ocrx_word' id='word_1_177' title='bbox 851 921 1046 951; x_wconf 89' lang='lat' dir='ltr'>Nicaenorum</span> <span class='ocrx_word' id='word_1_178' title='bbox 1073 927 1222 956; x_wconf 81' lang='lat' dir='ltr'>mentem,</span> <span class='ocrx_word' id='word_1_179' title='bbox 1252 921 1301 957; x_wconf 90' lang='lat' dir='ltr'>qui</span> <span class='ocrx_word' id='word_1_180' title='bbox 1327 921 1434 949; x_wconf 88' lang='lat' dir='ltr'>diserte</span> <span class='ocrx_word' id='word_1_181' title='bbox 1461 928 1649 956; x_wconf 82' lang='lat' dir='ltr'>monuerant,</span> <span class='ocrx_word' id='word_1_182' title='bbox 1680 931 1711 951; x_wconf 89' lang='lat' dir='ltr'>se</span> <span class='ocrx_word' id='word_1_183' title='bbox 1731 924 1810 952; x_wconf 84' lang='lat' dir='ltr'>nolle</span> 
     </span>
     <span class='ocr_line' id='line_1_17' title="bbox 300 971 1812 1008; baseline 0.001 -8"><span class='ocrx_word' id='word_1_184' title='bbox 300 978 465 1000; x_wconf 87' lang='lat' dir='ltr'>sanctorum</span> <span class='ocrx_word' id='word_1_185' title='bbox 491 971 663 1008; x_wconf 84' lang='lat' dir='ltr'>imaginibus</span> <span class='ocrx_word' id='word_1_186' title='bbox 680 981 741 1000; x_wconf 84' lang='lat' dir='ltr'>eam</span> <span class='ocrx_word' id='word_1_187' title='bbox 762 972 957 1002; x_wconf 84' lang='lat' dir='ltr'>adorationem</span> <span class='ocrx_word' id='word_1_188' title='bbox 982 971 1129 1006; x_wconf 83' lang='lat' dir='ltr'>exhiberi,</span> <span class='ocrx_word' id='word_1_189' title='bbox 1165 971 1215 1007; x_wconf 92' lang='lat' dir='ltr'>qui</span> <span class='ocrx_word' id='word_1_190' title='bbox 1241 972 1304 1000; x_wconf 85' lang='lat' dir='ltr'>Deo</span> <span class='ocrx_word' id='word_1_191' title='bbox 1329 972 1384 1000; x_wconf 90' lang='lat' dir='ltr'>soli</span> <span class='ocrx_word' id='word_1_192' title='bbox 1411 971 1562 1000; x_wconf 81' lang='lat' dir='ltr'>exhibetur</span> <span class='ocrx_word' id='word_1_193' title='bbox 1578 994 1593 1005; x_wconf 60' lang='lat'>,</span> <span class='ocrx_word' id='word_1_194' title='bbox 1616 973 1670 1001; x_wconf 86' lang='lat' dir='ltr'>sed</span> <span class='ocrx_word' id='word_1_195' title='bbox 1692 972 1812 1002; x_wconf 85' lang='lat' dir='ltr'>inferio-</span> 
     </span>
     <span class='ocr_line' id='line_1_18' title="bbox 299 1022 1809 1060; baseline 0.003 -10"><span class='ocrx_word' id='word_1_196' title='bbox 299 1031 358 1051; x_wconf 77' lang='lat' dir='ltr'>rem</span> <span class='ocrx_word' id='word_1_197' title='bbox 381 1022 502 1058; x_wconf 84' lang='lat' dir='ltr'>aliquam</span> <span class='ocrx_word' id='word_1_198' title='bbox 526 1022 645 1052; x_wconf 90' lang='lat' dir='ltr'>honoris</span> <span class='ocrx_word' id='word_1_199' title='bbox 670 1023 819 1060; x_wconf 78' lang='lat' dir='ltr'>speciem3</span> <span class='ocrx_word' id='word_1_200' title='bbox 852 1032 960 1059; x_wconf 72' lang='lat' dir='ltr'>quam,</span> <span class='ocrx_word' id='word_1_201' title='bbox 986 1022 1122 1051; x_wconf 86' lang='lat' dir='ltr'>Graeculi</span> <span class='ocrx_word' id='word_1_202' title='bbox 1149 1030 1213 1051; x_wconf 84' lang='lat' dir='ltr'>cum</span> <span class='ocrx_word' id='word_1_203' title='bbox 1246 1029 1340 1051; x_wconf 86' lang='lat' dir='ltr'>essent</span> <span class='ocrx_word' id='word_1_204' title='bbox 1355 1047 1367 1060; x_wconf 83' lang='lat'>‚</span> <span class='ocrx_word' id='word_1_205' title='bbox 1396 1022 1486 1051; x_wconf 85' lang='lat' dir='ltr'>verbo</span> <span class='ocrx_word' id='word_1_206' title='bbox 1511 1029 1661 1060; x_wconf 77' lang='grc' dir='ltr'><em>προσκυνεῖν</em></span> <span class='ocrx_word' id='word_1_207' title='bbox 1689 1025 1809 1054; x_wconf 85' lang='lat' dir='ltr'>omnino</span> 
     </span>
     <span class='ocr_line' id='line_1_19' title="bbox 300 1071 1810 1111; baseline 0.003 -10"><span class='ocrx_word' id='word_1_208' title='bbox 300 1074 411 1110; x_wconf 72' lang='lat' dir='ltr'>egregIe</span> <span class='ocrx_word' id='word_1_209' title='bbox 428 1084 460 1103; x_wconf 86' lang='lat' dir='ltr'>ac</span> <span class='ocrx_word' id='word_1_210' title='bbox 481 1076 623 1111; x_wconf 87' lang='lat' dir='ltr'>praeclare</span> <span class='ocrx_word' id='word_1_211' title='bbox 643 1083 803 1110; x_wconf 85' lang='lat' dir='ltr'>expressam</span> <span class='ocrx_word' id='word_1_212' title='bbox 826 1074 977 1110; x_wconf 82' lang='lat' dir='ltr'>putabant.</span> <span class='ocrx_word' id='word_1_213' title='bbox 1018 1073 1106 1110; x_wconf 85' lang='lat' dir='ltr'>Quod</span> <span class='ocrx_word' id='word_1_214' title='bbox 1129 1071 1153 1101; x_wconf 90' lang='lat' dir='ltr'>si</span> <span class='ocrx_word' id='word_1_215' title='bbox 1171 1073 1275 1102; x_wconf 90' lang='lat' dir='ltr'>Latine</span> <span class='ocrx_word' id='word_1_216' title='bbox 1299 1073 1505 1109; x_wconf 81' lang='lat' dir='ltr'>scripsissent,</span> <span class='ocrx_word' id='word_1_217' title='bbox 1526 1074 1727 1104; x_wconf 80' lang='lat' dir='ltr'>verosimiliter</span> <span class='ocrx_word' id='word_1_218' title='bbox 1750 1076 1810 1104; x_wconf 87' lang='lat' dir='ltr'>dis-</span> 
     </span>
     <span class='ocr_line' id='line_1_20' title="bbox 298 1123 1810 1161; baseline 0 -8"><span class='ocrx_word' id='word_1_219' title='bbox 298 1124 427 1161; x_wconf 83' lang='lat' dir='ltr'>crimen,</span> <span class='ocrx_word' id='word_1_220' title='bbox 455 1126 537 1161; x_wconf 83' lang='lat' dir='ltr'>quod</span> <span class='ocrx_word' id='word_1_221' title='bbox 552 1125 611 1154; x_wconf 83' lang='lat' dir='ltr'>sibi</span> <span class='ocrx_word' id='word_1_222' title='bbox 638 1125 797 1160; x_wconf 79' lang='lat' dir='ltr'>finxerant,</span> <span class='ocrx_word' id='word_1_223' title='bbox 826 1126 937 1154; x_wconf 88' lang='lat' dir='ltr'>cultum</span> <span class='ocrx_word' id='word_1_224' title='bbox 962 1124 1036 1154; x_wconf 88' lang='lat' dir='ltr'>inter</span> <span class='ocrx_word' id='word_1_225' title='bbox 1061 1125 1124 1153; x_wconf 87' lang='lat' dir='ltr'>Deo</span> <span class='ocrx_word' id='word_1_226' title='bbox 1152 1123 1316 1161; x_wconf 78' lang='lat' dir='ltr'>sanctisque</span> <span class='ocrx_word' id='word_1_227' title='bbox 1339 1123 1539 1160; x_wconf 83' lang='lat' dir='ltr'>offerendum,</span> <span class='ocrx_word' id='word_1_228' title='bbox 1565 1124 1680 1161; x_wconf 83' lang='lat' dir='ltr'>verbis,</span> <span class='ocrx_word' id='word_1_229' title='bbox 1700 1125 1810 1155; x_wconf 77' lang='lat' dir='ltr'>adora-</span> 
     </span>
     <span class='ocr_line' id='line_1_21' title="bbox 297 1173 1813 1214; baseline 0.003 -12"><span class='ocrx_word' id='word_1_230' title='bbox 297 1183 330 1202; x_wconf 78' lang='lat' dir='ltr'>re</span> <span class='ocrx_word' id='word_1_231' title='bbox 355 1182 383 1203; x_wconf 85' lang='lat' dir='ltr'>et</span> <span class='ocrx_word' id='word_1_232' title='bbox 400 1178 533 1205; x_wconf 71' lang='lat' dir='ltr'>venerari</span> <span class='ocrx_word' id='word_1_233' title='bbox 555 1177 775 1212; x_wconf 85' lang='lat' dir='ltr'>expressissent.</span> <span class='ocrx_word' id='word_1_234' title='bbox 815 1176 849 1204; x_wconf 89' lang='lat' dir='ltr'>In</span> <span class='ocrx_word' id='word_1_235' title='bbox 869 1185 941 1212; x_wconf 91' lang='lat' dir='ltr'>quas</span> <span class='ocrx_word' id='word_1_236' title='bbox 959 1176 1047 1212; x_wconf 88' lang='lat' dir='ltr'>igitur</span> <span class='ocrx_word' id='word_1_237' title='bbox 1067 1181 1162 1211; x_wconf 88' lang='lat' dir='ltr'>partes</span> <span class='ocrx_word' id='word_1_238' title='bbox 1183 1174 1276 1203; x_wconf 89' lang='lat' dir='ltr'>varias</span> <span class='ocrx_word' id='word_1_239' title='bbox 1298 1173 1429 1203; x_wconf 86' lang='lat' dir='ltr'>Carolini</span> <span class='ocrx_word' id='word_1_240' title='bbox 1445 1174 1511 1203; x_wconf 90' lang='lat' dir='ltr'>libri</span> <span class='ocrx_word' id='word_1_241' title='bbox 1530 1181 1557 1203; x_wconf 92' lang='lat' dir='ltr'>et</span> <span class='ocrx_word' id='word_1_242' title='bbox 1574 1175 1697 1205; x_wconf 88' lang='lat' dir='ltr'>Nicaeni</span> <span class='ocrx_word' id='word_1_243' title='bbox 1711 1183 1813 1214; x_wconf 73' lang='lat' dir='ltr'>patres</span> 
     </span>
     <span class='ocr_line' id='line_1_22' title="bbox 294 1224 1809 1263; baseline 0.003 -10"><span class='ocrx_word' id='word_1_244' title='bbox 294 1225 372 1254; x_wconf 87' lang='lat' dir='ltr'>abire</span> <span class='ocrx_word' id='word_1_245' title='bbox 389 1226 549 1256; x_wconf 78' lang='lat' dir='ltr'>videntur?</span> <span class='ocrx_word' id='word_1_246' title='bbox 582 1227 686 1256; x_wconf 81' lang='lat' dir='ltr'>Nullas</span> <span class='ocrx_word' id='word_1_247' title='bbox 704 1226 834 1263; x_wconf 83' lang='lat' dir='ltr'>equidem</span> <span class='ocrx_word' id='word_1_248' title='bbox 859 1226 960 1256; x_wconf 82' lang='lat' dir='ltr'>video.</span> <span class='ocrx_word' id='word_1_249' title='bbox 999 1225 1039 1255; x_wconf 88' lang='lat' dir='ltr'>Hi</span> <span class='ocrx_word' id='word_1_250' title='bbox 1057 1225 1130 1255; x_wconf 84' lang='lat' dir='ltr'>enim</span> <span class='ocrx_word' id='word_1_251' title='bbox 1139 1245 1157 1261; x_wconf 90' lang='lat'>,.</span> <span class='ocrx_word' id='word_1_252' title='bbox 1170 1224 1271 1260; x_wconf 87' lang='lat' dir='ltr'>Deus,</span> <span class='ocrx_word' id='word_1_253' title='bbox 1293 1226 1394 1263; x_wconf 69' lang='lat' dir='ltr'>aiunt,</span> <span class='ocrx_word' id='word_1_254' title='bbox 1415 1227 1496 1254; x_wconf 90' lang='lat' dir='ltr'>solus</span> <span class='ocrx_word' id='word_1_255' title='bbox 1514 1226 1693 1263; x_wconf 86' lang='lat' dir='ltr'>adorandus,</span> <span class='ocrx_word' id='word_1_256' title='bbox 1715 1228 1809 1258; x_wconf 84' lang='lat' dir='ltr'>sancti</span> 
     </span>
     <span class='ocr_line' id='line_1_23' title="bbox 297 1276 1805 1314; baseline 0.003 -11"><span class='ocrx_word' id='word_1_257' title='bbox 297 1277 451 1306; x_wconf 81' lang='lat' dir='ltr'>venerandi</span> <span class='ocrx_word' id='word_1_258' title='bbox 477 1284 557 1307; x_wconf 89' lang='lat' dir='ltr'>sunt.</span> <span class='ocrx_word' id='word_1_259' title='bbox 598 1278 664 1314; x_wconf 77' lang='lat' dir='ltr'>Illi,</span> <span class='ocrx_word' id='word_1_260' title='bbox 696 1277 787 1307; x_wconf 85' lang='lat' dir='ltr'>sancti</span> <span class='ocrx_word' id='word_1_261' title='bbox 815 1277 949 1307; x_wconf 85' lang='lat' dir='ltr'>adorandi</span> <span class='ocrx_word' id='word_1_262' title='bbox 972 1276 1109 1314; x_wconf 76' lang='lat' dir='ltr'>quidem,</span> <span class='ocrx_word' id='word_1_263' title='bbox 1139 1276 1294 1312; x_wconf 82' lang='lat' dir='ltr'>inquiunt,</span> <span class='ocrx_word' id='word_1_264' title='bbox 1319 1276 1370 1305; x_wconf 87' lang='lat' dir='ltr'>sed</span> <span class='ocrx_word' id='word_1_265' title='bbox 1393 1276 1548 1306; x_wconf 83' lang='lat' dir='ltr'>cavendum</span> <span class='ocrx_word' id='word_1_266' title='bbox 1571 1279 1689 1308; x_wconf 86' lang='lat' dir='ltr'>omnino</span> <span class='ocrx_word' id='word_1_267' title='bbox 1711 1287 1747 1308; x_wconf 89' lang='lat' dir='ltr'>ne</span> <span class='ocrx_word' id='word_1_268' title='bbox 1766 1279 1805 1309; x_wconf 87' lang='lat' dir='ltr'>ita</span> 
     </span>
     <span class='ocr_line' id='line_1_24' title="bbox 296 1326 1259 1366; baseline 0.003 -13"><span class='ocrx_word' id='word_1_269' title='bbox 296 1326 470 1363; x_wconf 79' lang='lat' dir='ltr'>adorentur,</span> <span class='ocrx_word' id='word_1_270' title='bbox 490 1335 523 1358; x_wconf 86' lang='lat' dir='ltr'>ut</span> <span class='ocrx_word' id='word_1_271' title='bbox 544 1330 638 1358; x_wconf 82' lang='lat' dir='ltr'>solum</span> <span class='ocrx_word' id='word_1_272' title='bbox 662 1329 834 1366; x_wconf 85' lang='lat' dir='ltr'>Supremum</span> <span class='ocrx_word' id='word_1_273' title='bbox 860 1329 976 1358; x_wconf 89' lang='lat' dir='ltr'>Numen</span> <span class='ocrx_word' id='word_1_274' title='bbox 1003 1328 1176 1357; x_wconf 84' lang='lat' dir='ltr'>adorandum</span> <span class='ocrx_word' id='word_1_275' title='bbox 1199 1335 1259 1356; x_wconf 53' lang='lat' dir='ltr'>est,</span> 
     </span>
    </p>

    <p class='ocr_par' dir='ltr' id='par_1_4' title="bbox 288 1376 1812 1975">
     <span class='ocr_line' id='line_1_25' title="bbox 335 1376 1808 1417; baseline 0.004 -13"><span class='ocrx_word' id='word_1_276' title='bbox 335 1376 457 1405; x_wconf 87' lang='lat' dir='ltr'>Accedit</span> <span class='ocrx_word' id='word_1_277' title='bbox 491 1380 569 1413; x_wconf 91' lang='lat' dir='ltr'>quod</span> <span class='ocrx_word' id='word_1_278' title='bbox 591 1381 721 1417; x_wconf 85' lang='lat' dir='ltr'>synodus</span> <span class='ocrx_word' id='word_1_279' title='bbox 745 1379 1000 1410; x_wconf 83' lang='lat' dir='ltr'>Francofurtensis-</span> <span class='ocrx_word' id='word_1_280' title='bbox 1023 1379 1053 1410; x_wconf 90' lang='lat' dir='ltr'>in</span> <span class='ocrx_word' id='word_1_281' title='bbox 1078 1380 1178 1408; x_wconf 86' lang='lat' dir='ltr'>eodem</span> <span class='ocrx_word' id='word_1_282' title='bbox 1208 1388 1304 1408; x_wconf 86' lang='lat' dir='ltr'>errore</span> <span class='ocrx_word' id='word_1_283' title='bbox 1335 1387 1399 1407; x_wconf 86' lang='lat' dir='ltr'>cum</span> <span class='ocrx_word' id='word_1_284' title='bbox 1430 1378 1571 1408; x_wconf 86' lang='lat' dir='ltr'>librorum</span> <span class='ocrx_word' id='word_1_285' title='bbox 1595 1379 1712 1409; x_wconf 87' lang='lat' dir='ltr'>illorum</span> <span class='ocrx_word' id='word_1_286' title='bbox 1734 1382 1808 1410; x_wconf 85' lang='lat' dir='ltr'>scri-</span> 
     </span>
     <span class='ocr_line' id='line_1_26' title="bbox 295 1431 1812 1469; baseline 0.002 -13"><span class='ocrx_word' id='word_1_287' title='bbox 295 1434 380 1463; x_wconf 86' lang='lat' dir='ltr'>ptore</span> <span class='ocrx_word' id='word_1_288' title='bbox 402 1435 513 1458; x_wconf 78' lang='lat' dir='ltr'>versata</span> <span class='ocrx_word' id='word_1_289' title='bbox 541 1439 603 1459; x_wconf 88' lang='lat' dir='ltr'>esse</span> <span class='ocrx_word' id='word_1_290' title='bbox 630 1431 771 1463; x_wconf 84' lang='lat' dir='ltr'>videatur.</span> <span class='ocrx_word' id='word_1_291' title='bbox 810 1431 858 1461; x_wconf 84' lang='lat' dir='ltr'>Sic</span> <span class='ocrx_word' id='word_1_292' title='bbox 885 1431 958 1459; x_wconf 91' lang='lat' dir='ltr'>enim</span> <span class='ocrx_word' id='word_1_293' title='bbox 983 1438 1067 1459; x_wconf 90' lang='lat' dir='ltr'>sonat</span> <span class='ocrx_word' id='word_1_294' title='bbox 1086 1432 1206 1459; x_wconf 78' lang='lat' dir='ltr'>alterum</span> <span class='ocrx_word' id='word_1_295' title='bbox 1233 1431 1293 1468; x_wconf 79' lang='lat' dir='ltr'>eJus</span> <span class='ocrx_word' id='word_1_296' title='bbox 1316 1431 1482 1466; x_wconf 86' lang='lat' dir='ltr'>decretum,</span> <span class='ocrx_word' id='word_1_297' title='bbox 1511 1431 1646 1459; x_wconf 89' lang='lat' dir='ltr'>adversus</span> <span class='ocrx_word' id='word_1_298' title='bbox 1669 1431 1812 1469; x_wconf 88' lang='lat' dir='ltr'>imagines.</span> 
     </span>
     <span class='ocr_line' id='line_1_27' title="bbox 294 1478 1803 1517; baseline 0.004 -11"><span class='ocrx_word' id='word_1_299' title='bbox 294 1478 419 1508; x_wconf 90' lang='lat' dir='ltr'>editum:</span> <span class='ocrx_word' id='word_1_300' title='bbox 463 1500 482 1516; x_wconf 91' lang='lat'>„</span> <span class='ocrx_word' id='word_1_301' title='bbox 511 1482 594 1510; x_wconf 83' lang='lat' dir='ltr'>allata</span> <span class='ocrx_word' id='word_1_302' title='bbox 620 1489 662 1511; x_wconf 85' lang='lat' dir='ltr'>est</span> <span class='ocrx_word' id='word_1_303' title='bbox 683 1482 713 1511; x_wconf 88' lang='lat' dir='ltr'>in</span> <span class='ocrx_word' id='word_1_304' title='bbox 741 1482 864 1511; x_wconf 82' lang='lat' dir='ltr'>medium</span> <span class='ocrx_word' id='word_1_305' title='bbox 887 1482 1017 1517; x_wconf 83' lang='lat' dir='ltr'>quaestio</span> <span class='ocrx_word' id='word_1_306' title='bbox 1042 1482 1076 1510; x_wconf 87' lang='lat' dir='ltr'>de</span> <span class='ocrx_word' id='word_1_307' title='bbox 1099 1490 1174 1511; x_wconf 89' lang='lat' dir='ltr'>nova</span> <span class='ocrx_word' id='word_1_308' title='bbox 1197 1481 1376 1510; x_wconf 86' lang='lat' dir='ltr'>Graecorum</span> <span class='ocrx_word' id='word_1_309' title='bbox 1400 1481 1536 1517; x_wconf 88' lang='lat' dir='ltr'>synodo,</span> <span class='ocrx_word' id='word_1_310' title='bbox 1566 1490 1648 1517; x_wconf 88' lang='lat' dir='ltr'>quam</span> <span class='ocrx_word' id='word_1_311' title='bbox 1672 1482 1706 1510; x_wconf 86' lang='lat' dir='ltr'>de</span> <span class='ocrx_word' id='word_1_312' title='bbox 1734 1483 1803 1512; x_wconf 86' lang='lat' dir='ltr'>ado-</span> 
     </span>
     <span class='ocr_line' id='line_1_28' title="bbox 296 1530 1802 1569; baseline 0.004 -12"><span class='ocrx_word' id='word_1_313' title='bbox 296 1548 315 1564; x_wconf 88' lang='lat'>„</span> <span class='ocrx_word' id='word_1_314' title='bbox 334 1530 429 1558; x_wconf 85' lang='lat' dir='ltr'>randis</span> <span class='ocrx_word' id='word_1_315' title='bbox 448 1530 619 1567; x_wconf 83' lang='lat' dir='ltr'>imaginibus</span> <span class='ocrx_word' id='word_1_316' title='bbox 643 1533 902 1569; x_wconf 84' lang='lat' dir='ltr'>Constantinopoli</span> <span class='ocrx_word' id='word_1_317' title='bbox 923 1533 1079 1568; x_wconf 86' lang='lat' dir='ltr'>fecerunt,</span> <span class='ocrx_word' id='word_1_318' title='bbox 1106 1532 1135 1561; x_wconf 88' lang='lat' dir='ltr'>in</span> <span class='ocrx_word' id='word_1_319' title='bbox 1158 1541 1213 1568; x_wconf 85' lang='lat' dir='ltr'>qua</span> <span class='ocrx_word' id='word_1_320' title='bbox 1238 1531 1379 1568; x_wconf 84' lang='lat' dir='ltr'>scriptum</span> <span class='ocrx_word' id='word_1_321' title='bbox 1401 1531 1581 1567; x_wconf 82' lang='lat' dir='ltr'>habebatur,</span> <span class='ocrx_word' id='word_1_322' title='bbox 1603 1537 1636 1559; x_wconf 86' lang='lat' dir='ltr'>ut</span> <span class='ocrx_word' id='word_1_323' title='bbox 1656 1532 1706 1568; x_wconf 91' lang='lat' dir='ltr'>qui</span> <span class='ocrx_word' id='word_1_324' title='bbox 1732 1533 1802 1563; x_wconf 87' lang='lat' dir='ltr'>ima·</span> 
     </span>
     <span class='ocr_line' id='line_1_29' title="bbox 295 1579 1805 1620; baseline 0.003 -11"><span class='ocrx_word' id='word_1_325' title='bbox 295 1599 318 1615; x_wconf 80' lang='lat'>„</span> <span class='ocrx_word' id='word_1_326' title='bbox 335 1579 451 1615; x_wconf 86' lang='lat' dir='ltr'>ginibus</span> <span class='ocrx_word' id='word_1_327' title='bbox 478 1589 645 1611; x_wconf 85' lang='lat' dir='ltr'>sanctorum</span> <span class='ocrx_word' id='word_1_328' title='bbox 660 1583 698 1612; x_wconf 89' lang='lat' dir='ltr'>ita</span> <span class='ocrx_word' id='word_1_329' title='bbox 723 1591 755 1613; x_wconf 91' lang='lat' dir='ltr'>ut</span> <span class='ocrx_word' id='word_1_330' title='bbox 781 1584 907 1614; x_wconf 84' lang='lat' dir='ltr'>Deificae</span> <span class='ocrx_word' id='word_1_331' title='bbox 935 1583 1070 1613; x_wconf 86' lang='lat' dir='ltr'>Trinitati</span> <span class='ocrx_word' id='word_1_332' title='bbox 1095 1583 1269 1617; x_wconf 86' lang='lat' dir='ltr'>servitium,</span> <span class='ocrx_word' id='word_1_333' title='bbox 1297 1589 1346 1611; x_wconf 86' lang='lat' dir='ltr'>aut</span> <span class='ocrx_word' id='word_1_334' title='bbox 1369 1582 1587 1618; x_wconf 83' lang='lat' dir='ltr'>adorationem,</span> <span class='ocrx_word' id='word_1_335' title='bbox 1611 1591 1677 1611; x_wconf 86' lang='lat' dir='ltr'>non.</span> <span class='ocrx_word' id='word_1_336' title='bbox 1699 1583 1805 1620; x_wconf 85' lang='lat' dir='ltr'>inpen-</span> 
     </span>
     <span class='ocr_line' id='line_1_30' title="bbox 296 1630 1808 1672; baseline 0.003 -15"><span class='ocrx_word' id='word_1_337' title='bbox 296 1649 315 1665; x_wconf 86' lang='lat'>‚‚</span> <span class='ocrx_word' id='word_1_338' title='bbox 335 1630 449 1665; x_wconf 87' lang='lat' dir='ltr'>derint,</span> <span class='ocrx_word' id='word_1_339' title='bbox 475 1633 620 1661; x_wconf 80' lang='lat' dir='ltr'>anathema</span> <span class='ocrx_word' id='word_1_340' title='bbox 645 1634 852 1671; x_wconf 79' lang='lat' dir='ltr'>judicarentur.</span> <span class='ocrx_word' id='word_1_341' title='bbox 903 1634 962 1672; x_wconf 89' lang='lat' dir='ltr'>Qui</span> <span class='ocrx_word' id='word_1_342' title='bbox 987 1643 1073 1670; x_wconf 85' lang='lat' dir='ltr'>supra</span> <span class='ocrx_word' id='word_1_343' title='bbox 1107 1633 1279 1664; x_wconf 85' lang='lat' dir='ltr'>sanctissimi</span> <span class='ocrx_word' id='word_1_344' title='bbox 1306 1634 1406 1662; x_wconf 86' lang='lat' dir='ltr'>Patres</span> <span class='ocrx_word' id='word_1_345' title='bbox 1428 1633 1520 1661; x_wconf 89' lang='lat' dir='ltr'>nostri</span> <span class='ocrx_word' id='word_1_346' title='bbox 1549 1633 1682 1661; x_wconf 88' lang='lat' dir='ltr'>omnibus</span> <span class='ocrx_word' id='word_1_347' title='bbox 1708 1635 1808 1664; x_wconf 84' lang='lat' dir='ltr'>modis.</span> 
     </span>
     <span class='ocr_line' id='line_1_31' title="bbox 292 1681 1802 1720; baseline 0.005 -12"><span class='ocrx_word' id='word_1_348' title='bbox 292 1700 312 1716; x_wconf 88' lang='lat'>„</span> <span class='ocrx_word' id='word_1_349' title='bbox 332 1681 527 1710; x_wconf 86' lang='lat' dir='ltr'>adorationem</span> <span class='ocrx_word' id='word_1_350' title='bbox 552 1688 579 1710; x_wconf 90' lang='lat' dir='ltr'>et</span> <span class='ocrx_word' id='word_1_351' title='bbox 604 1684 769 1713; x_wconf 79' lang='lat' dir='ltr'>servitutem</span> <span class='ocrx_word' id='word_1_352' title='bbox 796 1693 950 1715; x_wconf 89' lang='lat' dir='ltr'>renuentes</span> <span class='ocrx_word' id='word_1_353' title='bbox 975 1692 1189 1714; x_wconf 85' lang='lat' dir='ltr'>contemserunt</span> <span class='ocrx_word' id='word_1_354' title='bbox 1204 1705 1215 1720; x_wconf 88' lang='lat'>,</span> <span class='ocrx_word' id='word_1_355' title='bbox 1244 1691 1331 1719; x_wconf 83' lang='lat' dir='ltr'>atq-ue</span> <span class='ocrx_word' id='word_1_356' title='bbox 1353 1682 1574 1711; x_wconf 86' lang='lat' dir='ltr'>consentientes.</span> <span class='ocrx_word' id='word_1_357' title='bbox 1594 1684 1802 1715; x_wconf 85' lang='lat' dir='ltr'>condemnave-</span> 
     </span>
     <span class='ocr_line' id='line_1_32' title="bbox 294 1731 1803 1771; baseline 0.005 -12"><span class='ocrx_word' id='word_1_358' title='bbox 294 1751 314 1766; x_wconf 82' lang='lat'>,‚</span> <span class='ocrx_word' id='word_1_359' title='bbox 333 1737 400 1760; x_wconf 87' lang='lat' dir='ltr'>runt</span> <span class='ocrx_word' id='word_1_360' title='bbox 421 1731 527 1767; x_wconf 83' lang='lat'><strong>(6)-.”</strong></span> <span class='ocrx_word' id='word_1_361' title='bbox 565 1733 624 1769; x_wconf 87' lang='lat' dir='ltr'>Jam</span> <span class='ocrx_word' id='word_1_362' title='bbox 644 1734 916 1764; x_wconf 78' lang='lat' dir='ltr'>Francofurdienses</span> <span class='ocrx_word' id='word_1_363' title='bbox 937 1736 1050 1770; x_wconf 89' lang='lat' dir='ltr'>quidem</span> <span class='ocrx_word' id='word_1_364' title='bbox 1070 1744 1181 1763; x_wconf 87' lang='lat' dir='ltr'>ornnem</span> <span class='ocrx_word' id='word_1_365' title='bbox 1197 1735 1424 1769; x_wconf 81' lang='lat' dir='ltr'>qualemcunque</span> <span class='ocrx_word' id='word_1_366' title='bbox 1445 1733 1655 1762; x_wconf 80' lang='lat' dir='ltr'>venerationem</span> <span class='ocrx_word' id='word_1_367' title='bbox 1683 1742 1711 1764; x_wconf 92' lang='lat' dir='ltr'>et</span> <span class='ocrx_word' id='word_1_368' title='bbox 1731 1737 1803 1771; x_wconf 78' lang='lat' dir='ltr'>ado,</span> 
     </span>
     <span class='ocr_line' id='line_1_33' title="bbox 289 1781 1800 1822; baseline 0.002 -12"><span class='ocrx_word' id='word_1_369' title='bbox 289 1781 429 1812; x_wconf 83' lang='lat' dir='ltr'>rationem</span> <span class='ocrx_word' id='word_1_370' title='bbox 445 1783 579 1819; x_wconf 85' lang='lat' dir='ltr'>rejiciunt</span> <span class='ocrx_word' id='word_1_371' title='bbox 592 1804 603 1820; x_wconf 88' lang='lat'>,</span> <span class='ocrx_word' id='word_1_372' title='bbox 624 1786 675 1814; x_wconf 88' lang='lat' dir='ltr'>sed</span> <span class='ocrx_word' id='word_1_373' title='bbox 691 1792 784 1814; x_wconf 82' lang='lat' dir='ltr'>tamen</span> <span class='ocrx_word' id='word_1_374' title='bbox 800 1792 897 1821; x_wconf 82' lang='lat' dir='ltr'>aperte</span> <span class='ocrx_word' id='word_1_375' title='bbox 920 1786 950 1813; x_wconf 84' lang='lat' dir='ltr'>in</span> <span class='ocrx_word' id='word_1_376' title='bbox 969 1787 1002 1814; x_wconf 70' lang='lat' dir='ltr'>ea</span> <span class='ocrx_word' id='word_1_377' title='bbox 1017 1785 1153 1820; x_wconf 78' lang='lat' dir='ltr'>opinione</span> <span class='ocrx_word' id='word_1_378' title='bbox 1171 1791 1340 1818; x_wconf 85' lang='lat' dir='ltr'>versantur,</span> <span class='ocrx_word' id='word_1_379' title='bbox 1357 1782 1501 1811; x_wconf 90' lang='lat' dir='ltr'>Nicaenos</span> <span class='ocrx_word' id='word_1_380' title='bbox 1521 1784 1647 1818; x_wconf 84' lang='lat' dir='ltr'>latriam,</span> <span class='ocrx_word' id='word_1_381' title='bbox 1671 1795 1742 1822; x_wconf 79' lang='lat' dir='ltr'>quae</span> <span class='ocrx_word' id='word_1_382' title='bbox 1758 1788 1800 1817; x_wconf 78' lang='lat' dir='ltr'>di.-</span> 
     </span>
     <span class='ocr_line' id='line_1_34' title="bbox 290 1833 1797 1873; baseline 0.001 -13"><span class='ocrx_word' id='word_1_383' title='bbox 290 1833 384 1868; x_wconf 73' lang='lat' dir='ltr'>citur,</span> <span class='ocrx_word' id='word_1_384' title='bbox 403 1839 564 1862; x_wconf 83' lang='lat' dir='ltr'>sanctorum</span> <span class='ocrx_word' id='word_1_385' title='bbox 586 1835 755 1872; x_wconf 85' lang='lat' dir='ltr'>imaginibus</span> <span class='ocrx_word' id='word_1_386' title='bbox 772 1837 894 1873; x_wconf 86' lang='lat' dir='ltr'>jussisse</span> <span class='ocrx_word' id='word_1_387' title='bbox 912 1837 1060 1872; x_wconf 82' lang='lat' dir='ltr'>praestari.</span> <span class='ocrx_word' id='word_1_388' title='bbox 1093 1836 1194 1873; x_wconf 76' lang='lat' dir='ltr'>Quid?</span> <span class='ocrx_word' id='word_1_389' title='bbox 1217 1834 1294 1870; x_wconf 85' lang='lat' dir='ltr'>quod</span> <span class='ocrx_word' id='word_1_390' title='bbox 1310 1835 1440 1862; x_wconf 88' lang='lat' dir='ltr'>ultimum</span> <span class='ocrx_word' id='word_1_391' title='bbox 1459 1842 1473 1861; x_wconf 88' lang='lat' dir='ltr'>e</span> <span class='ocrx_word' id='word_1_392' title='bbox 1491 1833 1695 1869; x_wconf 85' lang='lat' dir='ltr'>capitularibus</span> <span class='ocrx_word' id='word_1_393' title='bbox 1710 1837 1797 1868; x_wconf 83' lang='lat' dir='ltr'>Fran.</span> 
     </span>
     <span class='ocr_line' id='line_1_35' title="bbox 288 1883 1796 1923; baseline 0.005 -13"><span class='ocrx_word' id='word_1_394' title='bbox 288 1883 481 1912; x_wconf 85' lang='lat' dir='ltr'>cofurdiensis</span> <span class='ocrx_word' id='word_1_395' title='bbox 505 1886 630 1921; x_wconf 88' lang='lat' dir='ltr'>synodi,</span> <span class='ocrx_word' id='word_1_396' title='bbox 651 1886 685 1914; x_wconf 89' lang='lat' dir='ltr'>ad</span> <span class='ocrx_word' id='word_1_397' title='bbox 704 1886 873 1915; x_wconf 82' lang='lat' dir='ltr'>Pontificem</span> <span class='ocrx_word' id='word_1_398' title='bbox 892 1894 992 1923; x_wconf 80' lang='lat' dir='ltr'>postea</span> <span class='ocrx_word' id='word_1_399' title='bbox 1010 1887 1126 1921; x_wconf 87' lang='lat' dir='ltr'>missis,</span> <span class='ocrx_word' id='word_1_400' title='bbox 1141 1887 1192 1914; x_wconf 84' lang='lat' dir='ltr'>hac</span> <span class='ocrx_word' id='word_1_401' title='bbox 1214 1885 1323 1914; x_wconf 86' lang='lat' dir='ltr'>ratione</span> <span class='ocrx_word' id='word_1_402' title='bbox 1346 1884 1484 1920; x_wconf 78' lang='lat' dir='ltr'>scriptum</span> <span class='ocrx_word' id='word_1_403' title='bbox 1506 1885 1572 1913; x_wconf 74' lang='lat' dir='ltr'>est?</span> <span class='ocrx_word' id='word_1_404' title='bbox 1615 1904 1634 1922; x_wconf 90' lang='lat'>„</span> <span class='ocrx_word' id='word_1_405' title='bbox 1653 1887 1796 1917; x_wconf 85' lang='lat' dir='ltr'>Permitti-</span> 
     </span>
     <span class='ocr_line' id='line_1_36' title="bbox 289 1934 1791 1975; baseline 0 -12"><span class='ocrx_word' id='word_1_406' title='bbox 289 1954 309 1971; x_wconf 87' lang='lat'>,‚</span> <span class='ocrx_word' id='word_1_407' title='bbox 329 1943 392 1963; x_wconf 89' lang='lat' dir='ltr'>mus</span> <span class='ocrx_word' id='word_1_408' title='bbox 415 1934 551 1972; x_wconf 79' lang='lat' dir='ltr'>imagines</span> <span class='ocrx_word' id='word_1_409' title='bbox 569 1944 729 1966; x_wconf 79' lang='lat' dir='ltr'>sanctorum</span> <span class='ocrx_word' id='word_1_410' title='bbox 744 1958 756 1974; x_wconf 89' lang='lat'>,</span> <span class='ocrx_word' id='word_1_411' title='bbox 777 1938 942 1974; x_wconf 88' lang='lat' dir='ltr'>quicunque</span> <span class='ocrx_word' id='word_1_412' title='bbox 962 1946 1006 1966; x_wconf 85' lang='lat' dir='ltr'>eas</span> <span class='ocrx_word' id='word_1_413' title='bbox 1021 1937 1146 1967; x_wconf 74' lang='lat' dir='ltr'>formare</span> <span class='ocrx_word' id='word_1_414' title='bbox 1164 1937 1308 1972; x_wconf 73' lang='lat' dir='ltr'>voluerit,</span> <span class='ocrx_word' id='word_1_415' title='bbox 1330 1942 1386 1964; x_wconf 85' lang='lat' dir='ltr'>tam</span> <span class='ocrx_word' id='word_1_416' title='bbox 1408 1935 1438 1964; x_wconf 81' lang='lat' dir='ltr'>in</span> <span class='ocrx_word' id='word_1_417' title='bbox 1454 1935 1592 1969; x_wconf 74' lang='lat' dir='ltr'>ecclesia,</span> <span class='ocrx_word' id='word_1_418' title='bbox 1616 1945 1698 1972; x_wconf 85' lang='lat' dir='ltr'>quam</span> <span class='ocrx_word' id='word_1_419' title='bbox 1716 1947 1791 1975; x_wconf 82' lang='lat' dir='ltr'>quo-</span> 
     </span>
    </p>
   </div>
   <div class='ocr_carea' id='block_1_3' title="bbox 1700 1999 1795 2027">
    <p class='ocr_par' dir='ltr' id='par_1_5' title="bbox 1700 1999 1795 2027">
     <span class='ocr_line' id='line_1_37' title="bbox 1700 1999 1795 2027; baseline 0.021 -2"><span class='ocrx_word' id='word_1_420' title='bbox 1700 2008 1718 2025; x_wconf 76' lang='lat'>„</span> <span class='ocrx_word' id='word_1_421' title='bbox 1740 1999 1795 2027; x_wconf 77' lang='lat' dir='ltr'>que</span> 
     </span>
    </p>
   </div>
   <div class='ocr_carea' id='block_1_4' title="bbox 316 2066 1752 2150">
    <p class='ocr_par' dir='ltr' id='par_1_6' title="bbox 316 2066 1752 2150">
     <span class='ocr_line' id='line_1_38' title="bbox 318 2066 1522 2106; baseline 0.002 -14"><span class='ocrx_word' id='word_1_422' title='bbox 318 2067 333 2098; x_wconf 91' lang='lat'><strong><em>(</em></strong></span> <span class='ocrx_word' id='word_1_423' title='bbox 347 2075 356 2093; x_wconf 85' lang='lat'>1</span> <span class='ocrx_word' id='word_1_424' title='bbox 373 2066 389 2102; x_wconf 67' lang='lat'>2</span> <span class='ocrx_word' id='word_1_425' title='bbox 414 2068 502 2094; x_wconf 82' lang='lat' dir='ltr'>Mansi</span> <span class='ocrx_word' id='word_1_426' title='bbox 522 2069 541 2095; x_wconf 87' lang='lat'>1.</span> <span class='ocrx_word' id='word_1_427' title='bbox 559 2070 581 2095; x_wconf 75' lang='grc'>1.,</span> <span class='ocrx_word' id='word_1_428' title='bbox 598 2078 624 2102; x_wconf 92' lang='lat' dir='ltr'>p.</span> <span class='ocrx_word' id='word_1_429' title='bbox 639 2077 696 2104; x_wconf 77' lang='lat'>404.</span> <span class='ocrx_word' id='word_1_430' title='bbox 869 2068 937 2106; x_wconf 79' lang='lat'>(2)</span> <span class='ocrx_word' id='word_1_431' title='bbox 959 2072 991 2098; x_wconf 91' lang='lat' dir='ltr'>L.</span> <span class='ocrx_word' id='word_1_432' title='bbox 1005 2070 1058 2098; x_wconf 85' lang='lat' dir='ltr'>Iv.</span> <span class='ocrx_word' id='word_1_433' title='bbox 1083 2079 1108 2098; x_wconf 34' lang='lat' dir='ltr'>cv.</span> <span class='ocrx_word' id='word_1_434' title='bbox 1122 2079 1163 2103; x_wconf 75' lang='lat'>27.</span> <span class='ocrx_word' id='word_1_435' title='bbox 1350 2067 1419 2103; x_wconf 74' lang='lat'>(3)</span> <span class='ocrx_word' id='word_1_436' title='bbox 1434 2069 1466 2095; x_wconf 89' lang='lat' dir='ltr'>C.</span> <span class='ocrx_word' id='word_1_437' title='bbox 1480 2074 1522 2099; x_wconf 76' lang='lat'>23.</span> 
     </span>
     <span class='ocr_line' id='line_1_39' title="bbox 316 2112 1752 2150; baseline 0 -7"><span class='ocrx_word' id='word_1_438' title='bbox 316 2112 379 2149; x_wconf 83' lang='lat'>(4)</span> <span class='ocrx_word' id='word_1_439' title='bbox 399 2116 431 2142; x_wconf 90' lang='lat' dir='ltr'>L.</span> <span class='ocrx_word' id='word_1_440' title='bbox 445 2117 483 2143; x_wconf 84' lang='lat'>11.</span> <span class='ocrx_word' id='word_1_441' title='bbox 503 2122 531 2143; x_wconf 71' lang='lat' dir='ltr'>c.</span> <span class='ocrx_word' id='word_1_442' title='bbox 545 2123 587 2142; x_wconf 84' lang='lat'>22.</span> <span class='ocrx_word' id='word_1_443' title='bbox 715 2114 780 2149; x_wconf 80' lang='grc'>(5)</span> <span class='ocrx_word' id='word_1_444' title='bbox 798 2115 828 2142; x_wconf 86' lang='lat' dir='ltr'>In</span> <span class='ocrx_word' id='word_1_445' title='bbox 851 2118 934 2150; x_wconf 82' lang='lat' dir='ltr'>praef.</span> <span class='ocrx_word' id='word_1_446' title='bbox 950 2119 967 2144; x_wconf 71' lang='lat' dir='ltr'>l.</span> <span class='ocrx_word' id='word_1_447' title='bbox 983 2125 1006 2145; x_wconf 86' lang='lat'>1.</span> <span class='ocrx_word' id='word_1_448' title='bbox 1027 2119 1096 2143; x_wconf 88' lang='lat' dir='ltr'>circa</span> <span class='ocrx_word' id='word_1_449' title='bbox 1116 2117 1204 2143; x_wconf 84' lang='lat' dir='ltr'>finem.</span> <span class='ocrx_word' id='word_1_450' title='bbox 1338 2115 1401 2146; x_wconf 83' lang='lat'>(6)</span> <span class='ocrx_word' id='word_1_451' title='bbox 1421 2115 1465 2141; x_wconf 89' lang='lat' dir='ltr'>Cf.</span> <span class='ocrx_word' id='word_1_452' title='bbox 1484 2114 1568 2140; x_wconf 82' lang='lat' dir='ltr'>Mansi</span> <span class='ocrx_word' id='word_1_453' title='bbox 1583 2115 1632 2141; x_wconf 87' lang='lat'>1.1.</span> <span class='ocrx_word' id='word_1_454' title='bbox 1644 2123 1673 2149; x_wconf 82' lang='lat' dir='ltr'>p.</span> <span class='ocrx_word' id='word_1_455' title='bbox 1690 2122 1752 2148; x_wconf 83' lang='lat'>912.</span> 
     </span>
    </p>
   </div>
  </div>
 </body>
</html>
