1919 2511
387 162 615 196 RESPONSIO
642 170 686 193 AD
716 161 1028 201 QUAESTIONEM
1057 158 1282 194 PHYSICAM.
1563 172 1597 202 13

86 253 124 282 va
151 253 288 280 tractetur
317 251 400 285 (ι).
447 246 496 276 Ex
528 245 633 282 quibus
664 244 801 276 omnibus
832 244 901 274 satis
933 252 1055 281 apparet
1090 244 1215 273 indolem
1251 246 1393 282 extracti,
1429 247 1507 282 qued
1538 247 1599 283 spi.

87 304 160 332 ritus
194 301 255 331 vini
287 298 394 333 solvit,
425 303 454 327 et
478 297 577 333 illius,
609 297 688 333 quod
713 296 749 325 ab
774 305 810 326 eo
842 295 1041 332 relinquitur,
1070 304 1134 324 esse
1160 296 1318 330 diversam,
1345 297 1474 332 illudque
1501 298 1593 334 inpri-

87 353 141 382 mis
167 352 286 381 maxime
308 347 464 378 convenire
494 356 560 377 cum
594 356 628 377 eo
659 349 819 384 plantarum
846 346 933 385 (ως
962 355 1045 382 quam
1076 353 1170 375 autem
1196 355 1255 383 quo
1289 347 1323 375 ad
1353 347 1432 375 humi
1459 357 1543 377 usum
1571 356 1601 378 et

87 401 289 441 praestantiam
312 399 442 436 plantis,
462 398 543 427 hisce
574 400 636 436 ejus
668 398 786 427 extracti
817 398 1040 434 proprietatibus
1066 397 1141 426 bene
1169 396 1292 434 cognitis
1306 417 1317 433 ,
1339 404 1435 433 petere
1456 398 1600 434 possimus

87 452 326 486 conclusionem,
350 450 485 486 deinceps
511 449 650 478 dicemus.
691 448 790 486 HuJ'us
814 448 902 485 igitur
925 456 1043 477 naturae
1073 455 1118 478 est
1143 447 1192 476 illa
1217 456 1302 484 pars,
1326 456 1409 483 quarn
1437 457 1510 485 aqua
1534 456 1561 478 et
1587 459 1603 478 e

86 505 175 533 humo
200 512 216 532 e
241 500 473 538 putrescentibus
497 498 576 528 foliis
605 498 680 528 facta
713 506 741 528 et
774 508 789 527 e
814 500 902 528 humo
928 508 962 529 ex
987 500 1055 528 fimo
1086 507 1234 528 vaccarum
1261 506 1324 528 orta
1347 501 1494 535 solverat,
1524 507 1600 528 utra-

89 563 145 591 que
173 553 248 583 enim
273 552 309 582 ad
331 551 462 588 analysin
487 558 558 579 usus
583 558 664 586 sum3
687 555 839 586 utramque
866 550 949 579 etiam
977 549 1107 579 adhibuit
1127 549 1284 578 Einhofius
1307 549 1337 578 in
1362 550 1398 578 iis
1424 550 1601 587 experimen-

89 605 128 634 tis
145 625 155 641 ,
187 603 293 641 quibus
317 610 378 630 mea
397 600 588 637 experimenta
608 601 744 637 probavi.
793 601 901 630 Similis
925 600 986 629 fere
1017 608 1133 630 naturae
1160 607 1188 629 et
1212 600 1318 629 indolis
1341 601 1505 637 materiem,
1532 610 1604 637 quae

89 656 172 686 fusca
197 661 277 689 erat,
298 652 381 682 etiam
402 650 565 688 comparavi
590 651 777 687 decoquendo
802 660 866 680 curn
894 660 967 687 aqua
998 652 1115 680 humum
1144 660 1159 680 e
1181 650 1260 680 foliis
1282 660 1440 687 quercuum
1468 659 1496 680 et
1519 653 1603 688 pino-

86 715 149 735 rum
178 705 296 734 factam.
335 703 445 731 Verum
468 708 580 738 praeter
603 703 682 732 illam
705 703 871 737 materiem,
900 710 1040 732 exstracto
1062 705 1222 739 plantarum
1247 702 1388 737 similem,
1416 701 1445 731 in
1470 703 1525 732 hoc
1551 704 1605 732 hu-
1641 722 1644 724 Α

89 766 170 786 more
196 756 280 785 etiam
309 754 405 784 inveni
427 761 541 790 parvam
567 753 719 783 admodum
743 754 879 791 principii
909 754 1022 784 coriarii
1050 754 1255 791 quantitatem,
1280 754 1358 789 quod
1383 753 1451 783 mihi
1476 755 1605 784 ostendit

87 807 276 844 ichtyocolla.

127 858 216 887 Nunc
242 863 334 885 autem
365 856 550 887 animadverti
572 858 675 891 velim,
704 865 816 895 praeter
841 859 896 888 hoc
922 865 1080 888 extractum
1105 857 1135 886 in
1159 858 1301 892 humore,
1330 866 1413 893 quem
1441 859 1485 886 vel
1514 859 1602 886 humo

89 918 162 945 aqua
188 908 357 937 affundenda
382 914 410 936 et
435 917 499 936 cum
531 916 562 936 ea
589 910 829 946 conquassanda,
856 911 902 939 vcl
930 918 995 938 cum
1024 918 1054 937 ea
1084 909 1270 944 decoquenda
1296 908 1421 936 obtineri
1450 909 1527 941 dixi,
1562 910 1606 938 in·

90 968 153 989 esse
181 966 210 988 et
232 959 300 988 alias
328 959 480 994 materies,
504 967 575 994 quae
595 968 708 995 semper
725 959 784 988 fere
800 960 830 989 in
847 960 935 988 humo
962 960 1167 995 reperiuntur,
1192 968 1262 995 quas
1285 967 1353 996 ergo
1379 959 1439 987 fere
1460 961 1602 996 neglectas
1628 996 1632 997 V

89 1019 104 1039 a
135 1010 326 1046 quibusdam,
349 1012 395 1038 vel
420 1011 469 1038 vix
483 1010 573 1038 verbo
596 1018 764 1039 memoratas
790 1011 890 1039 miror.
931 1011 996 1046 Ego
1018 1018 1087 1038 vero
1115 1010 1190 1038 hunc
1215 1010 1365 1038 humorem
1391 1011 1468 1039 vai-la
1493 1012 1604 1040 ratione

88 1061 255 1097 exploravi,
277 1067 305 1088 et
327 1060 407 1094 vidi,
429 1060 509 1089 illum
527 1060 750 1096 hydrochlorate
768 1061 930 1098 hydrargiri
950 1069 1009 1090 non
1033 1060 1161 1095 turbari,
1183 1060 1311 1095 indIcio,
1340 1062 1418 1096 quod
1438 1061 1468 1090 in
1493 1071 1528 1090 eo
1545 1071 1606 1090 car-

88 1111 209 1140 bonates
235 1110 348 1139 alcalini
375 1119 434 1140 non
462 1111 585 1140 inerant.
626 1111 749 1140 Acidum
765 1111 938 1142 sulfuricum
954 1112 1035 1141 etiam
1051 1113 1159 1140 nullam
1176 1111 1320 1140 excitabat
1339 1112 1602 1149 effervescentiam3

89 1162 286 1199 deponebatur
303 1168 395 1190 tamen
416 1170 450 1189 eo
474 1161 574 1198 pulvis
594 1161 694 1198 albus,
718 1162 767 1198 qui
789 1162 924 1199 deinceps
945 1162 1120 1191 examinatus
1141 1161 1222 1191 visus
1242 1168 1286 1190 est
1303 1171 1366 1191 esse
1393 1163 1483 1192 sulfas
1507 1165 1606 1194 calcis.

89 1213 363 1252 Oxalate-potassae
385 1212 489 1240 humor
514 1212 682 1241 turbabatur
706 1220 734 1242 et
751 1214 949 1250 deponebatur
971 1214 1091 1241 multum
1116 1212 1235 1241 oxalatis
1259 1213 1365 1249 calcis3
1395 1214 1492 1250 liquor
1511 1224 1605 1245 autem

91 1263 258 1293 continebat
286 1262 538 1298 hydrochloratem
564 1271 717 1300 potassae,
738 1273 806 1301 ergo
829 1266 952 1293 multum
978 1264 1068 1293 inerat
1091 1264 1301 1300 hydrochloras
1329 1263 1435 1300 calcis,
1459 1267 1537 1301 quod
1564 1269 1604 1295 sal

91 1316 119 1344 in
139 1315 216 1344 omni
235 1314 325 1343 humo
348 1314 486 1343 abundat.
527 1314 674 1344 Praeterea
693 1315 797 1344 humor
813 1315 980 1344 continebat
994 1315 1245 1352 hydrochloratem
1262 1321 1414 1352 potassae3
1438 1317 1542 1346 nitrate
1561 1327 1604 1346 ar-

91 1366 170 1404 genti
198 1366 272 1395 enim
299 1364 467 1393 turbabatur
498 1373 530 1393 ac
557 1366 753 1402 deponebatur
782 1366 990 1402 hydrochloras
1021 1366 1149 1403 argenti;
1180 1366 1277 1402 liquor
1307 1373 1400 1395 autem
1436 1368 1603 1397 continebat

91 1417 235 1446 tantillum
261 1415 371 1444 nitratis
399 1422 540 1451 potassae.
585 1416 632 1444 Sic
658 1424 751 1446 aceras
777 1417 888 1453 plumbi
912 1417 992 1459 illum
1025 1417 1159 1446 turbabat
1187 1426 1219 1446 ac
1251 1418 1410 1454 deponebat
1435 1421 1500 1454 sal,
1527 1420 1605 1454 quod

92 1468 280 1497 examinatum
304 1466 437 1502 apparuit
465 1475 528 1495 esse
549 1467 697 1503 phosphas
721 1468 852 1504 plumbi3
885 1468 914 1497 in
941 1469 1062 1496 humore
1090 1476 1159 1496 vero
1194 1468 1284 1497 inerat
1310 1468 1453 1498 tantillum
1490 1470 1604 1498 acetatis

92 1525 224 1555 potassae
248 1524 276 1546 et
302 1517 408 1553 sodae3
436 1526 503 1554 ergo
529 1518 694 1547 continebat
717 1518 909 1555 phosphatem
935 1525 1068 1555 potassae
1096 1525 1124 1547 et
1149 1520 1252 1548 sodae:
1284 1519 1386 1548 similia
1413 1520 1606 1556 experimenta

93 1570 191 1598 eodem
217 1574 321 1597 eventu
345 1568 460 1604 saepius
479 1569 618 1604 repetivi,
640 1570 772 1602 dissimili
796 1577 890 1599 tamen
915 1570 1025 1600 ratione
1051 1580 1081 1600 ea
1110 1571 1236 1601 institui.
1275 1571 1351 1599 Nam
1378 1580 1442 1599 cum
1465 1572 1606 1609 ejusmodi

91 1621 217 1652 humor,
237 1626 268 1648 ut
286 1618 364 1654 dixi,
393 1626 505 1655 praeter
534 1620 602 1649 alias
628 1627 655 1649 et
680 1628 836 1650 extractum
864 1621 1010 1655 continet,
1032 1621 1175 1651 difficilius
1199 1623 1234 1651 de
1265 1620 1459 1657 praecipitatis
1486 1623 1605 1659 judicari

92 1678 207 1707 potest3
227 1669 364 1706 quoniam
388 1677 416 1698 et
438 1670 501 1706 ipse
527 1671 618 1700 flavus
645 1672 775 1700 humoris
800 1674 882 1701 color
905 1672 1138 1708 impedimentum
1166 1680 1228 1708 est,
1253 1679 1280 1700 et
1303 1672 1422 1702 multis.
1449 1682 1478 1702 v.
1504 1682 1533 1710 g.
1556 1676 1609 1710 by-

91 1722 274 1759 drochlorate
291 1721 450 1757 hydrargiri
473 1729 501 1750 et
523 1721 626 1751 nitrate
646 1723 753 1760 argenti
778 1723 859 1752 etiam
882 1730 1037 1752 extractum
1068 1724 1153 1752 simul
1179 1732 1242 1751 cum
1275 1723 1343 1752 aliis
1369 1724 1498 1760 partibus
1529 1734 1608 1760 prac-

93 1780 162 1807 ceps
184 1772 276 1800 datur.
318 1771 413 1808 Igitur
437 1773 517 1806 aliam
543 1773 692 1810 ingressus
716 1783 778 1803 sum
808 1775 902 1811 viam3
938 1774 1070 1803 nimirum
1100 1775 1224 1811 primum
1256 1774 1328 1802 idern
1359 1782 1514 1803 extractum
1548 1779 1607 1804 len—

95 1829 123 1850 te
141 1821 308 1858 combussi,
329 1828 357 1850 et
381 1823 534 1853 combusto
549 1824 640 1861 *nigro
669 1832 697 1854 et
715 1826 840 1856 carbone
863 1826 1019 1856 abundanti
1044 1834 1132 1862 aquas
1151 1825 1276 1855 fervidas
1296 1833 1323 1854 et
1342 1826 1405 1855 dein
1424 1826 1532 1855 acidum
1556 1828 1606 1861 hy-

1541 1879 1592 1906 dro
1597 1894 1606 1901 -

130 1967 143 2000 (
159 1975 168 1993 r
183 1966 197 1999 )
218 1967 275 1992 Vid.
294 1968 397 1994 Einbos
411 1970 466 2002 Op;
480 1969 552 1997 laud.
569 1978 627 2003 pag.
641 1970 700 2004 376.
719 1978 743 1997 et
762 1972 884 1997 Saussure
901 1973 920 1998 1.
939 1973 956 1999 l.
976 1978 1036 2005 pag.
1053 1979 1110 2004 174-

130 2012 192 2047 (2)
212 2014 272 2039 Vid.
291 2015 405 2046 inprimis
427 2015 542 2042 Friedw.
559 2030 594 2036 —
612 2016 814 2050 Brandcnburg,
841 2019 866 2043 in
885 2018 990 2053 Journal
1009 2019 1040 2045 de
1062 2019 1210 2052 Physique‚
1239 2018 1271 2044 de
1290 2018 1394 2045 Chimie
1415 2025 1439 2044 et
1457 2018 1601 2044 d'Histoire

95 2061 230 2094 Naturelie
249 2065 313 2088 tom.
329 2068 412 2088 vau.
430 2066 489 2095 pag.
502 2070 561 2096 434.
596 2064 665 2089 Paris
685 2064 757 2091 1808.

904 2119 965 2161 ¹33
