1919 2511
399 264 1364 322 RESP-ONSIO

268 551 918 600 QUAES'slONEM
1028 549 1487 588 PHYSICAM.

592 839 1144 876 PRAEFATio.

105 940 359 1006 Agriculturam
387 974 475 998 artem
512 976 575 997 esse
610 975 640 997 et
672 967 879 998 nobilissimam
908 974 936 996 et
968 966 1194 1002 antiquissimam
1226 973 1311 994 nemo
1343 964 1425 995 facile
1459 966 1621 1004 dubitabit,

105 1021 156 1057 qui
181 1022 272 1057 ipsam
295 1027 383 1049 artem
408 1021 529 1058 eJ'usque
551 1019 698 1049 hIstoriam
727 1020 804 1056 apud
832 1018 1017 1048 humaniores
1040 1023 1139 1054 gentes
1158 1016 1301 1053 cognitam
1318 1023 1557 1054 perspectamque
1572 1020 1623 1048 ha-

104 1072 189 1101 beat.v
228 1071 302 1100 Non
333 1070 475 1100 immerito
508 1072 582 1100 enim
614 1070 657 1100 illi
688 1071 724 1100 de
755 1071 881 1101 humano
913 1079 1016 1108 genere
1044 1069 1153 1106 optime
1180 1069 1274 1099 meriti
1300 1069 1370 1098 olim
1401 1069 1571 1100 dicebantur
1596 1078 1624 1101 et

103 1132 181 1153 nunc
206 1122 363 1159 dicuntur,
392 1122 442 1159 qui
466 1123 586 1151 multum
609 1122 645 1151 ad
666 1122 740 1151 hanc
764 1121 913 1151 meliorem
936 1129 963 1150 et
988 1120 1214 1150 fructuosiorem
1239 1119 1410 1150 reddendam
1431 1122 1619 1153 contulerim.

101 1175 178 1205 Nam
201 1173 267 1203 licet
295 1174 327 1203 in
354 1173 528 1209 agricultura
551 1173 684 1210 inprimis
707 1174 911 1203 consuetudini
939 1180 967 1202 et
996 1174 1135 1211 majorum
1161 1173 1324 1209 praeceptis
1351 1178 1380 1201 et
1404 1172 1618 1209 experientiae,

103 1225 162 1261 quil
182 1224 244 1253 fere
268 1226 332 1253 sola
352 1224 474 1261 nititur,
496 1226 617 1254 multum
640 1225 823 1255 tribuendum
850 1233 912 1254 esse
940 1233 1090 1259 censeam,
1111 1230 1204 1252 tamen
1227 1222 1346 1252 scientia
1372 1230 1401 1253 et
1420 1223 1550 1253 inventio
1569 1224 1623 1253 mi—

101 1276 177 1306 nime
202 1275 385 1313 negligendae
402 1283 490 1313 sunt3
512 1282 541 1305 et
567 1285 635 1306 sane
653 1276 701 1306 ille
723 1276 909 1306 felicissimus
934 1276 988 1305 erit
1013 1275 1172 1312 Angcola‚
1195 1273 1264 1310 qui,
1285 1282 1318 1303 ut
1342 1274 1420 1310 apud
1439 1269 1621 1303 Poetam'di·

101 1327 193 1364 citur,
215 1336 314 1356 rerum
331 1329 427 1365 potuit
445 1336 603 1365 cognoscere
621 1337 747 1357 cawsas.

139 1379 186 1408 Ab
212 1388 247 1407 eo
283 1379 372 1415 igitur
396 1385 547 1416 tempore,
580 1388 638 1415 quo
661 1380 834 1416 agricultura
863 1385 1029 1408 nostrorum
1055 1378 1138 1406 etiam
1168 1375 1315 1406 hominum
1337 1374 1464 1411 studiis,
1502 1376 1622 1405 scientia

100 1430 200 1459 haberi
219 1430 342 1466 coepit,
367 1430 451 1458 multi
470 1431 708 1460 excellentissimo
727 1431 843 1467 ingenio
863 1429 984 1466 praediti
1009 1428 1064 1458 viri
1089 1428 1154 1456 huic
1175 1436 1259 1460 suas,
1293 1435 1363 1463 quas
1384 1427 1622 1464 profitebantur,

102 1488 196 1516 artes,
218 1488 250 1510 ut
270 1480 443 1517 Chymiam,
464 1480 586 1510 feliciter
602 1487 829 1516 consecrarunt,
851 1488 970 1516 eamque
988 1478 1062 1508 omni
1083 1478 1219 1514 physices
1233 1479 1298 1507 luce
1312 1479 1536 1514 collustrarunt‚
1559 1487 1623 1507 om-

101 1543 166 1564 nem
193 1534 309 1564 omnIno
327 1534 414 1563 vitam
439 1534 506 1564 huic
534 1535 670 1565 scientiae
695 1534 916 1564 consecrandam
942 1539 1005 1559 esse
1031 1537 1190 1567 putante53
1213 1537 1300 1565 atque
1322 1528 1363 1557 sic
1391 1530 1453 1567 ejus
1475 1529 1622 1566 pomoeria

103 1588 190 1622 longe
216 1587 330 1621 lateque
347 1586 458 1622 prolata
481 1592 561 1615 sunt.
603 1585 760 1616 Enimvero
784 1595 816 1615 ea
845 1592 893 1614 est.
915 1583 1107 1621 agriculturae
1132 1583 1266 1615 ubertas,
1288 1588 1321 1610 ut
1339 1582 1438 1610 nullus
1466 1581 1496 1610 in
1523 1583 1556 1609 ea
1584 1581 1622 1610 sit

101 1639 206 1672 locus,
228 1636 299 1673 quin
326 1636 351 1665 si
376 1636 467 1672 probe
488 1638 620 1673 colatur,
642 1637 779 1674 egregios.
800 1637 874 1666 ferat
897 1634 1042 1664 doctrinae
1067 1640 1096 1662 et
1121 1631 1254 1663 militatis
1271 1631 1406 1668 fructusg,
1428 1632 1513 1661 habet
1527 1638 1620 1661 tamen

101 1689 175 1718 alius
197 1688 254 1717 a-lio
275 1688 361 1716 locus
387 1688 522 1726 majorem
552 1689 750 1724 praestantiam
777 1694 804 1717 et
828 1686 1126 1721 commendationem,
1148 1693 1165 1713 e
1181 1683 1287 1720 quibus
1305 1682 1419 1720 quidem
1444 1682 1517 1713 locis
1546 1691 1620 1712 unus

104 1747 169 1775 est,
199 1739 249 1775 qui
273 1739 335 1772 fere
355 1739 528 1776 praecipuus
547 1739 684 1768 dicendus
708 1739 842 1773 videtur3
864 1736 997 1766 nimirum
1014 1737 1049 1765 de
1066 1736 1177 1771 hume,
1200 1734 1308 1772 quippe
1324 1744 1398 1771 quae
1415 1742 1546 1772 agrorum
1565 1734 1623 1763 fer-

102 1791 234 1820 tilitatem
263 1795 348 1827 auget
371 1796 399 1819 et
426 1797 523 1826 aptum
550 1782 663 1827 plantis
679 1790 795 1827 praebet
814 1789 993 1818 alimentum.

139 1831 237 1880 Quum
275 1841 372 1877 itaque
399 1850 415 1870 a
443 1841 638 1870 Nobilissimo
672 1842 773 1871 ordine
803 1839 1028 1876 Disciplinarum
1064 1837 1333 1867 Mathematicarum
1368 1843 1396 1866 et
1431 1835 1619 1882 Physicarum

102 1893 272 1923 Academiae
298 1892 600 1929 Lugduno-Batavae
625 1892 803 1929 propositam
829 1891 952 1920 videram
990 1890 1024 1918 de
1057 1889 1147 1917 humo
1179 1888 1397 1924 quaestionem,
1428 1884 1631 1924 qualemcumr

104 1953 161 1981 que
176 1944 288 1977 tandem
315 1943 351 1972 de
368 1944 457 1974 humo
487 1944 757 1973 commentationem
781 1941 965 1972 conscribere
989 1939 1148 1973 constitui,
1172 1946 1205 1968 ut
1228 1941 1276 1969 vel
1306 1939 1347 1969 sic
1371 1947 1436 1968 meo
1459 1937 1549 1967 amori
1566 1938 1622 1966 hu-

97 1996 150 2032 jus
174 1994 309 2036 scientiae
331 1993 545 2029 satisfacerem,
572 2003 631 2031 quo
658 2003 701 2023 me
724 1994 822 2023 ardere
845 2000 960 2030 semper
985 1991 1106 2029 gaudeo.
1145 1990 1180 2020 In
1201 1990 1404 2027 respondendo
1430 1995 1524 2018 autem
1552 1996 1620 2024 pro—

100 2045 235 2082 positam
248 2045 444 2082 quaestionem
471 2054 555 2082 quam
580 2046 711 2083 proxime
736 2051 853 2074 secutus
879 2052 963 2079 sum,
984 2050 1072 2079 atque
1090 2042 1161 2071 adeo
1180 2041 1305 2078 primum
1329 2040 1388 2070 dixi
1408 2040 1443 2068 de
1468 2038 1549 2083 humi
1569 2047 1620 2067 na-

103 2104 188 2134 msa,
207 2102 279 2127 tum
291 2096 327 2129 de
348 2097 412 2137 eius
431 2097 529 2134 notis,
550 2096 674 2134 denique
692 2096 729 2126 de
755 2097 816 2135 ejus
840 2104 926 2131 usu,.
938 2100 1024 2131 atque
1045 2093 1120 2133 ipsa
1128 2093 1168 2122 rei
1189 2091 1334 2129 indagatio
1351 2091 1420 2121 mihi
1436 2088 1619 2120 manifestum

889 2146 919 2176 A
938 2154 965 2175 2
1578 2130 1623 2168 ἱΕ·
1612 2154 1630 2171 ’e
