1919 2511
411 162 637 197 RESPONsm
667 173 711 195 An
742 164 1052 205 QUAESTIONEM
1081 147 1347 197 LITERAmAM
1594 174 1635 204 25

123 251 228 282 ibidem
251 249 320 282 Lib.
337 249 447 285 ILfvs.
467 257 535 288 45¹·

406 301 470 330 Nec
490 309 545 329 non
564 306 592 328 et
611 305 770 340 torrentem
791 298 898 329 andam
919 299 989 330 levis
1009 300 1133 328 innatat
1153 299 1246 330 alnus.

120 353 170 382 ubi
188 352 282 395 vConf.
304 352 449 389 Heynius.

157 403 230 433 Vela
248 403 357 433 dabant
376 404 459 436 laeti.
499 403 651 440 Ex Virg.
676 402 747 432 Lib.
768 404 793 433 Ι.
820 401 898 432 Aen.
923 412 969 432 vs.
993 410 1043 440 35.

403 455 465 484 Vix
484 463 499 483 e
515 461 664 493 conspectu
685 454 802 483 Siculae
822 453 938 484 tellus-is
957 456 990 484 in
1012 454 1105 484 altum

403 507 476 538 Vela
496 507 607 536 dabam
631 507 716 536 laeti.

155 560 307 589 Minuente
323 559 455 598 pericula
476 559 565 587 lucro.
606 558 722 594 Duplex
745 557 953 594 brachylogia,
978 558 1140 596 perieulum
1167 565 1221 595 pro
1247 564 1336 587 metus
1357 557 1499 596 periculi,
1520 557 1632 586 lucrum

116 619 171 648 pro
191 618 248 649 spes
267 611 354 640 lucri.
1011 644 1017 649 ,

154 662 266 691 Νανὶηι
291 671 353 690 cum
374 660 513 690 mercibus
530 661 652 691 humaz·
674 659 761 689 Licet
785 659 905 689 verbum
930 661 1052 690 haurire
1082 669 1137 697 pro
1162 660 1310 689 absorbere
1328 659 1476 688 commode
1503 659 1633 692 dicatur,

118 703 253 743 videntur
282 720 376 741 tamen
400 719 511 741 veteres
537 712 590 740 illo
618 711 678 740 fere
704 711 897 747 abstinuisse,
925 720 990 740 cum
1016 712 1050 740 de
1080 711 1237 740 submersis
1272 712 1392 740 navibus
1418 716 1512 739 sermo
1539 717 1634 744 esset,

118 771 146 792 et
170 763 233 792 ideo
262 764 395 799 quidem,
424 763 502 798 quod
527 764 645 798 proprie
670 762 778 791 dicatur
806 762 841 790 de
865 762 951 791 rebus
979 762 1115 799 1iquidis,
1146 772 1217 798 quae
1243 762 1443 797 hauriuntur,
1473 770 1532 790 non
1556 761 1634 797 ipsae

115 814 268 845 hauriunt.
308 814 395 843 Certe
417 813 442 842 si
464 822 552 842 unum
575 813 664 842 Ovid.
687 814 781 842 locum
800 813 878 841 Fast.
902 811 1039 842 Limus.
1064 822 1110 842 vs.
1129 815 1186 842 ’σου
1204 813 1351 849 excipias,
1371 804 1421 841 ubi
1441 813 1545 841 hausta
1560 819 1633 850 pup-

112 867 160 904 pis
185 864 309 899 dicitur,
331 873 391 893 non
417 864 502 892 facile
527 865 604 901 apud
629 864 785 900 scriptores
810 862 859 899 qui
885 870 951 892 ante
974 864 1161 900 Augustum,
1182 866 1229 893 vei
1254 864 1310 892 sub
1337 873 1370 892 eo
1397 865 1575 899 floruerunt,
1595 872 1631 892 eo

115 924 203 945 sensu
229 914 364 951 reperias.
406 915 535 944 Seriores
559 915 741 951 frequentius
767 921 890 942 utuntur
913 923 944 943 v.
973 923 1000 943 c.
1029 914 1150 944 Tacitus
1177 915 1286 956 Annal.
1322 915 1393 944 Lib.
1418 915 1455 944 11.
1489 924 1554 951 cap.
1581 923 1630 950 14.

118 987 136 1002 „
156 965 233 994 Pars
249 967 365 995 navium
381 966 502 995 haustae
518 966 615 995 sunt”
654 973 682 994 et
698 965 819 995 Curtius
840 965 909 994 Lib.
927 966 1008 996 VIII.
1033 976 1097 1002 cap.
1119 975 1162 997 11.
1180 969 1210 1003 §.
1232 974 1277 997 12.
1301 987 1319 1001 „
1334 966 1495 995 Multorum
1511 969 1630 995 misera-

118 1038 138 1053 „
158 1017 222 1046 bilis
233 1017 298 1053 fuit
315 1026 414 1052 casus,
435 1027 502 1055 quos
521 1027 557 1046 ex
576 1023 739 1055 praerupta
760 1025 830 1054 rupe
849 1015 939 1054 lapsos
958 1020 1051 1046 amnis
1068 1017 1273 1055 praeterfluens
1293 1017 1425 1047 hausit-’²

152 1067 204 1097 Ad
224 1069 329 1097 littora
356 1075 464 1098 servat.
503 1068 645 1113 *Plautino
674 1075 755 1096 more
778 1075 894 1096 servare
920 1067 1183 1106 absoluteponit3
1214 1069 1310 1099 Plaut.
1336 1069 1365 1098 in
1391 1069 1495 1099 Aulul.
1526 1070 1586 1099 Act
1601 1070 1626 1100 1.

111 1120 163 1150 Sc.
182 1130 214 1150 2.
238 1128 285 1149 vs,
304 1127 333 1156 3.
666 1110 671 1113 ’

400 1170 478 1200 Redi
497 1180 573 1200 nunc
581 1170 651 1207 jam
671 1173 752 1200 intro
772 1177 860 1207 atque
876 1170 1074 1200 intusrserva.

112 1223 210 1254 Most.
237 1222 308 1252 Act.
327 1229 356 1252 2.
378 1230 426 1252 vs.
442 1230 491 1254 21·

664 1280 752 1305 natus
773 1282 851 1304 nemo
869 1265 902 1303 ι”η
921 1272 1040 1304 aedibus

400 1327 507 1355 Servat
529 1333 619 1364 neque
640 1329 690 1365 qui
709 1326 863 1363 recludat,
884 1335 975 1365 neque
992 1327 1043 1365 qm*
1060 1325 1237 1366 respondeat.

110 1385 139 1408 et
164 1375 242 1409 List.
262 1377 372 1407 Act.1.
399 1377 446 1406 Sc.
469 1386 494 1407 1.
518 1387 562 1407 vs.
583 1378 647 1409 106.

399 1428 490 1457 Nunc
508 1435 537 1457 te
556 1429 678 1465 amabo,
700 1435 732 1470 ut
753 1430 827 1460 hanc
847 1430 897 1460 hoc
917 1429 1043 1460 tridium
1063 1429 1150 1459 solum
1171 1431 1250 1459 sinas

396 1480 468 1509 Esse
488 1481 534 1510 hie
557 1487 586 1509 et
608 1490 728 1511 servare
749 1482 830 1521 apud
848 1492 903 1513 me.

111 1532 217 1569 quibus
232 1532 306 1561 locis
321 1531 369 1561 alii
385 1531 497 1561 domum
515 1532 755 1570 subintelligunt,
779 1534 889 1563 Everh.
909 1534 1062 1563 Scheidius
1075 1542 1144 1563 vero
1161 1543 1208 1562 res
1224 1542 1308 1569 suas,
1329 1531 1458 1562 videatur
1481 1533 1515 1563 ad
1531 1533 1629 1564 Sanct-

109 1582 240 1613 Minerv.
278 1583 350 1612 Lib.
385 1583 440 1613 IV.
477 1592 542 1620 cap.
568 1592 598 1620 4.
628 1592 697 1614 nota
719 1587 767 1615 26.
809 1593 837 1615 et.
858 1586 932 1624 Joh.
960 1586 1047 1616 Fred.
1075 1585 1245 1615 Gronovius
1272 1585 1301 1614 in
1325 1585 1459 1616 Lection.
1489 1585 1628 1615 Plautinis

108 1641 177 1672 pag.
203 1642 270 1665 122.

152 1684 260 1723 Spatiis
275 1684 470 1722 foenebribus.
512 1685 559 1715 Sic
576 1689 700 1726 pecunia
723 1686 867 1726 foenebrt‘s
894 1697 939 1720 est
969 1690 1044 1728 apud
1069 1690 1150 1719 Suet.
1173 1688 1300 1726 Caligul.
1323 1697 1388 1724 cap.
1409 1696 1458 1724 41.
1501 1708 1520 1723 „
1540 1687 1631 1716 Prae.

113 1755 131 1771 „
152 1735 213 1764 bita
242 1736 455 1766 advenientibus
476 1731 798 1776 pecunia'fhenebrisf’
837 1749 865 1771 et
892 1743 963 1780 leges
984 1740 1131 1778 faenebres
1155 1746 1199 1769 est
1221 1740 1296 1777 apud
1327 1738 1396 1768 L'iv.
1429 1738 1486 1766 Lib
1504 1738 1627 1768 XXXV.

108 1795 177 1823 cap.
201 1797 232 1824 7.
282 1808 300 1824 ,‚
322 1788 454 1818 Instabat
474 1791 535 1819 alia
554 1800 646 1827 cura,
669 1791 745 1830 quod
760 1793 861 1822 civitas
870 1794 990 1829 foenore
1008 1792 1181 1822 laborabat-³
1209 1797 1236 1820 et
1254 1799 1317 1820 cum
1337 1790 1434 1819 multis
1448 1789 1626 1827 foenebrihus

114 1857 132 1874 ,.,
153 1838 260 1876 legibus
278 1841 438 1869 constricta
459 1843 590 1870 avaritia
610 1850 678 1871 esset
697 1844 778 1873 cet.’'

147 1889 226 1918 Luce
245 1891 390 1929 appellari
412 1898 551 1922 metuens.
598 1894 756 1930 Appellare
781 1894 910 1926 solemne
934 1902 962 1924 et
986 1895 1203 1924 Latinissimum
1229 1894 1347 1923 verbum
1374 1894 1409 1923 de
1433 1892 1628 1923 admonitione

108 1940 250 1971 debitoris
277 1949 310 1971 ut
338 1944 444 1972 solvat.
487 1943 555 1973 Cic.
578 1943 656 1973 Phil.
683 1944 740 1973 Lib
770 1946 809 1974 11.
834 1955 898 1985 cap.
918 1954 970 1982 ⁹9·
1018 1966 1037 1981 „
1065 1945 1233 1984 Appellatus
1261 1954 1288 1974 es
1316 1944 1350 1974 de
1370 1947 1513 1983 pecunia,
1541 1952 1626 1981 quam

111 2012 131 2028 ‚‚
147 1998 200 2030 pro
222 1992 322 2029 domo,
340 2000 395 2032 pro
412 1994 518 2027 hortis,
536 2001 591 2032 pro
610 1996 727 2025 sectione
746 1995 861 2026 debebas
871 1997 892 2010 ’²
914 2004 942 2025 et
961 1998 996 2026 ad
1014 1998 1078 2025 Att.
1099 1995 1170 2025 Lib.
1183 1994 1220 2026 V.
1250 1996 1335 2032 epist.
1359 2004 1406 2032 19.
1435 2015 1454 2031 ‚‚
1471 1995 1517 2023 De
1534 1995 1628 2023 Attel-

113 2062 132 2078 „
152 2044 229 2072 liano
244 2047 353 2073 nomine
367 2047 466 2084 scripsi
484 2045 526 2074 ad
543 2045 751 2075 Philotimum:
770 2057 805 2075 ne
823 2048 982 2089 appellant
1000 2039 1178 2086 MesfflamJ'
1206 2046 1366 2077 Videndum
1382 2047 1457 2083 apud
1476 2046 1627 2075 Erasmum

109 2093 140 2123 in
163 2095 257 2133 Adag.
288 2105 324 2126 an
350 2105 410 2126 non
435 2097 580 2126 debitores
610 2098 831 2134 proverbialiter
853 2101 1059 2136 vespertiliones
1082 2099 1151 2128 dleti
1176 2098 1284 2128 fuerint
1313 2098 1350 2127 ob
1373 2098 1429 2126 hoc
1456 2096 1528 2125 idem
1549 2096 1628 2132 quod

894 2150 921 2179 D
1581 2146 1625 2175 in-
