1919 2511
373 119 601 156 RESPONSIO
630 127 672 149 An
702 115 1014 159 QUAESTlONEM
1044 115 1324 150 LITERARIAM.
1587 129 1606 157 .⁷

92 207 204 243 Noster
228 212 264 234 et·
262 212 383 243 paucae
413 209 560 239 praeterea
583 209 652 232 sunt
678 201 811 241 fabulae,
841 207 913 234 quae
937 198 1096 236 argumenti
1122 199 1309 233 similitudine
1332 200 1455 236 aliquam
1483 210 1600 239 compa-

93 257 229 289 rationem
254 254 402 283 admittere
426 253 582 288 videntur,
602 253 670 282 licet
694 258 787 280 tamen
813 249 955 278 Avianum
978 258 1036 277 uon
1059 258 1179 285 prorsus
1202 251 1359 296 neglexerit
1384 242 1521 283 Faernus.

129 306 187 335 Sed
203 306 321 340 fuerunt
352 311 416 334 ante
437 304 576 333 Faernum
596 309 628 332 et
653 302 824 332 recentiores
846 299 1003 328 fabularum
1030 300 1207 336 scriptores,
1238 293 1330 337 qualis
1351 301 1407 330 fuit
1430 303 1598 332 Franciscus

91 356 280 396 philelphus,
311 362 442 384 mortuus
467 354 526 383 Ao.
552 355 646 391 1481,
669 353 739 389 qui,
761 358 896 380 monente
920 350 1052 379 Harlesio
1075 352 1110 379 ad
1132 351 1255 380 Iabricii
1276 352 1304 381 d.
1323 353 1346 382 l.
1371 353 1393 389 §,
1409 361 1455 388 14.
1484 353 1599 390 scrips1t

93 406 210 447 fabulas,
227 405 374 436 metricas,
421 406 568 436 Praeterea
589 406 645 443 jam
673 404 740 433 inde
772 423 790 439 „
806 403 841 431 ab
867 402 924 430 Ao.
944 410 1031 439 1479.
1052 403 1161 432 Accius
1187 404 1306 439 Zuccus
1326 402 1504 433 Veronensis
1528 414 1602 434 non·

97 477 117 493 n
136 459 229 487 nullas
253 457 365 495 Aesopi
396 457 508 488 fabulas
534 458 653 487 totidem
683 457 760 486 Italis
787 454 980 489 carminibus,
1011 463 1082 490 quae
1111 463 1168 483 nos
1192 456 1283 499 vulgo*
1309 455 1417 484 Sonent·
1443 464 1598 493 vocamus,

75 529 112 546 <‚‚
133 516 310 547 expresserat
323 515 380 544 ¹¹et,
404 516 556 546 antequam
578 509 700 538 Phaedri
719 502 837 539 fabulae
853 511 1055 546 vulgarentur,
1078 499 1193 538 ceritum
1215 517 1243 538 et
1262 509 1471 554 quinquaginta
1492 510 1599 539 Caesar

79 580 111 599 A„
126 559 267 597 5Pavesius
285 560 441 596 octonariis
456 562 630 596 carminibus
644 561 789 597 ediderat,
805 570 888 598 quem
908 561 1168 599 subsequutus-,est
1183 560 1294 603 Marius
1306 561 1513 599 Verdizzottus
1524 581 1534 597 ,
1546 561 1596 598 qui

92 631 117 649 ‚2
131 610 211 640 vario
226 612 382 640 carminum
405 620 510 649 genere
532 619 648 642 centum
670 612 782 642 fabulas
808 621 836 642 et
859 613 921 649 ipse
944 613 1054 648 publici
1070 613 1143 652 juris
1162 612 1229 642 fecit
1242 634 1251 648 ‚
1274 612 1325 649 qui
1346 612 1458 648 quidem
1474 621 1533 642 non
1551 621 1600 641 so-

92 682 111 699 „
130 664 189 703 lum
211 662 371 699 Aesopicas
393 666 547 693 nonnullas
564 664 665 693 imitati
688 672 757 694 sunt
769 684 781 699 ‚
808 672 907 693 verum
927 663 1009 692 etiam
1027 664 1167 700 pini-imas
1182 672 1287 702 easque
1303 663 1525 700 elegantissimas
1543 672 1597 692 suo

72 745 74 747 ,
91 728 112 750 5,
131 722 165 746 ex
179 713 296 750 ingenio
308 714 522 745 invenerunt?²
561 715 656 744 Verba
671 722 740 744 sunt
754 715 777 743 F
780 714 898 742 rancisci
914 714 948 742 de
969 715 1055 744 Furia
1071 715 1100 744 in
1116 715 1333 752 Prolegomenis
1350 715 1385 744 ad
1398 715 1519 758 Fabulas
1537 714 1596 743 Ae-

72 765 203 805 ..50pica5
227 775 293 803 pag.
311 774 397 802 xxv,
418 768 502 804 cujus
526 766 627 796 eximia
654 767 827 795 Fabularum
853 764 1027 795 Graecarum
1054 766 1182 808 editione
1204 775 1289 803 saepe
1309 765 1355 796 usi
1373 774 1472 794 sumus
1491 765 1520 794 in
1545 765 1598 794 hac

88 816 328 855 commentatione
352 817 579 855 conscribenda,
609 818 717 854 quique
738 817 842 854 ibidem
868 816 898 846 in
917 818 995 847 notis
1019 819 1097 848 addit
1129 839 1148 856 ,‚
1164 818 1330 862 fatendum,
1354 819 1442 847 Italos
1462 817 1594 846 homines

90 888 113 909 ,7
129 876 237 905 ceteras
262 877 361 906 gentes
388 871 418 900 in
441 871 497 900 hoc
518 880 638 908 quoque
661 871 807 900 scribendi
832 879 934 907 genere
959 878 1124 907 superasse.
1163 870 1234 899 Non
1257 862 1350 904 solum
1381 869 1453 898 enim
1481 867 1599 905 plurimi

75 939 109 956 .„
125 926 197 956 post
223 927 334 949 renatas
361 922 458 951 literas
479 922 681 952 festivissimas
701 923 823 952 Fabulas
850 930 878 953 et
895 924 1049 961 Apologos
1065 923 1181 962 'leporis
1193 924 1296 959 plen-os
1315 922 1448 958 edidere,
1470 921 1513 950 uti
1531 921 1600 950 Sca·

89 992 108 1009 ,‚
122 974 179 1008 ,125
197 974 356 1008 tubertus,
378 976 523 1011 Faernus,
543 975 736 1012 abstemius,
755 977 904 1013 Poggius,
925 977 975 1005 sed
989 982 1024 1003 «et
1039 975 1214 1013 recentiores
1240 983 1357 1010 quoque
1375 974 1412 1003 ,in
1431 982 1464 1001 eo
1487 981 1598 1001 summa

88 1044 108 1061 „
127 1033 193 1053 cum
215 1025 298 1057 laude
323 1034 356 1056 se
376 1031 586 1062 exercuerunt,
609 1034 682 1061 quos
698 1026 772 1056 inter
789 1027 943 1064 praecipue
959 1026 1126 1056 recensendi
1147 1025 1317 1059 Robertus‚
1338 1024 1477 1059 Berroia,
1499 1024 1600 1053 Passe-

87 1097 106 1114 ‚‚
125 1077 249 1114 tonius,
269 1077 400 1114 Pozius,
421 1078 459 1107 de
473 1077 585 1114 Rossi,
604 1078 780 1115 Pignottus,
801 1079 948 1116 Peregus,
969 1076 1125 1108 Clasius.”
1162 1076 1223 1114 Jarn
1242 1076 1330 1113 igitur
1353 1084 1386 1103 ex
1399 1076 1445 1104 his
1459 1081 1598 1112 apparet,

83 1128 176 1160 fuisse
203 1135 268 1158 ante
291 1128 431 1157 Faernum
457 1135 486 1158 et
511 1129 605 1165 ipsius
634 1138 753 1165 quoque
775 1136 865 1158 aetate
890 1129 919 1158 in
943 1128 1023 1157 Italia
1046 1127 1146 1165 viros,
1178 1125 1229 1163 qui
1256 1133 1284 1155 et
1305 1127 1410 1156 Italico·
1437 1133 1465 1155 et
1489 1126 1596 1159 Latino

83 1187 215 1208 sermone
231 1178 343 1207 fabulas
359 1179 620 1216 conscripserunt,
638 1187 666 1209 et
682 1180 750 1209 licet
767 1180 855 1209 nobis
868 1188 927 1209 non
942 1178 1098 1216 contigerit
1119 1185 1150 1207 ut
1176 1177 1293 1206 illorum
1319 1185 1408 1214 opera
1432 1185 1497 1206 cum
1514 1177 1537 1207 F
1539 1177 1598 1206 aer-

83 1229 114 1260 ni
132 1238 229 1267 ,opere
243 1238 409 1266 comparare
431 1230 632 1267 potuerimus,
657 1232 839 1261 statuendum
865 1231 964 1268 potius
992 1230 1124 1265 videtur,
1145 1229 1285 1258 Falernum
1315 1227 1513 1257 aemulationis
1536 1234 1598 1255 stu·

36 1296 40 1310 ;
83 1280 146 1310 dio..
163 1280 315 1310 excitatum
338 1280 450 1316 fuisse,
473 1287 505 1310 ut
527 1283 564 1311 ad
584 1291 683 1312 eorum
712 1285 875 1319 exemplum
897 1282 1009 1311 fabulas
1033 1281 1195 1319 scriberet,
1214 1289 1298 1317 quarn
1323 1281 1400 1317 ipsas
1425 1288 1524 1308 eorum
1552 1278 1595 1309 fa-

82 1331 167 1361 bulas
181 1331 329 1361 <imitatum
353 1340 437 1368 esse,
459 1332 564 1362 nedum
588 1334 779 1370 compilasse,
801 1343 867 1362 cum
889 1333 960 1362 istae
982 1332 1118 1368 fabulae,
1141 1333 1250 1369 quippe
1267 1332 1391 1361 recentis
1414 1331 1507 1360 adhuc
1522 1337 1594 1374 tem·

78 1383 181 1419 poris,
202 1383 271 1412 satis
300 1383 435 1412 omnibus
452 1389 538 1412 notae
564 1391 670 1414 essent.
708 1385 855 1415 Praeterea
879 1386 1026 1420 Faernus,
1046 1390 1160 1414 centum
1184 1384 1295 1413 fabulas
1313 1383 1488 1416 scribendo,
1510 1382 1589 1411 vide-

80 1438 129 1461 tur
152 1433 238 1469 genio
265 1433 357 1462 seculi
383 1433 558 1464 indulsisse:
589 1443 665 1464 certe
689 1438 881 1466 centenarium
903 1445 1052 1466 numerum
1072 1435 1100 1464 in
1120 1434 1236 1464 edendis
1254 1433 1399 1471 ApologIS
1426 1440 1490 1462 ante
1508 1434 1591 1462 Faer-

79 1491 150 1519 ¹num
173 1490 324 1513 servarunt
351 1493 468 1520 quoque
494 1485 727 1516 Bartholemaeus
756 1488 838 1516 Scala
866 1493 894 1515 et
914 1486 976 1515 Leo
993 1486 1079 1522 Bapt.
1095 1486 1258 1522 Albertus3
1280 1485 1340 1515 vid.
1362 1485 1445 1516 Clar.
1457 1486 1491 1514 de
1507 1484 1590 1513 Furia

77 1536 100 1566 1.
117 1544 147 1564 c.
174 1544 241 1573 pag.
260 1544 362 1572 xxiv,
383 1536 433 1565 ubi
456 1538 608 1574 utriusque
635 1538 761 1567 fabulam
780 1537 943 1575 speciminis
963 1539 1029 1566 loco
1050 1536 1178 1567 exhibet.

113 1587 175 1624 Jam
197 1586 286 1623 igitur
310 1595 344 1615 ex
365 1587 450 1616 dictis
473 1589 543 1617 saris
567 1589 730 1618 ostendisse
753 1590 823 1617 mihi
840 1589 959 1623 videor,
990 1589 1131 1617 Faernum
1158 1588 1187 1617 in
1208 1586 1316 1617 fabulis
1333 1587 1393 1616 suis
1413 1563 1528 1616 edendis
1547 1594 1592 1614 se-

77 1643 177 1670 cutum
202 1637 318 1673 quidem
343 1637 435 1667 fuisse
457 1647 565 1668 morem
582 1640 671 1669 seculi
689 1647 717 1668 et
732 1639 875 1676 proficere
890 1639 1023 1676 potuisse
1041 1648 1055 1667 e
1074 1639 1202 1675 priorum
1220 1639 1388 1674 laboribus,
1410 1639 1459 1667 sed
1476 1638 1506 1667 in
1521 1637 1586 1673 ipso

78 1696 168 1726 opere
190 1688 365 1718 elaborando
389 1698 470 1718 suam
499 1690 554 1719 sibi
580 1690 655 1719 viam
682 1690 829 1719 stravisse.
872 1689 954 1728 Quid
977 1698 1070 1719 autem
1099 1699 1132 1718 ex
1154 1690 1217 1718 aliis
1241 1689 1415 1727 profecerit,
1436 1690 1466 1719 in
1487 1691 1586 1727 singu-

75 1740 168 1770 larum
194 1739 355 1770 fabuiarum
382 1741 510 1771 examine
539 1741 648 1778 optime
669 1741 830 1778 apparebit.
872 1741 1016 1770 Nimirum
1040 1749 1106 1770 cum
1126 1741 1266 1776 dicimus,
1295 1741 1375 1769 illum
1395 1743 1516 1770 aliorum
1543 1740 1585 1770 fa-

74 1790 159 1820 bulas
180 1790 296 1820 minime
318 1799 372 1827 pro
398 1791 460 1820 suis
483 1793 613 1829 dedisse,
634 1801 694 1822 non
713 1793 743 1822 id
759 1794 894 1822 volumus
906 1813 917 1828 ‚
940 1801 1003 1821 eum
1023 1801 1113 1822 novas
1131 1801 1252 1829 prorsus
1271 1792 1383 1822 fabulas
1400 1793 1584 1830 condidisse„

73 1841 133 1872 imo
157 1842 304 1871 maximam
327 1842 440 1872 illarum
465 1849 573 1879 partem
600 1844 715 1873 aIIunde
731 1843 890 1879 desumsit,
913 1844 962 1873 sed
982 1844 1021 1872 ita
1041 1851 1074 1872 ut
1095 1843 1264 1872 lineamenta
1279 1843 1342 1872 aliis
1362 1843 1497 1880 deberet,
1519 1845 1580 1874 sin-

72 1894 155 1931 gulas
168 1901 239 1923 vero
254 1892 364 1922 formae
379 1900 475 1930 partes
485 1913 497 1931 ,
518 1901 687 1924 ornamenta
697 1915 708 1931 ,
728 1897 863 1924 colorum
879 1901 1058 1925 venustatem
1072 1895 1141 1932 ,ipse
1158 1894 1312 1924 artificiose
1324 1895 1491 1933 depingeret
1502 1898 1577 1935 (a).

1523 1948 1580 1977 At-

106 2008 170 2044 (a)
188 2009 228 2036 Ita
243 2016 269 2037 et
285 2010 368 2044 ipsum
387 2009 529 2037 Phaedrum
548 2010 645 2037 fecisse
661 2012 722 2038 satis
735 2011 818 2044 liquet
831 2015 866 2035 ex
877 2008 981 2035 duobus
992 2009 1089 2042 primus
1105 2009 1223 2036 versibus·
1238 2010 1350 2043 Ptologi
1362 2011 1409 2040 lib.
1420 2012 1450 2043 Ι,
1464 2013 1511 2039 ubi
1525 2013 1573 2041 aie:

489 2057 599 2091 Aesopus
615 2063 706 2084 auctor
721 2066 797 2091 quam
814 2058 950 2082 materiam
966 2057 1063 2089 reperit
1073 2074 1083 2087 ,

487 2104 562 2130 Hanc
577 2113 619 2138 ego
632 2106 703 2138 paline
717 2106 841 2134 {versibus
858 2106 978 2131 senariis.
