1919 2511
265 164 319 189 104
545 156 831 194 JOANNIS
890 154 1200 189 HERMANI
1260 158 1483 190 KROON

961 261 1073 274 .—

446 336 704 367 FABULA
761 337 1215 370 NONAGESIMA
1272 340 1588 374 SECUNDA.

938 433 1109 455 MOMUS.

548 509 707 546 Iuppiter,
729 516 757 538 et
776 510 948 549 Neptunus,
969 517 996 540 et
1017 510 1129 540 artibus
1148 512 1250 541 inclita
1271 514 1388 550 Pallas,v

553 563 708 591 Certavere
728 563 814 599 olim,
837 565 899 601 quis
919 573 1014 593 eorum
1031 563 1181 602 pulchrius
1201 564 1263 592 orbi

549 612 628 650 Quid
644 613 748 649 daret,·
770 623 835 652 ergo
855 615 991 644 hominem
1011 615 1160 653 speciosum
1180 613 1286 643 Rector
1308 614 1420 653 Olympi
1430 618 1458 653 ,⁷

552 664 634 693 Diva
652 664 761 693 domum
774 686 785 702 ‚
807 666 898 694 salsae
917 674 1036 695 taurum
1060 665 1124 694 Rex
1144 663 1233 693 edidit
1253 664 1357 694 undae.

549 715 620 743 Tum
641 715 754 744 Illomus
766 715 861 752 judex
880 718 1010 753 accitus,
1031 722 1059 744 et
1077 716 1172 745 omnia
1182 715 1281 752 jussus

549 767 793 804 Contemplarier,
815 775 900 806 atque
919 776 1012 805 aequa
1027 766 1201 805 perpendere
1221 767 1311 798 lance.

546 817 576 844 Is
592 819 719 854 primum
739 819 769 845 in
790 824 875 847 tauro
896 817 1101 857 reprehendere
1121 826 1229 846 cornua
1247 819 1357 855 coepit,

550 867 632 904 Quod
642 868 741 904 fronti
759 869 931 898 haererent:
952 870 1054 898 etenim
1072 869 1225 897 consultius
1243 877 1357 904 armos,

543 919 654 947 Aerior
675 918 749 948 unde
767 921 839 949 ictus
851 920 934 957 foret
947 941 958 957 ,
981 926 1138 950 armatura
1150 920 1253 957 fuisse.

546 968 616 997 Tum
636 978 742 998 sensum
770 977 943 1008 mentemque
962 972 1081 1000 hominis
1101 971 1151 1000 sub
1166 974 1279 1010 pectore
1297 971 1425 999 clausam

544 1020 689 1058 Carpere:
708 1027 813 1057 quanto
832 1021 914 1050 illam
935 1022 1033 1049 melius
1048 1024 1172 1058 potuisse
1192 1023 1239 1048 vel
1258 1028 1345 1047 extra

547 1069 703 1102 Constitui,
723 1071 770 1099 vel
782 1078 836 1108 per
852 1072 986 1109 patulam
1007 1077 1149 1109 apparere
1160 1069 1342 1106 fenestram,-

546 1120 586 1149 Ut
606 1119 745 1149 meditata
765 1121 823 1156 ejus
837 1123 952 1158 penitus
972 1121 1205 1151 novisselleeret.

544 1171 688 1199 Postremo
708 1170 847 1199 damnare
866 1169 999 1205 domum,
1021 1169 1142 1205 vitiique
1161 1174 1281 1203 notare,

547 1221 702 1250 Mobilibus
722 1219 798 1259 quod
814 1222 887 1249 nixa
909 1220 979 1248 rotis
1000 1227 1054 1248 non
1073 1225 1158 1254 esset,
1179 1225 1212 1247 ut
1231 1228 1290 1247 una

547 1273 618 1302 Cum
637 1273 746 1302 domino
765 1270 900 1302 externas
916 1265 1057 1310 proficisci
1073 1275 1161 1308 posset
1179 1271 1210 1298 in
1230 1278 1318 1306 oras,

544 1323 733 1362 Vicinumque
753 1325 860 1353 malum
882 1321 983 1360 effugio
1004 1322 1101 1351 vetare
1115 1328 1236 1359 parato.
1260 1331 1262 1333 ·

548 1425 715 1462 Dumnari,
735 1427 871 1464 carpique
891 1427 978 1455 etiam
999 1426 1159 1455 rectissima
1174 1432 1301 1464 possunt.

301 1529 425 1558 Momm.
466 1528 569 1558 Exstat
589 1529 657 1556 haec
683 1527 780 1557 fabula
806 1528 881 1558 inter
903 1529 966 1557 ilias
991 1537 1062 1564 quas
1092 1527 1355 1557 edidit'Neveletus
1382 1526 1444 1557 No.
1466 1535 1532 1564 193.
1575 1526 1631 1555 Sed
1649 1527 1686 1555 ibi
1706 1527 1777 1557 Pro-

258 1580 374 1607 metheo
403 1578 539 1607 tribuitur
566 1578 692 1607 hominis
717 1579 827 1607 creatio
855 1586 883 1608 et
908 1580 1030 1608 Momus
1049 1580 1131 1614 {tauri
1161 1579 1281 1608 formam
1311 1579 1341 1608 in
1365 1587 1399 1607 eo
1425 1579 1543 1614 culpat,
1576 1579 1652 1613 quod
1676 1580 1776 1607 oculos

260 1638 324 1658 mon
349 1630 377 1658 in
407 1630 524 1658 summis
547 1629 684 1659 cornibus
711 1636 800 1666 gerat.
842 1630 908 1660 Fuit
933 1638 1010 1660 certe
1041 1630 1139 1661 fabuia
1165 1631 1386 1667 amiquissima,
1408 1629 1516 1666 quippe
1538 1630 1622 1666 cujus
1651 1629 1776 1659 meminit

263 1681 436 1709 Aristoteles
458 1681 493 1709 de
516 1681 623 1716 Pal-gib.
650 1682 779 1710 Animal.
801 1681 872 1711 Lib.
891 1683 946 1711 III.
976 1691 1042 1719 cap.
1062 1691 1090 1713 2.
1123 1682 1172 1710 ubi
1197 1683 1331 1711 Momum
1355 1681 1425 1710 dicit
1445 1686 1571 1709 naturam
1603 1687 1750 1708 accusasse
1764 1700 1774 1714 ,

265 1733 345 1768 quod
370 1732 464 1760 bobus
487 1740 594 1760 cornua
618 1732 645 1760 in
669 1733 762 1769 capite
791 1742 852 1762 non
879 1733 908 1761 in
933 1734 1017 1762 armis
1045 1722 1142 1770 potihs
1167 1732 1322 1765 addiderit,
1353 1739 1411 1767 quo
1435 1730 1633 1759 vehementius
1659 1737 1777 1766 possent

267 1784 367 1813 ferire.
416 1782 526 1812 Narrat
552 1782 676 1811 fabulam
704 1792 821 1819 quoque
849 1784 998 1812 Lucianus
1022 1784 1054 1813 -in
1087 1783 1268 1812 Hermotimo
1302 1784 1318 1819 5
1343 1790 1390 1812 20.
1415 1781 1460 1810 ed.
1489 1780 1605 1809 Hemst.
1632 1778 1720 1808 Tom.
1749 1780 1774 1810 1.

262 1843 332 1870 pag.
357 1836 426 1870 758.
457 1834 507 1862 sed
535 1833 652 1862 brevius
670 1853 680 1869 ‚
717 1841 745 1862 et
777 1834 815 1862 ita
845 1840 876 1862 ut
907 1833 1040 1862 Vuicano
1074 1832 1200 1867 tribuat,
1229 1832 1308 1868 quod
1347 1830 1517 1859 Prometheo
1546 1828 1678 1865 Graeca,
1705 1830 1772 1867 Jovi

264 1892 362 1913 nostra
384 1884 490 1914 fabula.
530 1884 655 1914 Eandem
683 1886 754 1915 hanc
783 1884 909 1913 fabulam
935 1891 962 1912 et
985 1882 1098 1920 quidem
1123 1890 1156 1912 ut
1182 1883 1353 1919 respondeat
1375 1888 1490 1911 nostrae
1523 1881 1638 1909 exhibet
1662 1889 1678 1908 e
1704 1881 1773 1909 cod.

266 1935 424 1972 Bodiejano
451 1935 636 1972 Tyrwhittus
665 1936 694 1966 in
718 1936 788 1965 diss-
823 1936 857 1963 de
883 1933 988 1963 Babrio
1020 1944 1085 1972 pag.
1109 1942 1262 1963 chxxw.
1311 1934 1460 1962 Undenam
1485 1939 1554 1960 vero
1577 1930 1702 1960 Faernus
1727 1932 1776 1960 ha-

269 1987 383 2021 buerit,
406 1987 535 2023 equidem
561 1988 697 2016 affirmare
717 1996 776 2017 non
801 1987 912 2022 audeo,
935 1987 1047 2023 egregie
1060 1986 1145 2014 ‘certe
1168 1994 1226 2014 rem
1254 1994 1332 2014 suam
1355 1983 1486 2021 perfecit.

311 2039 413 2075 Aequa
435 2037 607 2077 perpendere
638 2039 730 2069 lance.
779 2057 797 2074 ‚‚
815 2037 916 2066 Vitam
945 2039 1143 2076 cequa'lance
1160 2037 1338 2075 pensitare.”
1379 2035 1455 2065 Rlin.
1480 2034 1522 2063 H.
1543 2033 1585 2063 N.
1614 2033 1685 2064 Lib.
1702 2034 1774 2066 VH.

257 2099 326 2127 cap.
355 2099 385 2126 7.

1697 2147 1777 2185 Quod
