1919 2511
386 168 612 202 RESPONSIO
641 175 684 199 AD
713 165 1022 205 QUAESTIONEM
1055 172 1269 206 MEDICAM.
1544 189 1570 214 ας

72 263 104 285 ut
122 256 190 284 haec
206 254 315 283 luxatio
334 253 403 290 fiat,
422 253 527 282 versari
546 252 641 282 debet.
663 251 811 290 Quidquid
821 248 885 288 sit,
902 254 974 283 illud
990 262 1097 284 certum
1114 257 1245 292 videtur,
1264 258 1344 291 (nisi
1361 266 1472 287 omnem
1490 259 1573 288 fidem

68 308 165 338 relatis
188 306 367 345 negemus),
399 308 478 343 qnod
500 308 554 336 sub
584 307 668 343 spina
692 307 823 342 scapulae
845 315 1050 342 nonnunquam
1075 307 1235 337 inveniatur
1258 315 1344 345 caput
1371 309 1446 338 ossis
1475 311 1574 339 hume-

65 359 90 386 ri
110 358 213 397 (28),
233 365 261 386 et
279 358 462 386 solummodo
486 357 535 386 hic
558 364 689 386 nostrum
715 363 777 391 est,
800 364 943 392 exponere
966 356 1053 386 situm
1078 365 1105 388 et
1122 359 1326 397 directionem,
1348 369 1431 397 quam
1459 369 1492 389 os
1520 361 1573 390 hu-

65 409 152 444 meri,
175 408 309 444 illiusque
330 409 452 437 musculi
477 409 526 437 tali
552 409 581 437 in
604 416 673 437 casu
698 406 855 442 accipiunt.

100 459 172 501 Axis
200 466 293 488 autem
326 459 401 488 ossis
427 459 536 487 humeri
563 459 694 496 dirigitur
715 459 744 488 in
772 459 883 496 spinam
908 464 1063 499 scapulae,
1093 464 1147 499 qua
1176 463 1264 492 simul
1287 463 1438 500 impeditur
1459 464 1571 502 (29),

61 507 216 550 duominus
243 513 409 542 secundaria
434 513 542 542 luxatio
568 521 680 541 sursum
713 513 772 542 fiat.
813 514 948 542 Attamen
976 515 1099 550 repetita·
1117 515 1238 543 musculi
1260 514 1389 544 latissimi
1409 515 1507 550 dorsi,
1530 523 1573 543 te-

59 565 187 601 retisque
210 564 342 602 maioris,
366 564 564 594 contracti-one
582 564 671 593 situm
692 571 800 593 mutare
823 571 920 601 potest
937 565 1004 593 haec
1026 565 1134 594 luxatio
1160 572 1188 594 et
1211 566 1376 595 secundaria
1394 566 1473 601 fieri,
1498 575 1569 602 quae

61 622 155 645 tamen
180 623 247 644 tunc
271 615 386 644 eandem
413 615 472 644 fere
499 622 594 644 servat
615 615 799 645 directionem
821 617 1047 652 horizontalem‚
1073 617 1123 645 sed
1147 616 1222 646 forte
1245 625 1344 653 parum
1371 617 1509 646 remotior
1531 625 1574 647 est

58 675 74 695 a
92 668 226 703 scapulae
251 667 383 702 cervice,
415 667 462 695 cui
489 666 582 703 primo
609 667 748 697 adstabat.
790 669 860 697 Inde
887 668 968 697 etiam
997 667 1081 697 facile
1111 668 1220 704 liquet,
1249 668 1360 696 humeri
1385 667 1571 697 directionem

56 726 111 754 pro
126 717 227 754 capitis
243 717 319 753 situ,
338 717 430 754 magis
441 718 573 747 minusve
589 727 606 747 a
623 717 688 747 sinu
705 719 848 749 articulari
869 726 980 748 remoto
991 740 1001 755 ‚
1018 719 1153 755 differre,
1173 728 1226 748 nec
1245 720 1339 749 minus
1356 725 1488 754 constat,
1511 721 1574 756 ple-

57 777 178 805 rumque
200 777 260 797 eam
281 768 319 797 ita
341 777 372 798 se
395 769 521 805 habere,
542 776 594 804 ut,
615 769 708 806 capite
732 770 806 799 ossis
828 771 939 799 humeri
957 770 1010 799 sub
1033 772 1164 799 musculo
1194 770 1412 807 infra-spinato
1434 779 1462 800 et
1481 778 1569 800 terete

56 820 161 849 minori
180 819 384 855 delitescente,
405 821 547 856 angulus,
570 828 653 856 quem
671 820 776 848 format
791 829 855 848 cum
879 820 1015 849 anteriori
1032 823 1164 856 scapulae
1183 822 1325 858 margine,
1348 823 1382 850 ad
1398 830 1504 851 rectum
1523 831 1568 851 ac-

53 871 151 906 cedat,
171 879 237 900 cum
260 871 395 900 humerus
415 879 552 907 sequatur
570 873 716 908 obliquam
738 879 881 901 costarum
908 871 1106 900 directionem.

91 921 125 950 ln
146 921 199 950 hac
221 930 338 958 quoque
361 923 517 951 quationis
533 923 631 959 specie
648 923 772 959 primum
790 924 936 951 videamus
960 923 994 950 de
1012 930 1051 951 m.
1072 922 1239 958 delto'ideo,
1261 922 1326 951 dein
1347 923 1381 951 de
1400 923 1502 952 ceter-Is
1519 933 1567 952 eo-

53 971 138 1006 dem,
158 981 241 1008 quem
271 981 359 1008 supra
384 973 620 1007 observavimus,
644 973 754 1002 ordine.

88 1022 137 1052 M.
167 1022 331 1051 Deltoidws
362 1022 401 1052 ita
434 1023 492 1051 situ
518 1030 546 1051 et
578 1023 736 1052 directione
771 1030 920 1059 mutatur,
960 1030 992 1052 ut
1026 1033 1100 1060 apex
1130 1024 1293 1060 trianguli,
1332 1025 1393 1054 sive
1426 1033 1564 1061 punctum

50 1072 242 1108 insertionis,
265 1072 298 1102 in
321 1073 445 1101 humero
467 1082 527 1102 non
557 1073 679 1109 amplius
705 1073 780 1102 infra
802 1073 952 1103 cavitatem
984 1075 1162 1111 gleno'ideam
1188 1076 1319 1111 scapulae
1348 1076 1507 1105 inveniatur
1534 1079 1563 1106 in

49 1123 178 1153 verticali
201 1124 292 1153 lineae
312 1123 489 1160 directione,
510 1125 612 1154 ductae
632 1133 648 1153 a
672 1124 826 1161 ligamento
851 1125 944 1154 medio
968 1125 1133 1162 triangulari
1156 1134 1211 1162 per
1226 1126 1355 1155 cavitatis
1381 1134 1511 1156 centrum
1529 1129 1564 1158 ad

48 1175 220 1204 anteriorem
247 1177 380 1211 scapulae
401 1181 531 1211 costam,
554 1176 604 1204 secl
620 1182 699 1204 extra
720 1175 797 1204 illam
820 1175 874 1204 sub
893 1175 977 1212 spina
1001 1177 1139 1212 scapulae*
1154 1176 1283 1212 excidat,
1306 1178 1379 1206 unde
1400 1178 1433 1207 fi't
1453 1185 1565 1208 extror-

46 1232 110 1254 sum
132 1225 250 1261 obliqua
275 1225 415 1255 delto'idei
435 1226 568 1255 directio.
608 1226 677 1255 Pars
696 1232 790 1254 autem
807 1226 931 1255 musculi
953 1226 1083 1261 interna,
1106 1235 1178 1262 quae
1206 1227 1303 1256 oritur
1325 1237 1340 1256 a
1358 1237 1498 1264 processu
1515 1238 1565 1258 co-

45 1276 200 1312 raco'ideo,
220 1284 287 1305 cum
309 1276 470 1314 longiorem
490 1275 632 1305 describat
651 1277 828 1306 decessionis
850 1276 953 1305 lineam
977 1277 999 1306 i.
1022 1285 1047 1307 e.
1076 1276 1196 1313 originis
1221 1284 1360 1313 punctum
1384 1278 1417 1306 ab
1445 1279 1497 1307 illo
1518 1279 1563 1308 in·

44 1326 180 1357 sertioni‘s
207 1327 432 1356 remoti5simum
455 1327 516 1363 sit,
544 1327 664 1357 maxime
685 1334 765 1357 tensa
790 1327 1032 1363 reprehenditur,
1053 1327 1193 1363 illiusque
1219 1327 1337 1357 directio
1367 1329 1504 1358 convenit
1527 1329 1559 1358 li·

42 1385 112 1407 neae
136 1377 272 1415 obliquae
293 1377 495 1416 imaginariae,
521 1379 557 1409 ab
582 1378 714 1410 interiori
744 1381 780 1410 ad
801 1381 984 1411 exteriorem
1006 1381 1090 1410 sinas
1118 1380 1276 1411 articularis
1303 1388 1410 1417 partem
1441 1382 1561 1412 descen-

41 1427 133 1458 denti.

79 1478 129 1509 M.
151 1479 459 1517 Coram-brachium,
483 1482 533 1518 qui
558 1491 626 1512 cum⁷
648 1485 782 1515 musculo
805 1484 985 1522 praecedenti
1012 1483 1162 1512 Humerum
1187 1483 1312 1520 attossit,
1335 1491 1362 1513 et
1384 1493 1448 1514 cum
1476 1484 1554 1514 illius

40 1524 123 1565 parte
143 1529 272 1560 interiori
292 1540 326 1561 os
349 1533 465 1562 humeri
484 1535 575 1564 simul'
588 1542 750 1565 antrorsum
775 1544 890 1567 movere
914 1541 1036 1572 potest,
1059 1534 1268 1570 quodammodo
1284 1535 1314 1564 in
1334 1536 1385 1564 hac
1406 1537 1552 1566 laxatione

40 1579 123 1609 etiam
145 1582 342 1617 praecedentis
365 1584 498 1620 sequitur
520 1585 702 1616 directionem
727 1595 874 1618 mutatam.
912 1586 1037 1615 Videtur
1058 1585 1105 1614 hic
1127 1587 1275 1615 musculus
1301 1587 1443 1623 propius,
1468 1596 1552 1623 quam

40 1636 139 1667 antea,
159 1633 292 1662 accedere
314 1633 353 1662 ad
373 1634 526 1671 marginem
548 1635 692 1665 interxmm
717 1637 847 1667 cavitaeis
871 1637 1059 1675 gleno'ideae·,
1086 1636 1226 1673 illiusque
1249 1644 1359 1673 partem
1389 1636 1554 1667 inferiorem

40 1685 176 1718 tangere,
196 1681 336 1714 internam
359 1684 469 1715 humeri
488 1686 581 1715 laxati
604 1688 784 1724 superficiem
809 1695 939 1719 secutus.

75 1731 123 1762 M.
145 1732 263 1772 Supra·
282 1736 410 1774 spsnatus
435 1745 563 1773 magnam
581 1738 660 1768 subit
684 1740 818 1771 fibrarum
837 1740 1004 1770 directionis
1022 1739 1227 1777 mutationem3
1251 1741 1302 1770 liae
1324 1740 1422 1777 enim,v
1440 1741 1469 1770 in
1489 1750 1556 1778 par-

39 1780 108 1810 tium
136 1783 194 1812 situ
222 1786 344 1815 naturali
366 1786 585 1818 horizontaliter
607 1788 637 1819 in
658 1790 740 1820 fessa
759 1792 990 1829 supra-spinam
1017 1791 1227 1828 procedentes,
1248 1792 1402 1828 marginem
1420 1792 1549 1821 cavitatis

38 1834 170 1869 scapulae
193 1834 223 1865 iu
255 1836 351 1866 eadem
374 1838 532 1869 directione
555 1841 747 1879 superabant,
769 1850 806 1871 ur.
820 1851 853 1872 se
869 1842 1022 1872 tuberculo
1049 1848 1167 1872 externo
1191 1841 1366 1880 infigerent3
1383 1851 1460 1872 nunc
1478 1851 1548 1872 vero

1522 1901 1553 1922 m

33 1962 159 1992 facillime
169 1973 254 2000 patet,
274 1969 296 1995 si
318 1969 445 1998 diversam
458 1991 466 2005 ‚
483 1973 620 2007 praecipue
638 1973 723 2006 quoad
740 1981 912 2008 processuum
930 1977 1053 2005 formam.
1071 1976 1232 2007 scapularum
1257 1974 1383 2000 fabricam
1402 1975 1548 2001 considere·

33 2015 106 2041 mus,
123 2018 181 2038 cum
206 2016 341 2041 acromion
364 2017 390 2043 in
408 2019 458 2044 una
477 2021 582 2053 scapula
602 2021 662 2047 huic
683 2021 816 2047 luxationi
830 2023 889 2048 satis
906 2023 1018 2055 amplum
1038 2020 1179 2048 concedere
1197 2020 1312 2048 videatur
1338 2022 1445 2052 locum·
1463 2022 1507 2053 ‘31¹1
1522 2021 1547 2045 5¹¹

31 2055 129 2088 altera,
148 2058 222 2085 altius
238 2060 412 2088 descendente
430 2072 575 2099 processu,
593 2066 743 2100 impeditur.
1150 2080 1154 2082 “

64 2101 142 2136 (28)
169 2104 278 2139 cooper
300 2109 318 2136 l.
336 2116 361 2136 c.
386 2118 414 2143 p.
430 2111 472 2143 46.
675 2111 760 2147 (29)
789 2112 900 2139 Desasslt
924 2113 942 2139 l.
961 2120 986 2140 0⁴
1011 2120 1038 2146 P·
1056 2113 1115 2146 348·

872 2158 900 2187 D
924 2167 940 2195 3
