1919 2511
600 110 1111 148 ORATio.
1539 124 1581 153 ’Π

102 201 256 236 animam
280 203 354 235 Deo
379 201 528 236 reddenti
558 202 617 247 (5)
629 227 640 245 ‚
671 203 818 248 ingentes
845 203 908 237 has
937 206 1027 240 velut
1052 208 1245 252 exsequias,
1276 207 1497 254 funebresque
1523 211 1578 244 lu-v

104 250 166 291 d'os
189 257 370 291 Academia
392 258 500 292 facere
525 259 608 292 mihi·
632 258 772 295 videtur.
807 280 848 286 —
879 262 978 304 Quod
1003 262 1101 307 igitur
1126 275 1206 298 cumv
1228 264 1294 298 hoc
1319 266 1481 300 sermonis
1508 269 1576 301 mei

106 320 300 358 argumento
330 316 465 359 propius
488 322 537 349 est
562 318 800 361 conjunctum,
823 329 926 363 quam
953 325 991 353 ut
1014 320 1102 354 sileri
1131 322 1258 365 possit,
1281 321 1436 356 brevibus
1460 323 1573 356 nudis-

104 379 168 413 que
195 370 303 406 verbis
327 377 363 405 ut
390 372 551 407 referam:
575 372 612 406 hi
636 374 759 417 ambo,
783 377 864 420 quin
888 377 975 410 inter
999 378 1160 421 optimos,
1184 383 1216 412 et
1243 377 1391 422 Principi
1416 389 1485 411 non
1511 379 1573 413 mi-

102 436 167 459 nus
186 438 287 471 quam
310 431 436 472 patriae
463 430 640 464 fidissimos
672 432 758 468 cives
782 432 926 467 habendi
955 433 1097 476 fuerint,
1129 446 1192 468 nec
1217 435 1302 468 ullus
1327 437 1489 469 Vestrum
1515 434 1574 468 du-

98 482 269 527 bitaverit‚
292 496 356 519 nec
383 486 529 520 dubitari
557 498 656 531 posse
681 489 803 523 credat.
854 491 976 534 Atqui,
1000 497 1037 525 ut
1064 497 1195 525 taceam
1220 493 1397 525 innumera
1423 502 1508 535 quae
1530 491 1571 527 de

98 552 253 575 mmmm)
272 546 290 575 J
293 544 510 578 urisconsulto
530 543 681 589 politico,
705 548 852 580 Doctore
880 547 1011 591 politico
1025 572 1035 590 ,
1057 549 1188 582 Civium
1216 549 1360 593 delegato
1386 548 1429 582 ad
1455 549 1571 581 Conci-

101 596 182 630 lium
209 599 375 633 ordinum
402 602 616 634 Generalium
631 626 641 644 ,
671 603 770 647 Regis
801 605 1014 647 consiliario,
1039 604 1105 639 dici
1127 612 1280 650 possent,
1303 608 1426 650 partim
1449 606 1527 640 alibi
1548 617 1569 639 a

99 665 155 688 me
172 656 217 700 (6)
228 681 237 698 ‚
254 658 417 701 imprimis
438 669 513 693 vero
529 670 548 692 a
563 671 686 693 nmmo
703 661 790 694 dicta
801 686 812 704 ‚
827 662 886 696 sed
899 673 1053 695 KEMPERO
1067 664 1262 706 praesertim
1282 668 1417 707 accepto
1435 663 1571 696 ferenda

96 711 252 746 videntur
265 714 417 757 politicae
439 715 609 749 doctrinae
627 716 665 750 in
690 716 754 751 hae
770 720 917 762 primum
934 719 1133 761 Academia,
1159 725 1191 752 et
1210 720 1258 752 sic
1282 719 1399 753 deinde
1424 720 1459 755 in
1476 719 1567 762 aliis,

99 770 270 811 pomom’a
297 771 393 816 longe
418 773 566 815 prolata3
588 793 632 797 —
652 780 830 818 postquam
858 785 954 808 meus
978 777 1078 808 Pater
1100 774 1229 819 triginta
1257 777 1326 819 jam
1352 777 1449 809 annis
1471 779 1568 816 ante,

62 842 64 845 v
96 824 131 857 in
156 826 357 860 Academiae
378 829 586 870 Trajectinae
615 831 810 873 magistratu
833 830 1045 874 deponendo,
1081 832 1117 864 in
1140 831 1258 864 mediis
1288 831 1464 865 turbarum
1487 832 1565 865 civi-

99 879 182 913 lium
214 882 370 916 fluctibus
395 890 427 917 et
454 885 604 928 procellis
618 909 629 927 ,
653 887 724 929 ipse
749 896 810 929 pro
835 888 884 919 rei
906 886 1059 930 publicae
1085 892 1174 920 statu
1196 887 1361 932 domoque
1388 888 1568 921 Arausiaca

100 936 220 970 tuenda
242 943 371 971 *sta-tum
400 939 541 973 subinde
571 951 672 975 suum
704 942 872 986 vitamque
905 942 1094 985 periclitans
1127 943 1207 986 (7),
1241 945 1382 987 graviter
1417 943 1567 985 dixerat,

98 989 145 1023 de
167 995 253 1025 werd
277 994 439 1027 Politiccz
453 1021 463 1038 ‚
483 998 603 1041 eaque
628 997 667 1030 in
692 997 913 1033 Academias
943 997 1133 1032 discenda.-
1155 999 1340 1033 remedium
1367 999 1477 1044 potius
1497 1006 1570 1032 tur-

95 1045 217 1081 barum
247 1049 410 1093 civilium,
442 1051 634 1097 patriaeque
666 1053 806 1087 afflictae
836 1055 989 1087 solatium
1017 1065 1059 1087 ex
1084 1055 1182 1098 plena
1211 1057 1365 1100 recta-que
1385 1062 1419 1090 et
1440 1055 1542 1089 libera
1554 1079 1564 1097 ‚

91 1104 155 1139 sed
172 1108 262 1140 casta
287 1107 506 1153 prudentique
532 1109 679 1144 doctrina
703 1111 831 1156 politica
852 1110 976 1145 docens
1001 1111 1248 1147 arcessendum.
1271 1131 1315 1137 —

136 1218 190 1252 Ad
208 1220 263 1253 illa
284 1231 339 1254 me
356 1221 488 1256 confero
504 1234 593 1268 quae
609 1223 645 1258 in
660 1224 800 1259 decretis
816 1223 999 1258 honoribus
1015 1224 1080 1259 hoe
1095 1224 1147 1259 die
1161 1223 1340 1258 solenniter
1356 1224 1564 1260 conferendis

91 1280 251 1308 mearum
276 1285 355 1311 sunt
377 1281 535 1323 partium.
582 1282 626 1314 Et
650 1291 731 1315 sane
754 1282 782 1314 si
802 1280 885 1324 quid
915 1286 983 1323 est,
1015 1281 1104 1326 quod
1124 1282 1241 1314 talium
1265 1282 1413 1316 virorum
1436 1282 1565 1316 deside—

88 1331 177 1364 rium
205 1332 472 1380 amissorumque
497 1336 646 1370 dolorem
676 1343 708 1370 et
729 1338 856 1381 patriae
876 1337 1041 1371 damnum
1062 1338 1165 1373 lenire
1190 1338 1416 1382 consolarique
1438 1337 1562 1382 possit,

91 1387 154 1422 hoc
170 1395 276 1424 totum
294 1393 450 1435 ponimus
466 1395 501 1427 in
516 1393 622 1428 Vobis
632 1419 643 1436 ,
664 1394 800 1438 ingenui
816 1395 952 1436 juvenes
963 1386 1172 1436 {Musarum
1190 1394 1397 1438 Palladisque
1408 1394 1539 1428 alumni
1549 1416 1560 1435 ‚

87 1445 310 1490 Themidique
334 1454 367 1482 et
388 1448 516 1492 patriae
539 1451 689 1494 Belgicae
715 1455 908 1483 consecrata
937 1456 1084 1494 pectora.
1129 1453 1211 1494 Spes
1233 1450 1334 1485 fuerit
1358 1452 1431 1492 illa,
1457 1457 1563 1486 certa-

91 1511 157 1545 que
169 1505 358 1546 persuasio,
380 1506 552 1550 plerosque
567 1509 727 1540 Vestrum
740 1505 907 1549 inveniri,
925 1507 982 1550 qui
1001 1507 1078 1539 talia
1095 1506 1265 1540 doctrinae
1286 1508 1435 1551 vitaeque
1450 1519 1564 1542 exem-

90 1557 145 1600 pla
159 1556 324 1592 intuentes
342 1565 373 1593 et
386 1560 504 1593 ardore
517 1563 688 1604 praeclaro
703 1564 740 1596 in
757 1563 874 1596 iisdem
889 1562 1059 1596 imitandis
1072 1563 1176 1606 enisi,
1187 1565 1258 1597 Vos
1272 1564 1389 1608 <lignos
1405 1575 1473 1599 non
1491 1571 1562 1600 tan-

88 1618 162 1647 tum
181 1614 308 1659 patriae
320 1617 411 1653 cives
424 1642 434 1660 ‚
454 1617 514 1651 sed
534 1615 649 1652 talium
663 1619 812 1654 virorum
827 1619 976 1654 aemulos
988 1625 1021 1653 et
1036 1629 1245 1654 successores
1265 1620 1338 1655 sitis
1359 1624 1558 1666 praestituri.

132 1728 347 1771 praesagium
371 1735 484 1764 autem
506 1732 690 1776 pignusque
710 1733 785 1775 spei
809 1732 951 1776 fideique
977 1743 1073 1766 meae
1106 1738 1185 1767 sunt
1211 1732 1257 1768 illi
1283 1733 1349 1768 duo
1377 1736 1560 1781 Vestrum,-

86 1791 171 1825 quos
194 1783 272 1816 inde
297 1784 340 1818 ab
366 1787 501 1820 ineunte
529 1794 636 1821 aetate
666 1789 783 1824 studiis
815 1789 1031 1834 moribusque
1058 1800 1162 1834 aeque
1190 1790 1348 1834 probatos
1371 1798 1403 1826 et
1425 1794 1560 1828 Acade-

89 1837 187 1872 micis
212 1841 345 1883 quidem
363 1842 481 1876 studiis
501 1844 575 1888 plus
600 1855 703 1889 quam
719 1847 891 1890 :septennii
918 1857 1020 1882 eursu
1047 1845 1216 1890 diligenter
1239 1853 1271 1880 et
1299 1856 1453 1884 accurate
1478 1862 1558 1895 per—

1501 1920 1560 1942 ac-

127 1981 190 2012 (5)
211 1982 239 2004 D.
261 1989 270 2006 ι
289 1983 357 2007 Febr.
390 1984 501 2017 Sepultus
518 1987 542 2011 d.
559 1993 572 2017 5
590 1988 660 2012 Febr.
996 2025 998 2027 Ι

125 2024 182 2056 (6)
207 2026 282 2050 Prima
299 2036 403 2052 mearum
424 2030 492 2062 hujus
508 2032 562 2055 anni
579 2033 708 2057 academici
730 2033 860 2057 lectionum
890 2033 996 2057 dixeram
1012 2033 1040 2056 de
1055 2039 1123 2056 ππεη
1133 2042 1147 2056 1·
1157 2041 1217 2058 nno
1233 2035 1292 2059 ΝΜ
1307 2036 1410 2061 Politim.

121 2069 136 2100 (
145 2074 160 2098 7
171 2070 185 2100 ᾖ
198 2071 230 2093 iD.
242 2074 271 2098 Q
280 2072 352 2096 Mam.
364 2075 434 2104 1784.
466 2075 545 2106 (conf.
555 2076 648 2101 additio
658 2085 709 2103 mea
724 2078 754 2105 a'd
772 2087 830 2103 vera.
842 2080 906 2110 Beng.
923 2087 933 2102 s
942 2086 1001 2105 crus.
1010 2081 1045 2102 oz
1053 2085 1068 2101 2³
1076 2087 1091 2101 n
1099 2085 1123 2106 ι,
1138 2076 1231 2102 Ylwon'e
1240 2079 1280 2101 der
1289 2080 1373 2103 Statuit
1389 2089 1413 2112 p.
1428 2082 1485 2111 162,
1512 2083 1561 2115 63⁴)

819 2138 846 2169 Β
871 2147 889 2168 2
