1919 2511
171 832 370 907 Cogitanti
391 861 432 897 de
453 862 578 907 optima
597 860 880 906 Jun'sprudentiae
912 862 1087 893 Romanae
1120 858 1288 893 docendae
1315 858 1554 904 discendaeque
1583 869 1642 893 ra-

169 920 277 962 tione,
301 920 423 964 duplex
442 931 478 954 se
503 919 586 953 mihi
606 917 744 960 obtulit,
776 929 861 962 quae
887 918 923 950 in
952 916 1135 949 Germania
1161 917 1267 961 viget,
1299 920 1522 961 Interpretum
1540 916 1641 950 seho-

169 975 222 1016 135
253 986 398 1020 quarum
429 977 530 1010 altera
567 975 609 1008 ab
647 974 786 1008 historia
800 998 810 1016 ,
854 973 943 1006 unde
978 973 1057 1005 artis
1091 982 1172 1005 suae
1205 974 1285 1016 petit
1317 974 1640 1017 interpretationem,

167 1030 347 1065 historica
363 1038 524 1072 vocatur3
548 1032 672 1073 altera,
695 1040 781 1074 quae
801 1029 906 1062 ferme
932 1028 998 1061 hoc
1023 1028 1265 1061 adminiculum
1293 1030 1445 1073 repudiat
1462 1055 1475 1071 ,
1503 1029 1545 1062 ab
1571 1031 1641 1062 aliis

169 1079 242 1120 non
274 1086 475 1130 historica,
504 1086 547 1120 ab
582 1087 655 1120 aliis
687 1084 878 1130 analytica
917 1084 1048 1117 dicitur.
1107 1083 1372 1127 Dogmaticam
1407 1086 1515 1129 possis
1553 1085 1641 1118 hanc

168 1142 320 1176 scholam
346 1144 510 1187 appellare
522 1156 532 1183 ;
556 1141 818 1186 Plzz'losoplzam
838 1139 921 1173 citra
940 1139 1115 1173 historicae
1135 1139 1266 1173 scholae
1291 1140 1449 1176 invidiam
1474 1153 1542 1175 non
1560 1153 1642 1185 pos-

169 1199 227 1232 sis.
275 1201 363 1232 Nam
388 1205 420 1232 et
442 1199 527 1233 haec
551 1210 570 1233 a
594 1198 826 1242 Philosophia,
857 1202 896 1230 ut
922 1197 1028 1230 aliena
1058 1208 1127 1230 non
1151 1202 1225 1238 est,
1257 1197 1303 1230 ita
1323 1208 1385 1231 nec
1410 1196 1487 1232 velit
1511 1198 1637 1233 haberi.

170 1253 244 1289 Sive
270 1257 332 1297 jum
363 1256 511 1289 onsultos
536 1256 731 1299 respiciam,
755 1254 813 1298 qm
833 1253 911 1287 huic
927 1253 1011 1288 illive
1028 1253 1161 1286 scholae
1183 1253 1311 1296 favent,
1337 1255 1467 1298 utrique
1487 1265 1640 1299 praeesse

169 1310 265 1344 video
299 1313 327 1341 ,ἃ
403 1311 516 1345 doctos
546 1318 577 1346 et
606 1311 803 1355 ingeniosos.
857 1311 931 1345 Sive
965 1310 1137 1354 utriusque
1170 1310 1334 1344 rationem
1363 1312 1500 1355 propius
1531 1317 1643 1345 atten-

172 1380 223 1399 1,ια
265 1395 268 1398 «
315 1378 471 1411 iramque
492 1367 615 1401 habere
643 1366 890 1409 animadverto,
916 1376 982 1410 quo
1010 1367 1133 1410 egregie
1159 1376 1194 1399 se
1211 1370 1352 1399 tueatur.
1399 1367 1509 1400 Altera
1522 1392 1532 1410 ‚
1556 1378 1640 1412 quae

171 1422 235 1455 alio
260 1445 275 1454 ι.
303 1433 357 1466 ,fue
382 1424 446 1456 alio
470 1430 619 1467 tempore
640 1424 767 1467 Populo
794 1425 949 1456 Romano
977 1423 1192 1466 placuerunt,
1226 1423 1260 1455 in
1285 1433 1390 1455 unam
1419 1425 1513 1467 quasi
1540 1424 1641 1458 tabu-

169 1479 237 1511 lam
257 1478 379 1520 refert3
413 1479 562 1523 dispersa
597 1481 677 1523 juris
707 1479 828 1523 placita
855 1479 994 1522 colligit,
1024 1480 1148 1522 jungit,
1180 1480 1214 1511 in
1245 1478 1324 1512 artis
1346 1479 1490 1513 formam
1513 1481 1640 1525 redigit.

168 1536 373 1579 Argumenta
398 1536 608 1580 potissimum
638 1547 680 1569 ex
706 1535 860 1569 universa
884 1535 1028 1579 quadam
1058 1536 1140 1578 juris
1172 1536 1339 1579 analogia,
1372 1546 1413 1568 ex
1440 1538 1531 1578 jure,
1556 1538 1644 1581 quod

170 1591 325 1625 omnibus
348 1592 539 1626 hominibus
564 1602 742 1625 commune
767 1591 830 1633 sit,
863 1592 1016 1634 explicat.
1071 1591 1231 1624 Historici
1256 1602 1334 1626 vero
1363 1592 1557 1636 interpretes
1580 1595 1641 1627 alia

170 1640 300 1681 omnia!
347 1648 463 1681 Minus
491 1648 644 1691 occupati
672 1653 751 1680 sunt
785 1646 821 1679 in
845 1647 1097 1691 componendo,
1129 1648 1187 1681 sed
1221 1647 1342 1681 rectius
1374 1649 1441 1681 fere
1471 1657 1644 1684 versantur

169 1704 205 1735 in
228 1704 435 1747 explicando.
481 1707 648 1748 Repetunt
674 1714 810 1736 omnem
836 1703 918 1745 juris
940 1703 1110 1737 notionem
1137 1715 1178 1736 ex
1205 1706 1325 1737 natura
1353 1704 1509 1738 hominis.
1565 1709 1644 1739 Hu-

173 1760 266 1792 mani
283 1760 401 1803 ingenii
424 1770 615 1803 progressus
642 1765 769 1793 notant.
816 1761 944 1793 Veram
964 1760 1045 1802 juris
1077 1761 1268 1792 recentioris
1287 1760 1431 1794 indolem
1460 1772 1501 1794 ex
1524 1767 1643 1795 natura

173 1817 265 1857 ejus,
298 1816 387 1859 quod
414 1817 565 1859 proxime
599 1817 800 1859 praecessit,
835 1821 1007 1859 tamquam
1033 1815 1073 1847 de
1098 1816 1187 1848 fonte
1212 1816 1371 1850 derivant.
1397 1815 1403 1822 '
1426 1817 1540 1861 Itaque
1565 1818 1644 1851 nihil

175 1882 244 1904 non
268 1877 387 1915 agimt,
412 1878 450 1905 ut
475 1871 670 1904 adcuratam
696 1871 817 1915 ingenii
848 1877 945 1914 atque
968 1871 1125 1903 historiae
1153 1873 1270 1914 Populi
1304 1874 1447 1906 Romani
1470 1873 1532 1905 sibi
1555 1871 1644 1907 noti—

174 1928 254 1959 tiam
280 1934 485 1971 comparent.
532 1927 570 1960 Id
596 1937 656 1960 sua
682 1929 828 1961 maxime
859 1926 1018 1959 interesse
1047 1932 1194 1969 putant,
1227 1933 1263 1960 ut
1293 1930 1366 1970 jura
1390 1930 1523 1974 antiqua
1548 1933 1645 1973 peni-

176 1989 229 2015 tus
256 1984 466 2027 perspiciant.
513 1984 627 2017 Nullos
650 1995 718 2018 non
741 1984 846 2017 fontes
874 1982 1057 2025 explorant.
1115 1981 1296 2026 Scriptores
1327 1990 1452 2019 veteres
1482 1987 1642 2021 evolvtmt.

176 2037 321 2083 Antiqua
342 2050 512 2074 marmora
533 2040 681 2074 lustrant.
728 2040 863 2075 Codices
889 2038 969 2082 juris
995 2039 1113 2072 veteris
1134 2039 1338 2083 investigant.

932 2094 964 2126 A
983 2096 1006 2126 5
1576 2102 1650 2135 Hofi
