1919 2511
308 149 349 186 74'
480 152 514 182 P.
535 154 573 183 A.
590 153 743 192 JELTES
764 153 990 185 RESPONSIO
1012 153 1066 183 AD
1088 153 1403 192 QUAESTIONEM
1427 155 1643 199 MEDICAM-

353 235 431 264 Haec
449 243 543 265 autem
564 237 660 265 omnia
682 236 706 265 si
723 237 860 274 colligas,
889 236 972 265 facile
993 235 1046 264 erit
1068 236 1204 273 judicium
1217 257 1227 272 ‚
1259 239 1329 274 quid
1346 239 1380 268 de
1398 239 1651 268 instrumentorum
1673 248 1727 268 usu
1751 248 1819 270 cen·

313 287 431 315 sendum
449 287 507 322 sit,
530 294 558 316 et
580 296 642 316 cum
668 297 728 316 mea
745 288 900 317 auctoritas
918 297 1017 324 parum
1039 289 1129 316 valeat
1155 287 1183 316 in
1204 289 1254 318 hac
1280 290 1328 318 lite
1345 291 1522 325 dirimenda,
1548 290 1596 318 diu
1618 291 1651 318 ab
1676 291 1816 327 expertiS-

315 337 395 366 simis
426 337 499 366 viris'
522 339 618 373 mota,
648 338 682 366 de
710 339 820 374 optimo
845 339 1036 368 instrumento
1056 338 1187 375 eligendo
1216 340 1328 377 (26),
1355 342 1410 370 hoe
1438 348 1545 370 tantum
1571 341 1672 369 addere
1699 340 1765 370 mihi
1785 340 1822 370 li-

312 394 393 423 ceat,
421 389 518 424 quod,
544 398 608 417 cum
632 398 718 418 nemo
743 397 821 420 certe
840 390 969 422 dubitet,
998 389 1067 424 quin
1094 388 1177 417 etiam
1200 390 1251 418 hac
1278 391 1308 420 in
1334 400 1362 420 re
1383 392 1504 428 simplex
1529 392 1567 420 sit
1591 391 1715 427 sigilium
1733 391 1792 420 veri
1807 394 1821 428 ,'

313 438 500 475 simplicitas,
531 448 684 475 quousque
708 440 758 469 hic
786 440 906 468 existere
935 447 1056 475 potest,
1087 440 1124 468 ob
1150 441 1292 477 virtutes,
1322 451 1392 477 quae
1418 451 1451 470 ex
1481 444 1549 475 illa,
1578 449 1712 478 tanquam
1739 442 1822 471 fonte

313 489 478 524 uberrimo,
511 497 614 526 sponte
636 491 805 526 profluunt,
832 491 985 526 valdopere
1008 491 1046 520 sit
1064 493 1303 529 commendanda;
1333 502 1406 528 nec,
1438 493 1521 522 sicuti
1546 493 1614 521 mihi
1640 493 1773 529 videtur,
1793 493 1824 523 in

314 548 348 568 eo
375 540 505 576 primaria
533 542 585 570 dos
612 550 675 570 esse
701 542 784 571 debet
811 542 1010 571 immensarum
1035 543 1139 573 virium
1165 551 1370 580 augmentum,
1399 544 1450 572 sed
1477 544 1591 579 quidem
1616 552 1661 572 eas
1686 543 1827 580 dirigendi

311 592 377 620 tans
395 591 537 627 facilitas,
570 593 661 628 qualis
690 593 808 621 maxime
831 593 987 622 luxationIs
1007 593 1116 629 speciei
1140 594 1296 629 convenit,
1325 595 1363 623 ita
1380 601 1410 623 ut
1430 594 1647 624 instrumentaie
1663 595 1822 630 auinIum,

315 649 450 677 quantum
476 643 593 680 possit,
625 647 753 673 manuale
778 644 928 680 imitetur,
958 645 1114 680 eodemque
1139 646 1224 673 modo
1252 645 1322 674 bene
1357 645 1530 681 applicatum
1568 653 1728 682 operetur,
1762 648 1823 681 quo‘

312 692 474 730 Chirurgus
491 701 555 730 apte
571 703 624 724 suo
642 695 738 724 officio
760 695 904 733 fungens,
932 696 962 726 in
979 695 1068 725 simili
1085 704 1171 732 casu,
1192 695 1248 725 nisi
1266 695 1340 725 vires
1358 695 1414 724 sibi
1431 695 1606 731 deficerent,
1640 704 1694 732 per
1710 695 1824 724 facilio⁴

312 752 357 773 res
379 746 568 775 encheireses.
1819 746 1823 754 ¹

349 795 382 823 Si
399 795 547 825 sufficeret
564 797 715 833 extensio,
747 807 818 834 quae
839 807 890 835 per
915 798 996 828 viros
1022 799 1076 836 fit,
1095 800 1146 830 -nil
1169 800 1245 829 aliud
1262 800 1370 829 laboris
1396 800 1502 829 frustra
1523 800 1665 829 insumere
1685 806 1824 836 oportet,

312 846 381 875 dicit
400 847 595 883 Hippocrates
617 851 724 886 (27),
753 850 920 886 imperitiam
944 851 1017 880 enim
1043 853 1137 889 arguit
1159 852 1303 880 machinas
1324 851 1458 880 adhibere
1472 871 1482 885 ‚
1505 851 1555 879 ubi
1573 850 1644 886 ipsis
1668 858 1726 879 non
1748 858 1824 886 opus

312 906 376 934 esr3
397 898 421 927 si
437 907 505 927 vero
523 908 582 928 non
599 900 749 929 sufficiens
773 900 861 930 fuerit
884 903 1035 939 extensio,
1066 912 1138 939 quae
1161 912 1211 940 per
1230 903 1313 932 viros
1340 903 1393 938 fit,
1423 903 1506 931 etiam
1530 911 1563 930 ex
1581 901 1643 931 aliis
1665 901 1824 931 necessaria

313 950 448 984 quaedam
467 950 621 985 adhibere,
643 951 667 979 si
690 960 759 987 quae
776 953 926 981 commoda
945 952 1073 989 fuerint,
1098 974 1116 990 „
1135 963 1194 983 non
1219 961 1312 983 tamen
1332 963 1362 983 ea
1380 960 1484 982 temere
1507 952 1667 982 adhibenda
1686 961 1747 981 esse
1765 961 1828 981 mo·

315 1000 378 1028 nuit
395 1000 466 1029 idem
483 1008 582 1029 auctor
603 1001 737 1039 (28),''
766 1011 822 1038 qua
841 1009 920 1039 parte
939 1012 1124 1035 excesserunt
1143 1006 1257 1043 (ossa)
1278 1005 1399 1033 directio
1425 1005 1473 1033 fiat
1485 1025 1495 1039 ‚
1525 1013 1580 1040 ne,
1604 1003 1652 1031 illa
1671 1004 1799 1040 neglecta
1813 1022 1824 1038 ,

313 1050 413 1080 forsan
439 1054 504 1087 quis
522 1052 550 1081 in
571 1053 695 1090 ejusdem
721 1054 846 1082 auctoris
855 1055 959 1089 verbis
979 1056 1063 1092 (29)
1085 1065 1164 1087 suam
1187 1057 1292 1092 legeret
1322 1064 1387 1091 rtp
1392 1055 1599 1090 «mensionem,
1622 1054 1717 1091 (quae
1739 1053 1826 1083 verba

314 1101 399 1160 simul
415 1111 507 1132 meum
524 1103 651 1133 indicant
669 1105 790 1141 lemma,
814 1104 881 1134 huic
896 1106 1120 1143 scriptiunculae
1138 1107 1374 1144 inscribendum)
1395 1106 1535 1136 dicentis·

998 1221 1121 1257 Αἷσχρᾶν
1138 1220 1231 1257 μέντοι
1249 1220 1297 1251 καὶ
1317 1222 1346 1251 ἐν
1368 1220 1446 1258 πάσῃ
1464 1220 1552 1258 τέχνῃ
1575 1220 1622 1250 καὶ
1639 1220 1694 1258 οὔχ
1720 1220 1823 1264 fimf&

1024 1273 1052 1301 ἐν
1068 1273 1170 1308 ἰητρικῇ
1194 1273 1280 1302 πολὺν
1299 1272 1382 1309 ὄχλον
1401 1271 1449 1301 uxi
1465 1273 1570 1305 πολλὴν
1586 1272 1648 1309 ὅφιν
1663 1272 1711 1301 uxi
1735 1271 1824 1303 πόλων

1023 1323 1106 1355 λόγον
1123 1334 1327 1361 wama-zona,
1349 1323 1448 1354 ἔπειτα
1463 1323 1549 1359 μηδὲν
1567 1325 1727 1359 ὠφελῆσαι.

347 1452 429 1489 (26)
454 1455 478 1489 J.
502 1457 538 1485 G.
561 1457 702 1483 Bernstein
725 1457 808 1490 Epist.
829 1456 862 1482 ad
881 1458 1032 1490 Bonninm,
1052 1459 1144 1484 sistens
1165 1459 1270 1487 observ.
1297 1460 1380 1487 luxat,
1403 1459 1501 1484 femor.
1526 1465 1580 1484 cet.
1603 1467 1629 1490 p.
1650 1459 1690 1485 16.
1709 1459 1817 1485 scribit:

313 1518 330 1533 ,0
348 1501 511 1527 difficultates
524 1521 532 1533 ‚
550 1503 634 1535 quoad
658 1504 757 1529 brachii
777 1503 947 1530 directionem
966 1506 990 1530 in
1013 1504 1116 1531 diversa
1136 1507 1268 1532 luxatione
1284 1507 1374 1532 evitari
1392 1511 1519 1538 possunt,
1548 1504 1663 1530 machina
1685 1505 1821 1530 reductio-

300 1548 350 1575 ‚nis
365 1548 591 1580 Brunnighausenii
607 1549 721 1575 adhibita
738 1562 773 1570 —
789 1550 854 1575 haec
878 1552 939 1576 satis
964 1552 1049 1576 valere
1068 1552 1171 1577 videtur
1189 1552 1306 1578 machina
1321 1552 1350 1577 ad
1369 1552 1567 1582 extensimiem,
1587 1556 1614 1575 ut
1631 1558 1693 1576 vero
1709 1546 1817 1576 contra»

313 1595 430 1619 extensio
445 1594 488 1619 fiat
499 1613 506 1625 ‚
527 1595 640 1621 laudatur
655 1596 774 1628 inprimis
789 1604 925 1629 apparatus
944 1596 1132 1623 Schnetd'eri.”
1170 1598 1220 1624 Vix
1239 1606 1303 1632 opus
1319 1606 1372 1630 est,
1391 1604 1419 1623 ut
1435 1603 1571 1628 notemus,
1590 1597 1731 1624 machinam
1747 1596 1817 1623 Hus-

313 1641 439 1665 senianam
459 1648 483 1665 et
504 1648 592 1666 nostro
609 1649 723 1674 tempore
742 1642 816 1668 laude
832 1642 1005 1674 dignissimam
1021 1645 1141 1671 censeri.
1800 1648 1803 1650 ’

347 1684 426 1721 (27)
446 1688 462 1713 1.
481 1695 504 1714 c.
524 1687 558 1713 de
575 1688 701 1714 fracturis.

346 1725 428 1766 (²28)
451 1734 607 1762 Mochlzcus.
627 1743 653 1767 p.
675 1742 733 1767 141.

347 1778 429 1815 (29)
450 1781 529 1814 Ηίρρ.
547 1781 578 1806 de
593 1787 638 1808 art.
658 1782 721 1807 Sect
753 1780 798 1808 VI.
818 1788 848 1813 p.
860 1786 894 1816 79
910 1780 936 1806 in
950 1780 1011 1808 fine.
1035 1781 1076 1808 ed.
1094 1783 1171 1809 Foes.
1192 1789 1264 1816 1595.

1043 1962 1113 2014 ff.
