1919 2511
707 58 1116 93 ORATIO.
1628 74 1646 103 7

170 146 337 179 Floruisse
358 154 437 180 vero
465 142 618 177 laudibus
633 168 642 185 ,
674 154 694 176 a
720 154 781 177 sua
806 150 913 179 aetate
944 145 1077 187 alienis,
1111 145 1249 178 coluisse
1281 145 1417 179 virtutes
1433 170 1443 188 ,
1467 155 1528 180 suo
1554 151 1642 183 tem-

170 213 251 246 pore
274 204 460 246 ignoratas3
489 211 531 233 en
559 200 638 233 illud
661 201 776 233 A.A.!
810 202 899 236 unde
929 202 997 236 veri
1025 202 1169 234 nominis
1197 202 1405 245 ingeniosum
1434 207 1465 235 et
1484 202 1641 245 doctum,

170 259 259 292 unde
286 260 471 302 sapientem
496 262 529 289 et
556 258 682 299 justum
704 256 815 291 virum
842 267 1072 302 agnoscamus.

215 315 316 359 Quod
340 316 369 348 si
393 314 694 357 jureconsultorum
716 318 911 346 nostrorum
938 314 1056 346 merita
1089 313 1123 346 in
1149 313 1383 357 amplificanda
1410 314 1643 358 jurispruden-

155 373 215 406 ·tia
241 372 284 405 ad
313 372 471 414 temporis
505 372 690 412 rationem,
722 375 760 403 ut
793 380 857 414 par
889 375 960 412 est,
991 370 1145 414 exigatiS,
1175 371 1367 412 invenietis,
1398 380 1530 414 semper
1562 380 1639 413 eos,

157 434 228 462 -aut
251 427 448 471 perfecisse,
471 426 560 470 quod
581 427 635 459 alii
660 425 892 468 inchoassent,
916 432 975 459 aut
1005 425 1202 468 inchoasse,
1227 426 1316 470 quod
1343 425 1399 459 alii
1425 426 1639 470 perficerent,

169 484 317 528 adeoque
345 489 548 517 crescentem
577 483 747 527 magisque
774 484 808 517 in
835 483 904 516 dies
926 488 1059 515 auctam
1080 482 1323 516 humanitatem
1358 483 1481 527 egregie
1512 493 1644 526 semper

167 541 204 573 in
231 549 309 573 suos
338 549 420 572 usus
443 540 659 579 convertisse,
682 544 755 572 tum
775 548 854 574 vero
884 538 1082 583 aliquando,
1117 549 1195 572 cum
1217 539 1308 582 apud
1336 545 1467 573 exteros
1496 545 1554 573 aut
1581 549 1639 572 re-

167 597 353 630 mitteretur
379 595 461 639 juris
477 595 647 637 studium,
676 596 860 629 autminus
882 600 958 639 apte
972 600 1191 637 tractaretur,
1214 594 1294 628 illud
1315 605 1375 639 per
1403 606 1538 629 omnem
1567 598 1640 628 Eu-

167 663 287 696 ropam
314 653 538 692 instaurasse,
564 652 622 685 sed
646 653 691 686 ita
706 677 716 694 ,
747 657 784 686 ut
810 662 903 685 nunc
925 650 1062 684 demum
1082 650 1183 693 juris
1211 650 1320 684 studio
1339 651 1565 696 prudentiae
1590 651 1643 685 ci—

169 708 256 744 vilis
278 710 363 743 ratio
390 710 567 751 conjuncta
592 718 663 741 esse
686 708 862 743 videretur.

211 766 300 798 Juris
318 766 534 809 «disciplinam
554 765 675 809 Belgae
693 776 761 799 non
779 766 891 798 minus
905 789 917 807 ,
940 773 1042 809 quam
1063 765 1167 798 exteri
1189 763 1382 808 interpretes
1395 789 1405 806 ,
1429 764 1644 798 excoluerunt

168 823 302 855 saeculo
332 828 425 855 sexto
451 822 579 855 decimo
605 827 636 855 ct
658 823 825 865 sequentis
852 821 976 854 saeculi
999 819 1104 854 initio.
1150 823 1236 854 Prae
1263 819 1378 854 ceteris
1409 819 1508 854 totius
1529 823 1640 854 Euro-

169 889 232 922 pae
254 880 485 921 jureconsultis
505 889 719 922 germanam,
744 888 828 921 quae
860 878 928 910 fere
957 877 1145 919 interierat,
1169 878 1249 920 juris
1275 876 1485 920 disciplinam
1510 876 1643 910 instau-

168 940 288 968 rarunt
306 935 368 969 sub
386 936 489 968 finem
513 936 635 968 saeculi
658 934 789 977 septimi
809 933 941 966 decimi.
986 935 1102 977 Itaque
1124 934 1209 966 illius
1237 933 1343 966 laudis
1355 958 1365 975 ,
1389 934 1431 966 sit
1454 934 1528 966 licet
1549 933 1640 967 haud

172 992 310 1035 exigua,
335 998 466 1036 partem
487 997 600 1024 tamen
622 990 685 1022 sibi
704 990 873 1024 vindicant
903 994 1052 1031 tempora
1065 1013 1075 1030 ,
1106 988 1227 1032 quibus
1255 990 1413 1031 floruere,
1444 990 1641 1033 interpretes

167 1049 290 1090 exteri,
315 1050 371 1092 qui
398 1050 462 1082 una
492 1058 569 1081 cum
592 1044 699 1089 Belgis
722 1044 1016 1089 jurisprudentiam
1039 1045 1164 1088 egregie
1191 1046 1423 1086 excoluerunt3
1450 1045 1539 1079 hanc
1561 1056 1639 1080 vero

167 1103 230 1136 sibi
253 1106 424 1148 propriam
444 1103 522 1137 dicit
538 1108 653 1136 nostra
676 1101 777 1142 haec,
800 1106 914 1134 nostra
927 1125 937 1142 ,
961 1100 1099 1144 inquam
1112 1125 1121 1142 ,
1134 1100 1264 1144 patria.

211 1162 258 1193 Ut
279 1160 402 1204 duplex
426 1165 476 1193 est
503 1159 587 1192 haec
610 1157 874 1198 animadversio,
896 1157 963 1198 sic,
986 1162 1104 1201 sponte
1130 1158 1226 1201 quasi
1250 1158 1330 1199 sua,
1351 1158 1387 1191 in
1412 1157 1495 1191 duas
1513 1167 1642 1203 quoque

167 1220 278 1259 partes
306 1216 376 1250 abit
394 1222 510 1250 nostra
536 1213 652 1249 oratio.

212 1272 365 1306 Studium
389 1273 535 1306 Romani
555 1271 636 1315 juris
662 1277 738 1306 ante
762 1271 934 1304 saeculum
966 1275 1099 1302 sextum
1125 1268 1315 1310 decimum,
1339 1269 1372 1303 id
1393 1275 1442 1302 est
1467 1271 1642 1305 Glossato—

166 1339 244 1362 rum
273 1335 397 1372 aetate,
421 1331 518 1373 plane
546 1334 616 1362 erat
641 1327 864 1372 exegeticum:
902 1327 938 1359 in
965 1326 1156 1369 explicanda
1191 1325 1397 1369 singularum
1424 1327 1532 1371 legum
1561 1338 1642 1361 sen-

167 1384 284 1427 tentia,
309 1385 511 1431 argumentis
537 1397 578 1419 ex
596 1386 667 1419 aliis
692 1384 816 1429 legibus
840 1382 969 1427 petitis,
994 1388 1205 1426 occupatum.
1253 1385 1428 1415 Caeterum
1447 1383 1640 1417 nesciebant

167 1442 376 1475 Glossatores
400 1453 536 1476 omnem
562 1441 629 1474 fere
653 1440 883 1485 antiquitatem
903 1464 911 1480 ,
945 1438 1118 1482 ipsamque
1144 1439 1263 1482 Populi
1293 1441 1438 1472 Romani
1466 1439 1638 1474 historiam

164 1497 379 1541 ignorabant,
402 1505 440 1532 ut
460 1500 571 1532 minus
592 1497 784 1531 mirandum
807 1496 957 1530 videatur
971 1521 980 1537 ,
1004 1505 1064 1528 eos
1088 1497 1221 1538 saepius
1246 1496 1450 1539 ineptissima
1478 1497 1637 1540 protulis-

166 1563 223 1596 se,
247 1566 350 1598 quam
373 1565 618 1598 nonnunquam
642 1555 751 1597 ipsam
772 1564 843 1586 rem
868 1562 931 1584 acu
956 1552 1105 1595 tetigiSse.

210 1612 343 1644 Mutata
365 1617 414 1644 est
436 1611 522 1645 haec
545 1612 629 1643 ratio
654 1609 695 1642 ab
723 1620 762 1642 eo
784 1609 859 1642 inde
884 1613 1032 1652 tempore
1046 1633 1055 1650 ,
1080 1618 1166 1652 quo,
1190 1607 1313 1640 renatis
1335 1608 1370 1641 in
1391 1609 1484 1643 Italia
1503 1611 1562 1649 litt(
1571 1611 1617 1645 ris
1627 1637 1643 1654 ,Α

165 1677 267 1710 quam
289 1674 382 1702 arcta
401 1674 488 1701 esset
508 1668 633 1700 litteras
665 1666 750 1699 inter
777 1671 809 1698 et
834 1664 1129 1708 jurisprudentiam
1155 1663 1364 1698 necessitudo
1387 1691 1396 1707 ‚
1426 1668 1639 1702 animadver-

165 1728 275 1756 terant
305 1726 375 1766 ers
408 1725 560 1758 cultores.
604 1724 812 1755 AL01Arus
835 1722 959 1762 Italus,
984 1732 1165 1754 BUDAEUS
1186 1721 1320 1754 natione
1349 1724 1640 1766 Franco-Gallus,

166 1791 304 1813 zAsms
330 1783 535 1822 Germanus,
564 1780 663 1823 primi
693 1779 878 1811 litterarum
905 1778 1019 1810 lumen
1044 1776 1321 1819 Jurisprudentiae
1351 1780 1552 1812 attulerunt:
1576 1791 1636 1813 eo·-

166 1835 308 1880 demque
332 1836 400 1869 fere
423 1842 589 1879 tempore,
613 1836 738 1866 mutata
771 1844 944 1866 sacrorum
971 1834 1100 1865 ratione
1134 1843 1174 1864 ac
1207 1832 1369 1866 debilitata
1401 1834 1638 1879 imminutaque

164 1894 247 1936 juris
272 1887 430 1926 Canonici
447 1894 480 1928 vi
502 1898 600 1935 atquc
624 1889 778 1931 arbitrio,
802 1900 928 1923 novum
949 1889 1103 1932 idemque
1124 1889 1318 1921 maximum
1330 1891 1451 1924 exstitit
1471 1891 1515 1924 ad
1533 1902 1635 1925 exco-

164 1948 298 1982 lendam
317 1948 610 1993 jurisprudentiam
631 1949 822 1979 Romanam
849 1949 1069 1978 momentum.

205 2006 309 2040 Hisce
331 2003 631 2050 opportunitatibus
640 2027 657 2045 ,.
683 2001 776 2046 apud
799 2011 921 2036 omnes⁴
942 2001 1010 2035 fere
1037 2000 1196 2035 cultioresv
1222 2007 1355 2045 gentes,
1387 2003 1438 2036 usi
1471 2008 1549 2036 sunt
1572 2002 1635 2037 viri
1675 2039 1679 2043 ,

1529 2058 1645 2103 docti,
