1919 2511
605 112 1062 146 'ORATIQ
1537 121 1580 153 53

117 202 347 241 professorum
373 203 502 239 animos
527 202 620 239 omni
645 204 744 239 modo
765 204 828 238 sibi
857 203 1024 249 devinxit,
1044 212 1085 247 et
1107 208 1283 243 virtutibus
1305 210 1373 243 suis
1397 213 1586 255 exemplum

117 261 362 309 sesepraebuit
384 264 547 307 optimum
572 261 740 296 studiosae
767 263 941 305 juventuti.

183 322 308 366 Quanti
324 320 424 355 faciat
439 319 663 367 Professores,
687 321 851 369 imprimis
868 330 942 362 οοε,
966 332 1049 365 quos
1067 329 1299 367 praeceptores
1317 324 1451 368 habuit,
1477 337 1588 371 quan·

117 384 252 423 tumque
277 385 392 410 eorum
418 375 609 421 disciplinae
636 375 780 420 pretium
803 383 929 412 statuat
945 403 955 421 ‚
988 379 1066 412 data
1097 383 1214 424 quavis
1249 384 1444 425 occasione,
1476 386 1588 428 palam

116 427 227 470 adhuc
241 435 413 480 profitetur
436 433 553 468 nobilis
579 434 629 467 ille
655 435 827 478 Princeps.

149 532 152 534 .
178 491 367 525 Adfuerunt
390 497 559 535 praeterea
589 490 674 524 bene
697 492 813 535 multi,
849 498 882 526 et
903 493 1025 529 adsunt
1049 495 1168 538 hodie,
1202 496 1258 541 qui
1284 507 1325 531 ex
1356 499 1457 533 nobili
1486 502 1588 546 stirpe

116 542 186 582 nati
199 572 209 589 ,
230 558 298 580 non
316 547 535 591 dedignantur
546 572 556 588 ‚
579 558 677 581 verae
691 548 874 592 sapientiae
888 558 1066 596 praecepta
1082 564 1124 586 ex
1146 557 1284 597 perenni
1302 557 1502 591 Academiae
1526 570 1592 592 no·-

114 597 202 637 sime
220 604 314 641 fonte,
328 603 481 646 haurire,
501 607 613 648 eaque
627 607 769 638 memori
789 613 901 640 mente
926 608 1054 642 volvere
1076 615 1108 642 et
1125 611 1300 645 custodire.

177 664 332 704 Quantus
361 661 502 708 denique
536 660 660 694 ultimis
694 664 860 708 imprimis
898 664 996 699 annis
1025 665 1122 700 fuerit
1157 679 1339 702 concursus
1370 671 1585 717 Principum,

113 720 282 760 Heroum,
305 707 605 752 celeberrimorum
625 720 661 753 in
679 722 771 753 omni
790 721 1020 756 doctrinarum
1038 734 1157 767 genere
1178 726 1336 759 Virorum
1350 752 1359 769 ,
1383 730 1588 775 aliorumque

113 768 171 821 qui
199 786 241 809 ex
259 776 444 819 longinquis
469 777 570 809 etiam
590 778 780 821 regionibus
801 779 889 812 hanc
909 779 1063 813 adierunt
1090 781 1207 814 urbem
1219 808 1229 824 ‚
1253 783 1341 816 fama
1361 787 1601 826 Universitatis,

117 830 243 873 allecti,
273 836 311 864 ut
339 833 472 873 omnia,
501 829 585 875 quae
611 832 666 866 hic
689 833 928 878 inveniuntur,
959 837 1063 870 oculis
1091 838 1290 883 lustrarent,
1323 842 1486 876 similibus
1511 856 1590 880 cum

111 886 267 924 institutis
300 894 534 932 compararent
547 912 559 930 ,
589 890 742 934 ipsosque
775 892 875 924 Viros
908 892 1117 927 clarissimos
1149 897 1331 930 salutatum
1359 904 1587 937 convenirent!

114 943 187 977 Hos
212 953 329 976 omnes
352 944 388 977 in
409 943 664 978 admirationem
689 948 802 989 raptos
813 970 824 988 ,
845 952 961 983 nostra
982 947 1133 985 instituta
1156 952 1316 996 probasse
1332 980 1342 998 ,
1366 955 1493 1000 quoties
1513 970 1588 993 me-

109 1013 189 1037 cum
214 996 314 1037 testes
337 1003 459 1037 oculati
478 1003 604 1039 vidistis
628 1011 661 1039 et
680 1005 862 1041 audivistis.

116 1111 130 1162 J
174 1120 270 1154 Haec
298 1117 411 1154 omnia
438 1118 467 1154 si
494 1119 742 1155 consideramus
757 1146 767 1165 ,
800 1122 874 1167 quis
898 1124 1078 1165 Vestrum,
1105 1123 1147 1156 A.
1175 1122 1233 1166 A„
1258 1125 1341 1160 mihi
1372 1138 1441 1162 non
1467 1139 1586 1165 assen-

108 1176 230 1219 fiatur,
252 1178 464 1212 verissimum
483 1188 574 1218 esse,
600 1179 689 1223 quod
706 1180 852 1214 diximus
865 1206 876 1224 ‚
897 1182 986 1216 hanc
1005 1188 1157 1216 nostram
1179 1185 1359 1218 Musarum
1377 1187 1492 1220 sedem
1514 1201 1584 1224 non

108 1238 242 1267 tantum
266 1233 369 1268 fuisse
395 1242 647 1279 consenratam,
671 1236 730 1271 sed
749 1236 927 1283 postremis
951 1240 1115 1284 imprimis
1140 1240 1238 1274 annis
1259 1242 1407 1276 maxime
1436 1245 1583 1289 amplifi-

107 1296 229 1323 eatam.

170 1348 300 1381 Verum
315 1348 420 1382 simul
443 1358 640 1392 persuasum
656 1350 761 1385 Vobis
784 1352 953 1395 habeatis,
979 1355 1025 1387 D.
1050 1355 1093 1388 Ο.
1110 1356 1158 1387 Μ.
1184 1355 1445 1400 providentiam,
1469 1360 1497 1392 si
1513 1370 1582 1393 un-

106 1412 209 1446 quam
222 1428 233 1446 ,
257 1410 345 1437 certe
368 1403 459 1439 hisce
484 1408 720 1451 quinquaginta
744 1410 842 1441 annis
860 1411 896 1442 in
921 1410 1083 1443 servanda
1101 1415 1134 1443 et
1154 1410 1387 1454 amplificanda
1412 1413 1477 1447 hac
1493 1417 1578 1449 Aca-

107 1457 217 1492 demia
236 1469 306 1493 non
323 1461 434 1493 minus
450 1461 553 1494 fuisse
576 1463 810 1506 manifestam,
833 1475 935 1508 quam
955 1465 991 1498 in
1015 1476 1055 1499 ea
1076 1465 1248 1507 condenda
1272 1473 1304 1501 et
1331 1470 1453 1503 tuenda
1477 1481 1581 1516 supe-

107 1506 250 1548 rioribus
276 1515 407 1549 seculis.

167 1570 277 1605 vNobis
307 1571 397 1606 enim
431 1584 692 1609 omurrornns
733 1574 822 1610 dedit
853 1588 1021 1621 uacum,
1053 1590 1096 1612 ex
1128 1575 1231 1613 nobili
1268 1581 1368 1624 stirpe
1399 1583 1581 1620 Arausiaca

103 1631 338 1662 GUILIELMI
361 1641 478 1664 Pium
499 1637 635 1674 natum,
652 1632 809 1666 omnibus
825 1641 1029 1678 proavorum
1043 1634 1220 1670 virtutihus
1238 1644 1414 1681 ornatum,
1436 1651 1580 1686 eumque

103 1683 161 1728 *cui
177 1683 258 1717 nihil
279 1684 372 1728 prius
397 1692 455 1719 aut
474 1689 643 1732 antiquius
663 1695 735 1731 est,
757 1700 859 1734 quam
878 1691 1002 1734 populo
1023 1702 1106 1734 suo,
1125 1694 1240 1737 quovis
1261 1695 1361 1729 modo
1379 1699 1578 1742 prospicere.

167 1739 234 1773 Hic
258 1738 371 1784 enim,
404 1755 632 1778 cunarum
655 1743 761 1788 illius,
796 1747 852 1790 qui
878 1746 968 1781 hanc
996 1747 1214 1783 Academiam
1242 1752 1408 1795 condidit,
1445 1758 1579 1792 consilia

103 1795 238 1840 plurimi
263 1797 408 1840 facienS,
438 1805 613 1846 ratumque
637 1801 766 1836 habens
792 1805 999 1847 propositum
1013 1829 1024 1847 ‚
1057 1817 1194 1840 omnem
1227 1809 1382 1842 movendi
1411 1811 1553 1855 lapidem
1569 1840 1580 1858 ,

107 1858 145 1885 ut
167 1852 321 1901 juvenilia
344 1854 475 1899 ingenia
498 1865 598 1892 verae
618 1859 787 1893 doctrinae
805 1859 977 1904 principiis
1003 1861 1199 1897 imbuantur
1212 1889 1224 1907 ,
1247 1875 1291 1897 ne
1314 1866 1355 1899 iis
1379 1876 1513 1902 necesse
1537 1873 1581 1905 sit

104 1907 246 1941 aliarum
270 1910 446 1945 nationum
476 1914 675 1949 Academias
700 1914 814 1959 adire3
837 1916 920 1952 nihil
946 1918 1046 1954 nimis
1072 1920 1237 1964 arduum,
1269 1922 1350 1957 nihil
1375 1921 1474 1959 nimis
1496 1927 1580 1961 diffi-

106 1962 167 2009 cile
190 1971 350 2008 superata
373 1968 519 2003 credidit.
565 1973 642 2006 Non
673 1978 806 2007 tantum
837 1976 1003 2020 Principis
1026 1989 1079 2011 ou
1093 1989 1262 2013 inu-:mu
1286 1993 1408 2015 mauu
1431 1983 1581 2018 admira-

99 2023 180 2064 tor,
200 2020 261 2072 ‚sed
283 2022 449 2069 imitator,
480 2029 645 2073 optimum
673 2030 766 2066 illum
793 2045 973 2067 Pin-nun
995 2045 1160 2069 mia-nnn
1185 2035 1284 2071 variis
1309 2038 1418 2071 modis
1439 2049 1581 2084 supera-

104 2085 144 2109 re
166 2077 271 2112 scivit.

869 2148 899 2180 E
1499 2153 1576 2186 Cui-
