1919 2511
281 105 511 137 RESPosto
539 115 582 136 AD
612 100 929 142 QUAESTIONEM
960 98 1292 130 THEOLOGICAM.
1514 111 1553 141 55

28 190 113 221 ficos
132 197 208 220 arma
223 188 484 226 ferre,'pugnare,
505 188 535 218 in
563 189 677 217 hostem
705 186 767 221 ire;
789 184 825 212 iis
853 189 963 212 tantum
987 182 1135 218 exceptis,
1159 181 1210 218 qui
1227 182 1261 210 ad
1290 191 1367 213 sacra
1388 184 1417 214 in
1442 186 1545 215 castr-Is

29 242 161 271 obeunda
188 240 362 278 eligerentur
385 241 468 277 (1).
517 241 610 278 Quam
635 241 727 274 legem
754 241 855 273 postea
883 235 912 263 in
930 234 1149 263 desuetudinem
1177 233 1283 262 abiisse
1310 234 1430 271 opinor.
1470 236 1545 266 Nam

27 293 113 323 initio
140 291 211 322 noni
237 293 344 322 saeculi
369 293 497 328 populus
522 291 615 320 oravit
645 290 866 326 imperatorem,
887 292 919 314 ut
945 285 1145 315 sacerdotibus
1173 284 1319 314 bellorum
1340 285 1545 317 immunitatem

27 343 180 374 tribueret.
221 344 280 374 Cui
306 343 440 381 petitioni
462 343 562 373 annuit
584 349 771 379 veteremque
801 343 892 379 legem
920 339 1088 370 instauravit
1120 338 1202 376 (2).
1247 338 1308 376 Jam
1336 345 1401 368 ante
1428 348 1546 377 quoque

26 392 160 427 nmetuerat
186 395 346 425 sacer-dotes
374 402 423 424 aut
441 403 635 433 paganorum,
657 401 706 424 aut
736 393 968 424 christianorum
993 391 1160 428 sanguinem
1186 389 1308 419 fundere
1329 390 1411 428 (3).

69 444 206 475 Carolum
229 446 311 475 enixe
338 446 503 483 studuisse,
530 453 563 475 ut
588 446 757 476 inferiorum
785 446 918 475 ordinum
948 444 1044 473 clerici
1069 441 1222 480 praefectis
1246 441 1306 471 suis
1333 441 1550 479 religiosissime

27 494 289 533 ¹obtemperarent,
319 505 379 527 non
404 504 448 526 est
475 498 554 533 quod
577 505 720 527 moneam.
760 496 874 526 Attinet
894 505 966 526 vcro
989 494 1174 530 meminisse,
1203 502 1266 522 eum
1293 499 1376 522 caute
1399 494 1549 529 providere

26 547 164 576 conatum
187 556 270 584 esse,
291 557 327 578 ne
348 547 569 585 metropolitani
597 548 749 585 episcopi,
778 556 901 584 quorum
924 551 1097 584 prostratam
1121 545 1182 574 fere
1204 545 1401 575 auctoritatem
1420 545 1454 574 ad
1477 545 1552 581 pris-

26 599 118 629 tinam
150 600 269 636 gloriam
296 607 427 630 evexerat
449 602 542 642 (4),
571 602 649 637 leges
674 600 730 629 sibi
753 598 903 635 impositas
923 597 1121 635 despicerent,
1143 603 1191 625 aut
1215 595 1389 633 negligentia
1410 596 1548 632 praeteri·

30 649 107 679 'rent-
147 649 234 681 Hunc
258 660 377 688 quoque
401 651 432 680 in
465 651 558 681 finem·
579 651 684 680 missos
713 651 876 681 dominicos
901 648 1008 680 creavit
1023 649 1036 685 ’,
1062 649 1143 685 'quos
1169 647 1357 685 potissimum
1385 657 1419 676 ex
1447 648 1547 676 aulicis

28 702 184 738 sumebat,
213 703 352 739 probatos
379 713 412 734 ac
440 705 537 742 justos
562 703 654 734 viros.
702 704 815 732 Horum
842 702 949 739 singuli
973 700 1148 738 provinciam
1177 699 1234 728 sibi
1259 699 1413 734 creditam,
1446 699 1548 727 dictam

32 751 224 790 missaticam,
251 754 461 791 circumibant,
483 763 654 792 summoque
675 763 740 783 cum
767 754 864 783 studio
888 753 917 782 in
940 760 1067 782 normam
1098 750 1302 786 inquirebant,
1325 751 1381 785 qua
1403 758 1466 777 cuni
1491 758 1549 785 epi<

32 804 139 840 scopi,
167 811 227 834 tum
251 806 338 834 ceteri
358 813 386 836 et
408 806 545 836 ecclesiae
572 813 600 835 et
626 805 748 835 civitatis
768 804 926 842 praefecti,
946 809 1125 839 =utercntur3
1157 810 1228 837 quae
1253 809 1351 830 eorum
1379 806 1453 828 esset
1479 808 1551 829 con·

33 855 130 885 cordia
158 862 187 885 et
211 856 352 894 amicitia,
373 867 440 887 num
462 858 558 887 bonos
579 857 654 887 infra
679 866 710 886 se
732 857 896 895 praefectos
916 861 1066 891 crearent,
1100 863 1155 890 qua
1179 852 1289 882 ratione
1311 851 1416 890 judicia
1443 851 1551 880 ferrent

33 914 88 941 tam
107 906 326 948 ecclesiastica,
357 920 440 947 quam
470 911 558 948 regia.
599 910 789 940 Incumbebat
812 909 912 946 legatis
936 915 1029 937 autem
1055 906 1200 942 corrIgere
1223 912 1255 933 ac
1276 903 1442 937 emendare,
1471 902 1552 938 quic-

35 960 105 997 quid
129 962 326 991 emendatione
352 961 518 999 indigeret3
550 963 630 999 quod
653 962 803 991 restituere
829 970 890 991 non
914 961 1043 990 valerent
1059 979 1070 994 ,
1105 965 1198 993 neque
1226 955 1358 984 dirimere
1374 975 1384 991 ,
1412 955 1443 982 id·
1467 962 1552 984 omne

33 1013 199 1051 imperatori
226 1013 369 1043 deferrent
397 1015 477 1051 (5).
520 1014 583 1043 Sibi
608 1014 690 1044 etiam
718 1013 912 1050 cognitionem
937 1018 1100 1040 caussarum
1123 1007 1281 1037 reservavit
1312 1015 1382 1042 quas
1407 1012 1553 1043 magnates

33 1063 146 1101 imperii
170 1063 237 1099 sui,
257 1071 286 1094 et
308 1064 429 1102 civiles,
452 1072 480 1095 et
502 1065 712 1102 ecclesiastici,
740 1069 903 1094 moverent.
944 1061 1023 1091 Olim
1049 1069 1081 1089 ea
1099 1067 1212 1096 semper
1235 1058 1269 1087 ad
1289 1057 1468 1094 singulorum
1487 1065 1558 1092 pro-

32 1114 143 1144 vinciae
166 1115 271 1154 judicia
294 1116 470 1154 pertinuerat
491 1117 572 1155 (6).
612 1116 746 1154 Denique
770 1114 917 1154 praecepit
943 1113 1056 1151 populo
1078 1120 1114 1141 ne
1136 1119 1167 1139 se
1188 1109 1223 1139 ab
1251 1107 1398 1146 episcopis
1428 1107 1554 1144 opprimi

34 1170 200 1204 paterentur
221 1168 300 1206 (7).

71 1212 140 1246 Nec·
163 1216 258 1254 ipsum
285 1217 454 1247 Pontificem
486 1218 648 1248 Maximum
678 1219 924 1250 admonitionibus
949 1217 1010 1247 suis
1040 1215 1219 1253 superiorem
1248 1211 1378 1250 putabat.
1432 1211 1555 1240 Exstant

34 1268 108 1298 enim
133 1268 247 1298 litterae
274 1278 345 1306 quas
364 1269 400 1298 ad
424 1269 650 1307 Angilbertum,
679 1279 768 1301 unum
790 1280 824 1300 ex
847 1269 956 1300 intimis
984 1267 1066 1303 saie,
1090 1266 1249 1296 Homerum
1274 1264 1403 1297 dictum,
1425 1262 1556 1299 conscri-

33 1314 105 1356 psit.
145 1315 202 1349 His
223 1325 317 1349 autem
343 1328 406 1348 eum
422 1339 434 1355 ‚
460 1319 581 1350 Romam
607 1321 643 1351 ad
668 1321 796 1351 Leonem
822 1321 925 1358 Papam
956 1326 1071 1349 euntem
1090 1335 1104 1354 ,-
1131 1318 1264 1346 hortatur
1281 1335 1293 1351 ,
1323 1321 1355 1343 ut
1383 1313 1553 1351 opportuna

34 1370 98 1400 desa
122 1370 298 1408 occasione,
319 1371 471 1408 diligenter
488 1371 517 1400 in
536 1371 645 1401 Leonis
666 1373 830 1402 memoriam
851 1379 990 1407 revocet,
1014 1379 1085 1407 qjuae
1111 1368 1136 1398 ei
1159 1367 1306 1397 incumbat
1331 1366 1406 1395 vitae
1426 1373 1554 1394 morum-

28 1425 102 1458 que·
117 1418 274 1456 honestas,
296 1431 369 1459 quae
388 1422 415 1451 ei
439 1422 625 1452 vindicandae
653 1424 711 1453 sint
736 1426 834 1461 leges,
857 1425 915 1461 qua
931 1422 986 1452 Dei
1008 1421 1128 1450 ecclesia
1153 1418 1334 1456 gubernanda
1358 1417 1396 1446 sit
1420 1417 1526 1453 pietate
1540 1434 1551 1451 ,

31 1477 250 1509 ‘quazm‘paucos
274 1467 366 1503 annos
391 1473 536 1511 praesenti
564 1474 673 1503 honore
698 1474 834 1511 fruatur,
865 1483 936 1511 q-uae
963 1482 1032 1504 vero
1063 1470 1194 1509 diligenti
1214 1469 1392 1505 assiduoque
1419 1467 1556 1496 ministro

37 1523 185 1552 recondita
206 1523 244 1552 sit
270 1523 486 1553 innumerorum
510 1534 649 1554 annorum
678 1535 787 1555 merces
806 1526 884 1564 (Β).

47 1572 152 1603 Α’ῐ-Ῑ.·κκ;
178 1574 214 1603 de
239 1574 385 1612 episcopis
412 1582 440 1605 et
465 1576 675 1606 sacerdotibus.
713 1578 780 1619 Jm,
798 1586 889 1614 pauca
910 1577 945 1605 de
970 1573 1118 1605 monachis
1143 1579 1171 1602 et
1195 1571 1343 1602 canonicis
1369 1570 1517 1599 addamus».

52 1622 284 1655 Mona-‚horum
304 1619 414 1655 summa
436 1633 496 1656 erat
520 1636 554 1657 eo
578 1634 709 1665 tempore
732 1629 889 1658 auctoritas
909 1635 937 1658 et
960 1633 1102 1666 potestas·
1144 1625 1212 1654 Vita
1235 1621 1394 1653 monastica
1413 1620 1551 1650 sanctita-

233 1681 235 1683 ’
1514 1678 1554 1700 tis

68 1756 135 1792 (r)
152 1759 219 1791 cap.
236 1766 260 1787 a.
276 1760 338 1793 769.
355 1767 382 1787 n.
401 1768 427 1788 α.
531 1760 600 1796 (2)
619 1763 672 1796 Ap.
691 1762 778 1795 Bouq.
796 1770 823 1795 p.
838 1762 897 1789 668.
918 1769 975 1795 sqq.
1078 1757 1144 1793 (3)
1164 1758 1231 1791 0³9·
1249 1764 1272 1784 a.
1290 1756 1350 1790 769·
1375 1763 1401 1783 1¹·
1421 1762 1445 1787 3-

67 1801 84 1838 (
94 1803 135 1839 4)
153 1805 214 1832 Vid.
231 1806 310 1834 Hadr.
328 1806 369 1834 ad.
388 1806 556 1834 Bertherium
575 1808 669 1837 Vienn.
686 1816 729 1842 ep.
746 1809 977 1842 metropolitanum
994 1815 1040 1841 ap.
1055 1806 1140 1832 Man-si
1166 1812 1185 1832 t.
1200 1806 1262 1833 ΧΗ.
1286 1812 1315 1837 Ρ·
1332 1804 1390 1837 847.
1408 1803 1447 1831 Cf·
1467 1801 1546 1835 capit.

33 1858 63 1879 1..
70 1853 138 1886 779.“
150 1859 176 1880 n.
190 1859 215 1880 r.
232 1853 320 1880 conc.
337 1854 461 1887 Aquisgr.
479 1862 502 1882 a.
512 1862 572 1889 7¹9·
590 1863 615 1882 n.
627 1864 655 1884 2.
672 1864 713 1889 ap.
730 1856 785 1883 Bal.
805 1864 834 1889 p.
852 1855 915 1887 316.

16 1933 19 1935 ‚
68 1895 132 1933 (1)
151 1897 193 1925 Ex
212 1899 352 1925 Flodoardi
368 1900 429 1926 hist.
448 1900 527 1928 Rem.
548 1902 566 1927 l.
583 1902 621 1930 11¹.
638 1910 664 1929 c.
685 1903 724 1931 18.
747 1903 807 1930 Vid.
825 1910 885 1936 cap.
905 1909 928 1929 a.
942 1903 1004 1928 802.
1022 1909 1048 1934 p·
1062 1899 1121 1932 659.
1141 1906 1182 1932 ap.
1201 1899 1289 1931 B'ouq.
1307 1897 1339 1924 de
1357 1898 1449 1925 missis.
1484 1896 1544 1923 Vid-

4 1969 6 1975 .
33 1944 157 1979 touque:
177 1953 209 1972 ex
234 1947 343 1974 cointio
367 1955 394 1980 p.
407 1948 467 1975 802.
501 1949 654 1975 sirmondus
673 1957 736 1983 opp.
764 1956 783 1976 t.
801 1950 836 1977 11.
855 1948 886 1975 ad
904 1947 1045 1974 Theodulf.
1063 1946 1152 1972 Aurei.
1176 1952 1218 1978 ep.
1238 1952 1315 1972 carm.
1333 1945 1351 1970 l.
1366 1944 1395 1971 1:
1417 1951 1440 1970 1.
1475 1942 1542 1969 Mis-

5 1982 7 1997 *
31 1998 118 2019 sorum
135 1992 300 2020 creandorum
318 2001 416 2020 morem
436 1995 572 2027 Gregorius
586 1995 648 2022 VH.
666 2002 758 2029 postea
779 2003 795 2021 a·
813 1996 909 2023 carolo
930 2000 1057 2020 mutuasse
1079 1991 1200 2021 videtur,
1217 1990 1406 2016 constituendis
1421 1990 1514 2023 legatis>
1526 1995 1539 2013 a

29 2035 121 2065 1325?-
303 2038 375 2073 (2)
394 2039 454 2068 Vid.
472 2041 560 2067 Mansi
578 2042 672 2069 exn.
690 2050 717 2076 p.
729 2050 790 2076 904.
809 2042 891 2075 capit.
910 2047 933 2068 a.
949 2041 1007 2067 8r2.
1025 2047 1052 2066 u.
1067 2046 1093 2066 2.
1111 2045 1153 2070 ap.
1171 2039 1257 2070 Bouq.
1274 2045 1301 2071 p.
1315 2037 1376 2070 635.

6 2084 9 2134 ξ
65 2082 130 2119 (ἃ)
149 2084 216 2118 0²1³·
234 2089 275 2118 ¹9*-
291 2093 331 2120 ap.
349 2087 440 2115 Baluz.
457 2095 483 2121 p.
499 2094 582 2122 1077-
763 2087 835 2123 (4»)-
849 2089 900 2122 Ep.
915 2094 941 2120 92
961 2094 1003 2120 ap.
1020 2087 1108 2118 Bouq.
1129 2092 1157 2118 p.
1173 2085 1228 2116 625.

1 1765 4 1780 1

2 1811 4 1827 Ι

2 1829 5 1879 ἲ
