1919 2511
283 194 322 226 5'0
597 182 797 213 PETRI
844 179 1197 211 ABRAHAMI
1240 178 1488 218 JELTES

323 282 353 317 §.
374 289 405 318 9.
446 279 488 310 H.
509 278 640 308 Thomson
661 277 783 315 (1762).
813 276 852 314 J.
874 276 907 308 Τ.
929 276 1040 305 Ellerts
1061 274 1184 313 (1763).
1213 274 1246 303 dc
1270 275 1300 304 la
1327 274 1457 313 chapelle
1483 273 1612 303 Hamas-t
1634 273 1759 314 (1766).

529 330 649 368 Dupcmy
670 328 807 366 (1768).
845 328 876 357 S.
898 327 998 356 Pallas
1021 327 1122 364 <1770
1132 326 1159 359 ).
1201 325 1234 355 T.
1255 325 1403 354 Kirkland
1422 324 1561 363 (1770).

328 407 500 438 Anatomicfi
523 407 587 435 data
603 407 721 443 partium
734 426 744 441 ,
762 405 914 434 articulum
933 403 1044 433 humeri
1065 402 1250 431 ambientium
1265 422 1275 437 ,
1298 402 1494 438 descriptione
1515 408 1612 441 (quas
1636 403 1665 432 in
1685 401 1802 432 duobus

287 460 403 489 casibus
434 459 602 488 observasse
633 465 776 486 auctorem
798 457 945 493 legimus)
966 457 1076 493 (89),
1102 460 1267 490 sequentem
1295 453 1434 489 proponit
1467 453 1621 483 Thoinson
1643 454 1804 490 reponendi

288 511 452 539 methodum
467 530 477 545 ,
500 510 548 537 ubi
572 509 706 537 humerus
731 517 831 537 versus
856 508 1003 544 superiora
1030 515 1058 536 et
1079 507 1212 536 interiora
1232 508 1346 535 luxatus
1366 512 1409 534 est
1429 510 1535 545 (90):
1559 507 1696 536 humerus
1716 506 1802 544 (ait)

290 571 350 590 eam
373 561 457 590 debet
479 561 582 589 habere
607 560 773 589 directionis
802 560 923 595 lineam,
948 568 1021 596 quae
1045 565 1155 596 puncto
1181 557 1337 593 respondet
1363 557 1436 586 inter
1462 557 1593 586 tendines
1617 567 1657 587 m.
1679 557 1807 586 Subsca-

289 612 398 648 pularis
427 618 454 640 et
477 613 574 639 teretis
600 611 718 639 minoris
748 611 937 646 intermedio,
958 612 1034 639 unde
1058 611 1091 639 fit
1110 609 1260 644 utriusque
1283 608 1408 636 musculi
1429 614 1457 636 et
1483 608 1627 644 ligamenti
1647 607 1806 644 capsularis

289 662 446 697 relaxati03
475 661 592 690 brachio
621 669 714 690 autem
748 662 788 690 sic
817 667 928 690 retento
945 681 956 696 ‚
996 661 1116 690 inferior
1152 661 1283 696 scapulae
1313 668 1380 696 pars
1416 666 1572 688 retrorsum
1601 659 1672 695 pelli
1699 658 1805 694 debet,

291 719 319 741 et
345 712 491 741 acromion
520 713 554 741 ad
583 711 735 747 inferiora,
769 721 827 747 quo
853 719 935 740 motu
967 718 1055 748 caput
1072 711 1194 740 'humeri
1218 711 1307 740 luxati
1339 710 1505 746 perveniat,
1536 718 1653 739 necesse
1681 716 1742 746 est,
1772 710 1810 739 ad

292 764 459 792 exteriorem
482 763 611 791 cavitatis
639 763 804 799 gleno't'deae
830 763 983 799 marginem
1016 762 1124 798 (91),
1155 769 1182 790 et
1201 781 1212 798 ‚
1242 762 1378 798 chirurgo
1400 763 1491 790 levem
1522 768 1638 797 parante
1664 760 1808 791 extensio-

291 824 355 845 nem
369 836 379 850 ,
401 815 574 849 alteriusque
592 823 690 842 manus
708 814 804 850 digitis
822 814 876 842 sub
898 814 1009 842 axillam
1030 813 1189 849 immissis,
1223 813 1253 841 in
1271 812 1399 848 quibus,
1419 818 1560 847 tanquam
1586 811 1704 847 fulcro,
1730 811 1814 847 capi-⁷

291 866 328 894 tis
356 864 466 894 humeri
488 865 647 893 instituitur
669 865 816 901 depressio
837 866 871 893 ad
890 872 983 901 aptam
1005 863 1172 892 directionis
1197 863 1322 899 lineam,
1356 862 1447 892 facilis
1474 862 1523 891 fiat
1541 861 1644 898 capitis
1673 860 1811 891 reductio-

290 923 367 951 intra
391 917 573 953 ligamentum
599 918 766 952 capsulam,
789 925 840 953 per
859 916 1011 951 utriusque
1036 915 1160 943 musculi
1183 914 1325 943 tendines.

328 968 440 996 Ellcrts
463 968 544 996 etiam
570 974 667 996 censet
690 976 824 996 manuum
847 966 983 996 auxilium
1008 967 1038 996 in
1054 966 1167 1002 *recenti
1193 965 1338 995 nuatione
1359 967 1508 1001 sufficere,
1530 972 1557 995 et
1580 965 1704 995 mentitis
1724 973 1812 994 usum

291 1019 489 1048 instrumentis
517 1019 638 1054 praefert
658 1020 759 1056 (92).
800 1018 861 1047 Ubi
887 1027 955 1047 vero
987 1027 1047 1047 non
1070 1017 1214 1047 sufficiens
1238 1017 1280 1046 sic
1307 1024 1405 1053 potest
1428 1017 1521 1054 parari
1547 1017 1814 1050 extensiosuten·

291 1071 359 1098 dum
381 1076 477 1098 monet
500 1077 600 1098 auctor
624 1071 754 1099 machina
779 1069 912 1098 tractoria
927 1090 937 1105 ,
961 1078 1033 1105 quae
1056 1071 1190 1107 majorem
1222 1075 1250 1096 et
1274 1068 1451 1104 aequabilem
1480 1068 1537 1098 vim
1564 1076 1694 1096 exercere
1712 1074 1816 1104 potest

291 1121 322 1149 in
344 1120 493 1148 humerum
520 1120 738 1150 horizontaliter
767 1127 939 1157 extensum,
961 1120 1099 1156 scapula,
1122 1118 1281 1155 clavicula,
1311 1125 1339 1147 et
1366 1125 1430 1148 toto
1456 1125 1575 1156 pectore
1598 1117 1716 1148 firmiter
1741 1118 1817 1155 liga-

292 1172 381 1201 menti
401 1180 456 1208 ope
477 1173 594 1201 retentis
616 1174 674 1209 (93
685 1173 714 1209 ).

331 1223 447 1251 studuit
469 1222 503 1250 de
523 1223 553 1251 la
574 1222 705 1260 chapelle
726 1222 854 1250 Hamart
876 1221 976 1250 amben
1004 1221 1190 1258 Hippocratis
1218 1223 1335 1251 reddere
1358 1221 1560 1259 perfectiorem
1575 1241 1586 1258 ,
1608 1221 1754 1258 simulque
1778 1221 1816 1251 i1·

292 1273 348 1303 lius
374 1282 486 1302 servare
507 1273 715 1309 simplicitatem
743 1279 771 1302 et
790 1272 912 1301 formam
934 1273 1042 1311 (94),
1063 1280 1148 1311 atque
1171 1276 1223 1305 hac
1243 1275 1273 1305 in
1294 1284 1324 1304 re
1349 1276 1498 1311 valtopere
1526 1274 1639 1303 differre
1653 1270 1763 1312 judicat
1777 1272 1815 1303 ab

292 1325 361 1359 illa,
385 1334 467 1360 quam
492 1332 627 1354 memorat
646 1327 673 1353 le
693 1325 749 1354 Cat
769 1326 871 1362 (95).

332 1376 496 1404 Obducitur
524 1377 558 1405 ab
589 1383 705 1405 auctore
734 1375 827 1405 vectis
850 1375 1041 1412 Hippocratis
1068 1378 1192 1413 quoda-m
1224 1377 1377 1407 involucro
1395 1397 1406 1412 ,
1438 1377 1514 1405 sicut
1549 1377 1625 1406 ensis
1665 1376 1817 1413 obtegitur

292 1428 394 1464 vagina
414 1429 465 1456 sust
487 1428 573 1465 (96)
596 1435 623 1457 et
645 1428 713 1457 huie
735 1429 893 1463 imponitur
919 1428 1055 1456 humerus
1077 1430 1192 1457 luxatus
1217 1428 1347 1464 lorisque
1376 1434 1512 1464 tenetur,
1533 1428 1568 1461 ad
1591 1428 1676 1465 quus
1697 1426 1817 1457 restitu-

293 1480 400 1508 tionem
419 1480 517 1508 multis
541 1479 605 1509 aliis
625 1479 763 1509 machinis
783 1485 927 1515 praestare
952 1484 1051 1508 censet
1072 1480 1129 1516 (9⁴7
1142 1481 1168 1515 ).

337 1530 504 1565 Resinam,
537 1540 609 1566 quae
625 1531 778 1566 scripserat
798 1531 895 1560 Portal
916 1529 1024 1566 (98),
1047 1536 1075 1558 et
1092 1530 1287 1559 demonstrato
1310 1539 1370 1560 non
1390 1539 1404 1559 e
1423 1529 1505 1559 fonte
1519 1549 1531 1565 ,
1553 1538 1637 1565 quem
1661 1530 1710 1559 ille
1726 1529 1795 1559 adiit
1805 1551 1818 1564 ,.

297 1589 328 1610 se
351 1582 501 1617 hausisse,
523 1588 660 1610 memorat
679 1582 799 1619 Dupoay
826 1582 1029 1618 ligamentum,
1052 1589 1110 1616 quo
1129 1580 1207 1609 fieret
1224 1581 1503 1616 contra—extensio,
1532 1588 1583 1609 nec
1602 1581 1673 1609 illud
1697 1590 1713 1610 e
1738 1587 1818 1609 metu

296 1631 430 1661 laesionis
450 1633 649 1668 negligendum
669 1641 731 1660 esse
744 1639 824 1669 putat
838 1639 955 1667 auctor,
977 1641 1061 1668 quam
1088 1641 1199 1668 semper
1223 1633 1332 1661 tristem
1350 1633 1489 1670 ejusmodi
1516 1632 1687 1667 ligationum
1710 1640 1818 1668 seque*

294 1684 349 1713 lam
376 1684 464 1712 credit
487 1685 583 1713 Portal
604 1685 667 1722 (99
679 1686 703 1722 ).
738 1685 850 1714 Laudat
868 1691 966 1714 auctor
987 1685 1094 1722 (100)
1117 1692 1201 1712 usum
1224 1684 1349 1712 mantilis
1376 1683 1414 1712 ita
1440 1683 1612 1719 convoluti,
1633 1689 1668 1711 ut
1693 1682 1816 1712 medium

1757 1741 1815 1763 am-

331 1815 410 1849 (89)
438 1816 573 1844 observat.
596 1825 629 1843 on
653 1826 665 1843 a
684 1818 806 1844 dislocat.
834 1818 950 1845 should.
969 1823 1020 1843 cet.
1040 1817 1065 1843 in
1083 1816 1176 1845 medic.
1198 1818 1254 1844 obs.
1279 1817 1326 1843 and
1348 1817 1445 1849 Inquit.
1469 1824 1488 1843 t.
1505 1826 1530 1845 2.
1551 1823 1599 1844 art.
1615 1823 1658 1850 29.
1679 1824 1706 1849 p.
1721 1822 1783 1848 340.

334 1861 415 1895 (90)
443 1864 459 1888 l.
469 1871 492 1889 c.
511 1872 537 1896 p.
547 1871 605 1897 355.
624 1865 697 1892 conf.
715 1864 845 1891 Kirkland.
864 1866 966 1890 observ.
977 1873 1011 1890 011
1024 1863 1105 1890 Pott’s
1118 1866 1210 1890 Gener.
1220 1865 1344 1891 Remarks
1358 1873 1428 1898 upon
1446 1865 1526 1892 fraltt.
1545 1871 1626 1898 p·59.
1647 1863 1815 1898 Lond.1770.

335 1909 415 1944 (91)
446 1913 462 1938 1.
482 1919 507 1938 c.
709 1911 792 1946 (92)
814 1913 906 1938 Ellerts
928 1913 1100 1944 vollstandige
1122 1912 1231 1943 Chirurg
1258 1920 1284 1944 p.
1302 1913 1360 1945 785.
1380 1912 1453 1937 Berl.
1475 1913 1547 1945 1763.
1568 1913 1629 1938 8v0,

334 1956 418 1991 (93)
447 1959 463 1984 l.
481 1966 506 1984 c.
533 1968 560 1992 p.
580 1960 638 1992 786.
842 1958 925 1992 (94)
950 1960 1068 1985 Diarium
1092 1960 1184 1994 Journ.
1201 1958 1247 1984 des
1266 1958 1385 1984 Scavants
1414 1958 1476 1983 Oct·
1498 1958 1570 1991 1766.
1597 1965 1624 1990 p.
1640 1957 1683 1989 84.

336 2002 416 2037 (95)
443 2005 540 2031 Philos.
559 2006 690 2033 Transacr.
717 2008 772 2034 vol.
789 2015 832 2041 42.
862 2015 888 2034 n.
905 2008 963 2041 469.
987 2016 1015 2040 p.
1032 2007 1080 2040 387
1099 2014 1152 2039 seq.
1355 2002 1435 2039 (96)
1459 2005 1532 2031 Diar-
1558 2011 1584 2036 Ρ·
1601 2010 1646 2036 9²·

335 2047 420 2082 (97)
450 2051 465 2076 1.
484 2058 507 2077 c.
531 2059 556 2082 p.
575 2059 616 2083 93.
634 2060 689 2084 seq.
1076 2080 1079 2082 .

334 2094 413 2174 (93)
443 2096 543 2165 {lettres
565 2105 608 2122 sur
626 2092 705 2123 l’abus
726 2099 769 2124 des
787 2100 895 2126 machin.
914 2099 939 2124 in
954 2100 1044 2134 Joutn.
1061 2102 1094 2128 de
1113 2101 1212 2128 medic.
1235 2106 1256 2128 t.
1274 2101 1316 2128 28.
1340 2107 1366 2132 p-
1384 2105 1419 2132 50
1438 2106 1497 2131 ⁵011·

361 2146 420 2172 99)
455 2160 462 2167 .
481 2149 506 2167 e.
532 2150 557 2173 p.
576 2151 616 2174 5¹·

335 2184 431 2255 (¹600)
460 2187 616 2214 Ressexious
632 2189 759 2216 adressdes
779 2192 794 2216 a
817 2192 905 2219 Mons.
925 2193 1013 2219 Porta!
1030 2199 1075 2218 sur
1094 2193 1127 2218 les
1146 2194 1225 2219 luxat.
1241 2199 1284 2225 par
1307 2191 1348 2218 M.
1366 2192 1483 2224 Dupouy
1503 2191 1529 2216 in
1548 2189 1610 2217 diat.
1636 2189 1706 2216 citat.
1734 2194 1755 2215 t.
1766 2186 1813 2213 28·

303 2237 328 2262 P·
347 2236 360 2262 3
381 2239 406 2258 2·-
