1919 2511
414 178 645 210 RESPONSIO
666 185 710 210 AD
730 153 1041 218 Q-UAESTIONEM
1060 180 1282 213 PHYSICAM.
1571 192 1610 223 35

95 262 278 301 spiciantur,
301 267 360 291 tum
387 261 473 291 simul
496 261 689 300 intelligatur,
711 261 817 299 quibus
834 262 869 292 ab
891 261 955 292 aliis
972 263 1020 293 vel
1040 269 1191 300 superetur
1219 263 1324 293 humus
1346 265 1394 295 vel
1413 265 1518 301 quibus
1539 267 1606 296 alias

90 321 214 352 superet
232 314 361 349 adeoque
383 322 414 342 se
435 313 590 350 distinguat
611 312 686 351 (ι).

96 387 97 390 ¹
134 365 183 395 Sic
208 373 275 402 ergo
301 372 335 392 ex
350 363 464 394 Tabula
487 365 646 401 conspecta
665 364 751 394 nobis
773 371 914 402 apparet,
934 365 1073 400 humum,
1097 365 1177 401 quod
1197 365 1231 394 ad
1253 366 1369 402 pondus
1389 367 1513 404 attinet,
1540 377 1602 397 esse

95 416 222 446 omnium
247 415 419 444 levissimam
442 422 470 445 et
499 417 624 453 pondere
650 415 685 445 ab
708 415 845 445 omnibus
869 416 953 445 terris
980 417 1132 453 superari;
1162 425 1221 445 eam
1256 423 1351 446 tamen
1373 417 1441 447 alias
1473 426 1607 454 superate
1641 435 1643 437 ·

93 466 129 496 iis
151 465 356 502 facultatibus,
379 475 451 503 quae
472 469 519 496 vel
542 467 711 505 praecipuae
731 467 866 496 dicendae
893 473 983 501 sunt,
1005 476 1137 503 quasque
1159 475 1260 497 natura
1285 469 1402 498 humum
1429 468 1533 497 habere
1555 478 1606 498 vo-

92 517 168 554 luit,
186 523 219 547 ut
236 517 347 554 optima
363 518 473 548 ratione
491 519 668 547 satisfaceret
685 527 799 555 scopo,
818 518 866 547 cui
887 518 1026 547 destinata
1048 526 1136 550 esset.
1176 519 1309 548 Vidimus
1331 520 1404 549 enim
1426 520 1515 548 humo
1532 528 1607 557 opus
1633 513 1636 517 ’

90 576 154 598 esse
172 570 338 606 oxygenio,
362 575 394 598 ut
416 576 446 599 et
467 570 578 598 acidum
601 569 786 599 carbonicum
807 576 835 598 et
853 575 1011 598 extractum
1032 570 1161 607 formet,
1182 578 1269 607 atque
1293 570 1335 599 sie
1361 570 1424 607 ipsa
1443 572 1606 600 destruatur

91 625 123 648 et
145 620 256 656 plantas
284 620 408 657 nutriat3
432 629 467 650 ex
490 620 605 651 Tabula
626 628 720 650 autem
747 626 881 656 constat,
908 629 968 649 eam
990 630 1058 657 prae
1084 623 1219 651 omnibus
1245 623 1296 651 hac
1321 622 1477 658 arripiendi
1500 631 1606 659 oxyge-

87 670 129 699 nii
153 670 289 700 facultate
313 673 496 702 antecellere.
548 672 604 700 Sed
629 672 690 701 dixi
716 672 800 701 etiam
825 672 943 701 humum
967 672 1032 701 aere
1057 681 1118 702 non
1148 673 1275 709 mutari,
1304 674 1360 703 nisi
1389 674 1463 709 aqua
1497 673 1535 702 sit
1554 675 1608 703 hu-

90 727 233 759 mectata;
264 722 400 758 quoniam
424 723 492 752 haec
519 729 551 752 ut
581 723 634 752 alia
658 731 781 759 corpora
797 742 808 758 ,
836 723 878 751 sic
903 723 987 752 etiam
1007 724 1126 753 humum
1156 724 1296 761 aptiorem
1323 724 1413 753 reddit
1437 725 1470 753 ad
1501 733 1608 762 oxyge⁴

86 773 168 802 nium
194 773 416 804 absorbendum.
453 773 502 802 Ex
516 774 574 803 illis
591 781 684 803 autem
703 773 856 803 Schubleri
878 781 992 804 constat
1018 775 1239 812 experimentis,
1258 776 1376 804 humum
1399 782 1528 812 tempore
1551 785 1606 811 12,

86 831 197 860 24,‡et
218 825 254 860 48
279 825 415 853 horarum
439 826 587 855 maximam
611 833 679 861 prae
701 824 836 854 omnibus
859 825 922 854 aliis
949 826 1104 854 absorbere
1133 835 1222 863 aquae
1248 827 1457 863 quantitatem,
1486 829 1607 864 eJ'usque

84 874 166 910 vim,
187 876 249 904 sola
276 876 419 912 magnesia
447 877 588 912 excepta,
618 885 720 912 aquam
745 876 885 906 retinendi
910 884 974 910 esse
996 886 1152 912 summam,
1182 878 1308 913 denique
1327 879 1389 915 ejus
1416 878 1473 906 vim
1502 887 1604 913 aquam

85 926 233 955 exhalandi
257 928 355 955 multis
376 936 439 956 esse
455 927 611 964 minorem;
633 936 698 957 nam
721 928 788 956 dum
812 936 896 957 arena
915 927 1033 957 calcarIa
1048 934 1179 964 tempore
1199 936 1219 964 4
1238 928 1371 957 horarum
1402 934 1429 957 et
1452 936 1491 965 44
1511 929 1603 957 minu-

84 983 182 1006 torum
204 978 315 1007 exhalat
339 986 395 1015 759
417 984 513 1014 partes
531 987 641 1014 aquae,
671 985 702 1006 et
725 979 824 1015 argilla
852 978 986 1016 (glaise)
1006 985 1135 1015 tempore
1154 987 1188 1008 10
1206 979 1340 1008 horarum
1366 986 1394 1008 et
1422 989 1455 1016 19
1476 979 1604 1008 minuto-

81 1036 146 1056 rum
173 1028 285 1057 exhalat
311 1037 368 1064 349
385 1036 499 1064 partes,
520 1029 625 1057 humus
647 1032 748 1059 'contra
771 1038 807 1065 17
826 1029 907 1058 horis
930 1035 959 1058 et
982 1037 1016 1065 33
1035 1029 1154 1058 minutis
1176 1030 1281 1060 amittit
1303 1038 1359 1066 205
1381 1037 1475 1066 partes
1495 1039 1599 1066 aquae.

84 1079 145 1109 Uti,
157 1087 225 1116 ergo
246 1079 397 1115 principiis
421 1085 448 1108 et
473 1079 697 1116 proprietatibus
722 1089 738 1109 a
762 1080 883 1117 reliquis
904 1080 987 1109 terris
1004 1081 1085 1109 valde
1103 1081 1215 1110 diversa
1241 1082 1346 1110 humus
1365 1087 1428 1116 est,
1450 1081 1491 1110 sic
1517 1082 1600 1110 etiam

83 1139 115 1160 se
138 1131 258 1160 maxime
284 1131 318 1159 ab
338 1130 374 1158 iis
395 1130 566 1167 distinguit,
588 1131 614 1160 si
637 1131 668 1161 vi
690 1130 848 1160 Galvanica
873 1136 1011 1162 tentetur.
1052 1131 1128 1161 Cum
1152 1132 1226 1162 enim
1250 1132 1314 1161 illae
1335 1132 1511 1161 attrahantur
1526 1135 1598 1169 polo

83 1181 237 1219 negativo,
259 1182 327 1210 haec
349 1181 501 1210 attrahitur
528 1181 670 1218 positivo.
712 1182 760 1211 Sic
791 1182 865 1211 idem
889 1182 1067 1212 Schublerus
1091 1182 1122 1212 in
1145 1183 1347 1212 commercium
1372 1184 1521 1213 columnae
1545 1192 1601 1220 ope

80 1232 124 1262 fili
151 1234 198 1263 vel
221 1239 337 1262 catenae
361 1232 461 1269 posuit
485 1233 623 1267 humum,
645 1242 697 1262 seu
720 1232 820 1270 potius
843 1239 1000 1262 extractum
1022 1234 1102 1262 humi
1127 1235 1256 1263 solutum
1279 1234 1354 1270 aqua
1371 1234 1418 1262 vel
1444 1235 1519 1270 aqua
1543 1236 1599 1263 cal-

79 1285 144 1320 cis,
165 1285 212 1313 vei
234 1285 354 1320 potassa
373 1285 419 1313 vel
442 1284 513 1313 soda
536 1291 702 1320 susceptum
715 1304 726 1320 ‚
747 1290 777 1313 et
794 1284 868 1313 vidit
888 1284 952 1314 illas
973 1290 1070 1321 partes
1095 1285 1131 1314 ad
1152 1286 1251 1322 polum
1276 1284 1435 1321 positivum
1458 1286 1600 1322 praecipi-

77 1331 131 1363 tari
157 1342 189 1364 ut
213 1334 314 1363 fuscos
337 1335 468 1369 floccos,
490 1341 518 1363 et
542 1335 654 1371 quidem
680 1335 760 1364 brevi
781 1335 855 1364 intra
879 1335 967 1364 horae
993 1337 1136 1365 minutum
1159 1344 1247 1365 unum
1275 1336 1451 1369 alterumve,
1472 1336 1538 1364 dum
1557 1338 1597 1365 al-

77 1386 148 1415 calia
171 1386 206 1415 ad
229 1386 394 1422 negauvum
418 1387 538 1415 deducta
565 1386 735 1416 videbantur
755 1387 840 1424 (ει).
881 1387 970 1425 Quod
995 1387 1221 1424 experimentum
1248 1386 1388 1422 probatur
1417 1393 1445 1416 et
1473 1387 1598 1416 illustra-

77 1442 125 1464 tur
146 1436 200 1472 iis,
226 1445 299 1472 quae
315 1437 350 1464 de
373 1436 494 1466 diversis
518 1437 598 1465 humi
626 1437 757 1474 partibus
780 1437 916 1468 diximus.
959 1438 1020 1467 Has
1047 1444 1140 1467 autem
1167 1437 1358 1474 proprietates
1385 1438 1489 1467 humus
1516 1447 1596 1467 mon-

73 1493 149 1516 ·strat
172 1487 254 1516 etiam
270 1488 300 1516 in
322 1489 407 1523 5010,
430 1488 477 1517 cui
497 1487 572 1517 inest
595 1495 623 1516 et
646 1497 712 1517 cum
731 1489 836 1524 terris,
862 1489 968 1525 quibus
990 1496 1034 1518 est
1049 1489 1221 1525 commixta3
1246 1489 1324 1524 quod
1342 1497 1376 1517 ex
1393 1489 1593 1525 experimentis

74 1538 169 1567 Cadet
185 1538 220 1566 de
237 1538 417 1567 Gassecourt
442 1545 577 1574 constat,
599 1539 649 1575 qni
671 1539 805 1575 probavit
829 1540 972 1568 miscelam
993 1540 1173 1569 diversarum
1198 1546 1335 1568 terrarum
1356 1541 1471 1569 eandem
1491 1541 1591 1569 absor-

77 1589 144 1617 bere
169 1597 258 1624 aquae
281 1590 415 1626 copiam,
438 1599 521 1626 qnam
549 1590 679 1626 singulae
706 1591 884 1626 absorbent,
916 1600 989 1627 quae
1011 1591 1084 1620 hane
1110 1590 1234 1620 efficiunt
1257 1590 1420 1627 miscelam3
1452 1598 1479 1620 et
1498 1592 1597 1620 docuit
1635 1626 1638 1628 q

74 1647 116 1667 eo»
138 1641 273 1677 majorem
292 1649 355 1670 esse
380 1641 434 1670 soli
458 1641 656 1677 fertilitatem,
684 1651 744 1678 quo
771 1644 838 1679 plus
865 1651 954 1678 aquae
981 1642 1117 1672 absorbet
1142 1642 1264 1679 ejusque
1288 1641 1412 1676 retinet,
1435 1642 1472 1671 ita
1497 1649 1591 1671 tamen

73 1689 202 1720 millam
222 1691 355 1729 amittat,
388 1701 459 1729 quae
482 1692 567 1722 nimis
590 1693 620 1723 in
646 1693 721 1722 illud
739 1693 843 1722 cecidit
863 1694 946 1731 (3).
986 1694 1062 1722 Cum
1085 1701 1153 1729 ergo
1174 1699 1360 1729 reputemus,
1390 1701 1462 1729 quae
1482 1693 1516 1722 de
1544 1693 1595 1721 hac

504 1748 509 1753 ·
1530 1753 1597 1780 pro-

107 1823 124 1859 (
138 1832 146 1851 1
162 1823 176 1859 )
196 1826 268 1852 Hanc
285 1826 407 1853 Tabulam
423 1828 595 1861 promulgavit
613 1827 789 1860 Schublerus,
815 1835 970 1861 suorumque
991 1829 1225 1861 experimentorum
1245 1827 1367 1852 rationem
1391 1825 1462 1851 dedit
1479 1826 1590 1858 primum

74 1871 99 1900 in
124 1874 219 1898 Annale
238 1873 281 1899 der
305 1875 398 1907 physik
420 1883 472 1901 von
503 1876 604 1901 Gilbert
622 1876 653 1903 B.
670 1876 717 1902 LI.
742 1884 770 1908 p.
782 1882 842 1908 243.
879 1875 933 1900 Ubi
956 1874 1009 1906 ejus
1025 1876 1198 1900 invenIuntur:
1219 1873 1450 1904 Untersnchungen
1470 1873 1532 1897 iiber
1552 1872 1591 1896 die

69 1918 279 1951 physikalischen
304 1920 506 1952 Eigenschaften
528 1921 573 1947 der
594 1923 821 1949 Acker-Etdent
847 1923 971 1956 deinceps
995 1923 1072 1955 magis
1097 1921 1257 1955 perspicuam
1284 1927 1371 1946 rursus
1389 1919 1429 1945 edi
1450 1920 1548 1945 curavit
1568 1920 1592 1943 in

72 1970 159 1990 annot.
183 1965 214 1990 ad
242 1966 371 1998 Chaptalii
386 1961 451 2000 opus
472 1968 540 1995 laud.
558 1969 589 1995 Β.
609 1969 647 1995 11.

107 2008 170 2043 (2)
189 2011 250 2037 Vid.
269 2012 391 2038 Schnbler
409 2014 428 2041 1.
446 2014 465 2040 1.
487 2022 515 2046 p.
529 2021 580 2046 229
600 2021 624 2040 et
639 2021 714 2047 seqq.

110 2058 171 2093 (3)
190 2059 252 2086 Vid.
270 2060 352 2087 Cadet
375 2060 406 2086 de
434 2063 597 2088 Gassicourt.
630 2060 796 2088 Recherches
817 2060 1025 2094 Geoponiques,
1051 2059 1076 2084 in
1098 2059 1208 2085 Annales
1226 2058 1269 2084 des
1291 2058 1349 2084 Arts
1370 2063 1394 2082 et
1413 2054 1515 2082 Manus.
1534 2055 1590 2080 col-

72 2105 136 2131 lect.
154 2105 192 2133 11.
216 2105 248 2132 Τ.
267 2106 303 2133 11.
322 2115 349 2139 p.
366 2113 427 2140 273.
462 2108 544 2134 Vertit
557 2109 624 2135 hanc
643 2109 840 2142 disputationem
862 2107 1065 2135 Ilermbstadtius
1082 2107 1106 2132 in
1123 2106 1220 2132 Museo
1232 2125 1240 2137 ‚
1264 2106 1294 2131 B.
1309 2105 1368 2131 XII.
1393 2104 1426 2130 H.
1438 2111 1462 2128 2.
1487 2110 1512 2134 p.
1530 2107 1588 2134 132.

75 2151 195 2185 Eiusque
215 2155 352 2187 praecipua
384 2161 526 2186 argumenta
546 2155 618 2182 dedit
638 2156 770 2184 Gilbertus
790 2158 816 2182 in
844 2156 895 2181 suis
924 2155 1004 2183 annal.
1030 2154 1079 2180 ¹der
1102 2152 1200 2186 physik
1227 2152 1258 2178 B.
1276 2151 1346 2177 LIX.
1372 2158 1398 2182 P·
1414 2154 1474 2182 373·

811 2201 838 2231 E
859 2209 877 2230 2
