1919 2511
418 133 646 169 RESPONSIO
667 143 710 166 An
732 134 1043 176 QUAESTIONEM
1072 136 1352 170 LITERARIAM.
1604 149 1642 180 75

415 219 526 249 Idcirco
537 240 547 256 ,
568 220 635 257 ait,
654 219 706 249 das
725 220 824 249 ceteris
842 219 891 248 hoc
908 220 1030 251 consili?

414 321 451 350 In
469 321 590 358 publicis
610 319 858 351 deliberationibus

415 372 552 410 Plerique
570 379 684 402 tantum
703 372 849 402 commodis
867 374 925 402 suis
943 373 1067 403 student.

164 476 281 515 Vulpes.
323 475 434 510 Aesop.
453 475 536 511 vulg.
559 474 628 503 con.
651 473 716 504 No.
731 482 758 511 7.
780 474 860 506 Flor.
880 474 943 505 No.
959 474 989 504 6.

163 528 280 564 Laqueo
299 528 330 555 iu
349 532 411 564 sepe
429 525 524 563 vulpes
548 532 606 554 cet.
648 525 756 554 Similis
779 532 824 554 est
842 525 1020 555 construct10
1048 524 1078 555 in
1100 523 1152 553 illo
1174 522 1263 553 Ovid.
1289 523 1353 554 Art.
1378 524 1447 556 Am.
1472 524 1538 555 init.

411 575 443 603 Si
463 577 525 612 quis
547 577 578 603 in
602 576 650 604 hoc
671 583 763 604 artem
780 576 881 615 populo
900 585 953 605 non
973 576 1051 605 novit
1070 573 1201 604 amandi.

128 636 211 664 quarn
235 634 326 657 tamen
346 628 444 664 culpat
465 627 558 655 VOSS.
585 627 620 654 de
641 626 736 662 politis
760 626 874 657 Latinis
897 635 962 663 cap.
976 635 1007 657 2.
1029 625 1165 661 Sequitur
1189 631 1282 655 autem
1310 625 1435 656 Faernus
1449 626 1631 663 interpretem

126 679 285 714 Latinum,
312 677 451 707 Graecam
471 687 572 708 vocem
593 680 684 715 πάγις
708 680 829 709 reddens
849 679 986 717 laqueus,
1006 685 1070 706 cum
1090 677 1189 712 potius
1202 669 1242 705 sit
1250 676 1351 715 pedica
1368 677 1390 706 i.
1413 686 1440 706 e.
1456 679 1510 706 tale
1524 677 1631 706 vinculi

125 737 234 766 genus,
256 737 313 765 quo
333 727 392 758 fera
412 730 460 759 vel
479 736 543 759 toto
565 739 712 767 corpore,
734 731 782 760 vel
810 739 863 768 per
889 730 996 766 pedes,
1019 728 1065 757 vel
1088 733 1120 756 ut
1146 728 1177 757 h.
1194 729 1216 757 1.
1241 736 1294 765 per
1316 729 1431 757 caudam
1455 728 1592 765 illigatur.

826 833 939 843 ———-

315 910 574 941 FABULA
631 909 1068 941 SEXAGESIMA
1127 907 1443 938 SECUNDA.

617 1006 805 1026 LIGNATOR
837 1004 880 1025 ET
915 1003 1143 1025 MERCURIUS·

408 1079 534 1118 Propter
552 1089 662 1109 amnem
683 1081 765 1119 ligna
783 1079 918 1116 caedens,
941 1089 1026 1118 quum
1046 1080 1165 1109 securim
1185 1080 1306 1109 rusticus

409 1130 500 1159 Forte
518 1131 627 1170 lapsam
643 1131 813 1169 perdidisset
832 1133 863 1159 in
879 1131 1022 1169 profundo
1038 1132 1156 1168 gurgite
1172 1150 1186 1167 ‚

402 1180 579 1210 Lacrimans
598 1190 679 1210 suum
698 1181 792 1211 dolere
809 1183 897 1220 coepit
916 1182 1129 1218 infortunium,

404 1232 460 1261 Cui
478 1231 628 1270 benignam
649 1239 723 1271 opem
743 1234 876 1262 misertus
895 1232 996 1262 obtulit
1017 1232 1179 1268 Cyllenius,

406 1282 450 1312 Et
468 1284 569 1312 statim
590 1284 746 1319 minatus,
766 1285 822 1312 imo
840 1283 878 1312 ab
897 1292 982 1321 usque
993 1281 1088 1319 fundo
1109 1281 1238 1320 fluminis

404 1334 534 1363 Auream
555 1333 671 1371 efferens
689 1336 809 1363 securim
821 1355 831 1371 ‚
853 1343 920 1363 num
939 1334 998 1371 ejus
1019 1340 1104 1370 esset,
1124 1333 1266 1371 quaesiit,

406 1384 459 1414 Ille
481 1387 620 1414 enimvero
639 1387 755 1423 negavit
767 1405 779 1421 ‚
794 1384 916 1424 proinde
935 1393 1036 1413 rursus
1053 1390 1218 1422 quaereret.

404 1435 432 1464 T
429 1445 476 1464 um
495 1435 574 1465 Deus
593 1444 720 1466 reversus
740 1437 797 1465 alti
815 1443 918 1474 stagna
936 1437 968 1464 in
987 1436 1082 1464 amnis
1101 1433 1222 1470 infima,

403 1487 594 1525 Alter-amque
613 1496 733 1516 emersus
752 1486 817 1515 inde
831 1487 982 1525 proferens
1001 1492 1169 1524 argenteam
1180 1505 1192 1521 ,

407 1536 447 1566 Id
463 1538 539 1575 quod
556 1545 623 1567 ante
642 1536 819 1573 sciscitatus,
839 1537 874 1566 td
889 1537 964 1575 quod
980 1543 1066 1565 antea
1086 1535 1194 1566 audiit.

403 1588 545 1617 Ferreum
564 1588 674 1618 demum
696 1590 816 1618 securim
837 1587 931 1618 sedulo
951 1589 1108 1625 expiscatus
1127 1592 1189 1623 est,

405 1638 499 1677 Quam
520 1642 626 1679 recepit
644 1641 695 1669 ille
712 1641 826 1675 laetus,
847 1646 933 1677 atque
948 1640 1066 1677 gratias
1087 1646 1185 1676 agens·

404 1689 448 1719 At
467 1690 567 1728 Deus,
590 1692 650 1720 viri
663 1690 788 1729 probata
807 1691 975 1727 integritate
992 1689 1145 1727 simplicis,

404 1740 533 1770 Auream
554 1741 620 1770 huie
638 1747 860 1779 argenteamque
876 1741 990 1768 muneri
1008 1740 1085 1768 ultro
1104 1735 1244 1767 tradidit.

406 1790 488 1828 Quae
506 1793 564 1820 suis
583 1801 670 1830 quum
690 1790 791 1820 deinde
809 1793 909 1821 amicis
927 1791 1083 1821 rettulisset
1101 1791 1247 1823 rusticus,

405 1840 487 1870 Unus
506 1851 542 1870 ex
563 1843 600 1870 iis
618 1843 756 1878 cogitavit
769 1849 825 1880 per
843 1842 936 1872 dolum
953 1842 1050 1871 ditare
1069 1849 1116 1869 sc:

403 1892 501 1930 Atque
518 1891 636 1921 eundem
643 1899 699 1921 met
713 1892 858 1931 profectus
878 1893 909 1920 in
929 1892 1038 1926 locum,
1058 1888 1134 1929 quod
1141 1888 1257 1925 fecerat

410 1943 543 1972 Fortuito
562 1943 641 1973 homo
659 1945 709 1973 ille
726 1945 863 1983 simplex,
885 1950 919 1973 ut
936 1943 1055 1972 securim
1074 1941 1242 1975 amitteret,

406 1994 447 2023 Id
462 2001 561 2033 suapte
580 2001 673 2034 sponte
686 1994 763 2032 fecit
781 1996 838 2034 ip5e
856 2002 909 2034 per
918 1994 1088 2032 fallaciam·

407 2044 485 2074 Huic
504 2048 571 2074 item
591 2045 670 2075 Deus
690 2048 821 2083 querenti
837 2046 872 2075 de
890 2046 983 2075 securi
995 2043 1135 2083 perdita,

409 2095 506 2134 Atque
517 2095 603 2133 flenti
621 2103 649 2126 et
669 2096 790 2133 ejulanti
807 2105 834 2126 se
853 2102 1024 2133 repertorem
1044 2091 1179 2130 offerens,
1531 2136 1565 2175 Q

746 2145 749 2149 '
877 2146 904 2176 K
924 2153 941 2174 2
1563 2145 1631 2165 uam
