1919 2511
311 165 346 194 16
605 163 806 195 PETRI
866 159 1221 194 ABRAHAMI
1275 159 1521 201 JELTES

620 389 910 419 CAPUT
990 387 1498 420 SECUNDUM.

550 497 592 517 DE
619 497 814 523 spizeli-:Bos
847 497 1079 518 LUXATIONIS
1113 496 1204 517 osSIS
1232 496 1371 517 numan!
1403 497 1572 517 DlVERsxs·
1607 481 1613 484 ἑ

307 572 473 644 Effagnus
502 612 545 636 est
571 606 644 636 inter
670 607 811 636 Auctores
840 607 988 636 dissensus
1024 607 1059 635 de
1090 606 1176 636 variis
1208 606 1363 636 luxationis
1399 606 1473 635 ossis
1504 604 1616 634 humeri
1648 605 1814 641 speciebus.

307 657 395 686 Multi
422 658 496 686 inter
518 667 549 687 se
572 658 747 687 dissentiunt
770 657 975 687 sententiarum
1000 657 1181 693 diversitate,
1209 659 1306 695 plures
1330 666 1399 687 vero
1426 656 1524 687 verbis
1546 662 1655 685 tantum
1682 662 1814 693 certant,

307 709 385 737 vario
407 709 523 738 nomine
550 709 638 738 eidem
665 709 820 738 luxationis
839 707 947 745 speciei
967 707 1102 744 imposito
1125 706 1201 744 (1).
1242 709 1320 737 Haec
1337 716 1429 737 autem
1448 708 1596 738 nominum
1620 707 1813 744 permutatio,

307 760 418 795 singula
448 760 593 790 luxatione
622 770 682 790 non
715 760 784 789 satis
818 765 948 787 accurate
976 758 1131 794 distincta,
1159 759 1257 788 multis
1282 768 1378 788 ansam
1405 759 1484 788 dedit
1508 758 1676 794 erroribus,
1709 765 1738 788 et
1762 760 1816 788 du-

306 811 361 838 biis
382 809 472 848 (2),
495 820 565 847 quae
590 811 674 840 nimis
694 811 790 839 brevis
815 810 927 838 dicendi
950 815 978 837 et
1004 808 1197 845 distinguendi
1222 809 1293 838 ratio
1319 811 1472 847 parturiit3
1495 810 1561 839 inde
1584 809 1677 839 variae
1703 809 1815 839 dissen-

304 861 400 889 siones
425 868 503 890 ortae
520 869 606 898 sunt,
629 871 698 898 quas
718 862 794 890 forte
812 861 934 897 amplior
958 866 986 888 et
1008 859 1167 889 accuratior
1187 859 1344 888 luxationis
1364 861 1472 898 speciei
1496 859 1651 897 descriptio
1675 859 1812 890 tollisset.

344 913 400 940 llic
416 919 509 942 autem
536 913 599 942 Vos
619 913 683 942 Viri
702 912 883 942 ClarISsimi!
907 920 922 940 a
938 920 981 939 me
1000 920 1060 940 non
1077 910 1168 940 fusam
1187 912 1377 947 exspectans,
1400 919 1432 941 ut
1454 918 1527 949 puto
1540 932 1550 947 ,
1571 910 1716 940 variorum
1730 911 1814 940 Auc-

304 970 399 991 torum
419 964 622 993 sententiarum
641 963 835 993 recensionem
853 963 928 999 apud
943 962 1086 991 Bonnium
1101 965 1117 999 (
1130 965 1194 1001 3),
1216 961 1346 997 aliosque
1367 964 1460 1000 (4),
1481 968 1663 991 memoratam
1680 961 1714 989 de
1730 961 1816 991 variis

305 1014 459 1042 laxationis
490 1015 664 1050 speciebus,
692 1016 764 1050 sed,
796 1014 826 1044 ni
850 1014 958 1049 fallor,
980 1012 1068 1049 magis
1097 1013 1163 1041 huic
1186 1013 1252 1041 loco
1279 1020 1503 1042 consentaneum
1528 1013 1602 1048 erit,
1625 1012 1704 1048 quod
1726 1014 1815 1049 vulgo

305 1064 390 1092 hodie
409 1072 553 1101 acceptam
578 1066 720 1102 triplicem
748 1065 926 1095 luxationum
952 1063 1111 1100 specierum
1133 1063 1302 1093 divisionem
1325 1073 1486 1101 exponam,
1508 1064 1649 1100 modum,
1672 1071 1730 1099 quo
1757 1062 1817 1093 sin-

305 1116 371 1151 gula
394 1115 447 1151 fit,
469 1121 498 1144 et
520 1124 733 1154 symptomata,
755 1124 828 1152 quae
853 1123 936 1144 unam
959 1114 994 1144 ab
1011 1115 1100 1143 altera
1121 1114 1322 1152 distinguunt,
1344 1115 1469 1145 breviter
1484 1114 1617 1144 indicem.

514 1202 545 1238 §.
570 1209 597 1230 ι.
639 1199 685 1228 De
702 1200 801 1238 prima
820 1198 976 1228 laxationis
996 1199 1061 1227 ossis
1079 1197 1190 1226 humeri
1208 1199 1295 1236 specie
1314 1199 1420 1236 (intra
1440 1197 1601 1234 axillam).

341 1279 481 1316 Planum,
505 1282 583 1317 quod
600 1281 685 1310 habet
704 1281 784 1310 sinus
809 1280 970 1310 articularis
989 1280 1065 1309 ossis
1082 1279 1213 1315 humeri,
1235 1279 1259 1308 si
1280 1279 1493 1310 consideremus
1507 1301 1517 1316 ‚
1540 1286 1567 1309 et
1589 1281 1623 1310 ab
1649 1280 1728 1310 illius
1752 1288 1816 1317 par-

303 1337 330 1357 te
351 1330 513 1367 superiori,
539 1341 610 1368 quae
631 1333 705 1361 inter
727 1341 895 1369 processum
922 1331 1120 1361 coracoideum
1142 1337 1170 1359 et
1191 1331 1338 1359 acromion
1363 1331 1453 1360 media
1478 1338 1540 1367 est,
1562 1333 1721 1367 parallelam
1746 1332 1815 1359 duc-

305 1387 360 1408 tam
384 1382 471 1410 nobis
493 1382 632 1419 fingamus
658 1383 780 1420 lineam,
810 1383 930 1413 inferius
959 1384 1068 1417 lineae,
1098 1381 1246 1410 cavitatem
1271 1382 1447 1417 gleno'ideam
1473 1383 1501 1411 in
1526 1383 1595 1411 duas
1621 1389 1718 1419 partes
1741 1382 1815 1410 divi-

303 1432 418 1467 dentis,
450 1441 607 1463 extremum
634 1435 706 1463 illud
733 1442 871 1471 punctum
895 1440 958 1470 est,
985 1433 1060 1462 circa
1081 1433 1158 1468 quod
1187 1432 1298 1461 laxatio
1322 1441 1418 1461 versus
1442 1433 1585 1470 inferiora
1612 1432 1743 1462 obtinere
1771 1432 1815 1461 di-

301 1482 386 1512 citur.

342 1533 424 1562 Hanc
446 1541 538 1563 autem
564 1535 638 1564 viam
666 1544 699 1564 os
723 1536 834 1564 humeri
862 1534 944 1564 facile
966 1534 1118 1570 sequitur,
1147 1539 1175 1562 et
1201 1534 1252 1561 sua
1276 1533 1397 1563 elabitur
1419 1534 1560 1571 cavitate,
1588 1542 1652 1563 cum
1676 1534 1710 1562 ad
1737 1533 1813 1562 illam

303 1584 475 1613 luxationem
509 1586 716 1621 producendam
744 1587 876 1621 quaedam
899 1587 954 1623 jain
979 1585 1052 1613 adsit
1072 1583 1194 1620 partium
1214 1584 1350 1613 naturalis
1374 1585 1618 1621 praedispositio‚
1645 1593 1746 1612 cavum
1772 1584 1816 1613 ni-

303 1635 404 1663 mirum
425 1635 524 1664 axillae
546 1635 637 1673 (5>;
661 1638 757 1665 eadem
788 1645 856 1664 vero
882 1636 991 1664 ratione
1014 1635 1052 1663 ob
1073 1636 1308 1671 propugnacula,
1331 1643 1402 1670 quae
1424 1635 1566 1669 superiori
1589 1634 1663 1671 parti
1683 1634 1813 1664 cavitatis

304 1685 462 1715 articularis
480 1688 615 1721 scapulae
635 1688 766 1721 adstant,
788 1686 895 1714 luxatio
918 1687 951 1714 ad
976 1686 1124 1722 superiora
1150 1687 1243 1713 locum
1269 1684 1373 1713 habere
1397 1685 1496 1719 nequit
1520 1685 1595 1722 (6).

343 1737 422 1765 Haec
447 1736 602 1766 luxationis
630 1738 741 1773 species
769 1738 841 1767 intra
868 1737 979 1766 axillam
1007 1736 1026 1766 i.
1047 1745 1073 1765 e.
1102 1736 1175 1764 inter
1205 1734 1335 1764 tendines
1366 1743 1404 1765 m.
1424 1734 1636 1771 subscapularIs
1664 1742 1692 1764 et
1716 1736 1812 1764 teretis

1764 1794 1817 1814 mi.

337 1852 352 1887 (
367 1862 375 1879 1
392 1853 407 1887 )
428 1854 511 1881 Bonn.
536 1856 554 1881 1.
571 1862 596 1881 c.
621 1863 646 1887 p.
664 1863 693 1882 12
712 1863 766 1888 seq.

335 1901 403 1934 (ε)
423 1903 518 1933 Boyer.
545 1903 563 1927 l.
583 1909 609 1929 c.
636 1910 662 1935 p.
684 1904 744 1936 ¹76·

334 1947 401 1979 (3)
425 1949 443 1974 1.
462 1956 487 1975 c.

335 1992 399 2026 (4)
427 1995 514 2028 Journ.
543 1995 573 2020 de
601 1994 703 2024 Medic.
719 2004 762 2028 par
782 1995 892 2022 Bacher.
925 2002 943 2022 t.
958 2002 1001 2028 93.
1025 2003 1052 2028 p,
1069 2003 1118 2029 254
1136 2001 1190 2027 seq.
1227 1995 1306 2021 Conf.
1335 1994 1410 2021 nem.
1430 1993 1525 2020 Busch.
1543 1992 1644 2021 dissert.
1673 1993 1703 2019 de
1734 1995 1816 2021 luxat-

304 2039 416 2072 hmn.p.
432 2048 447 2066 2
459 2041 526 2066 -8.
554 2042 728 2072 Berol.1817.

337 2085 348 2115 (
365 2084 406 2118 5)
427 2087 511 2113 Bonn.
535 2088 552 2113 l.
572 2095 596 2113 c.
621 2095 646 2119 p.
662 2094 687 2120 7.

336 2129 404 2165 (6)
431 2131 500 2158 idem
526 2140 552 2165 p.
572 2133 616 2160 26.
641 2134 776 2160 Eortcher.
802 2136 820 2162 1.
838 2141 862 2161 c.
886 2134 912 2168 §.
933 2139 989 2166 143.

1915 1722 1919 1783 f

1913 1806 1916 1835 Ι

1908 1852 1915 1939 l

1907 1954 1910 1980 l

1904 1982 1909 2056 i

1899 2064 1906 2176 ,ἱ

1896 2183 1901 2253 ,¹

1892 2266 1897 2351 f

1888 2373 1893 2441 l

1886 2444 1890 2511 ‚¹
