1919 2511
381 150 611 182 RESPONSIO
639 158 683 180 AD
713 142 1025 187 QUAESTIONEM
1056 143 1341 179 LITERARIAM.
1584 160 1626 188 23

102 239 169 268 item
189 236 219 266 in
237 236 403 267 Cod.Flor.
421 235 484 264 No.
496 244 544 272 50.
585 233 682 263 Habet
702 232 784 261 etiam
803 231 1003 261 Lokmannus.
1047 233 1201 269 Vulgarem
1218 232 1331 261 fabulae
1353 231 1541 261 narrationem
1560 232 1621 262 fere

102 289 234 325 sequitur
257 289 388 323 Noster,
409 287 459 316 sed
481 288 624 323 eleganter
647 284 798 313 admodum
820 289 848 312 et
871 282 1015 319 suaviter,
1037 291 1117 312 more
1140 291 1215 319 suo,
1236 291 1350 312 scenam
1377 282 1512 312 exhilarat
1528 291 1556 313 et
1574 293 1622 313 ex-

105 339 213 376 quisito
231 339 369 375 loquendi
387 345 489 375 genere
505 342 635 366 exornat.
1318 363 1323 367 ᾖ

140 391 176 421 Se
202 400 229 420 se
249 390 314 420 inde
329 390 456 428 ferebat.
495 389 650 426 Exquisite
668 388 776 416 dictum
798 396 853 425 pro
869 384 934 415 inde
958 385 1043 415 abiit.
1084 385 1126 415 Ita
1145 384 1231 422 Virg.
1250 385 1326 416 Aen.
1344 385 1414 417 Lib.
1434 385 1472 415 11.
1494 393 1540 415 VS.
1557 387 1623 421 671.

601 439 709 479 Meque
729 444 817 468 extra
837 444 917 467 tecta
930 437 1067 474 ferebam

104 500 132 524 et
151 493 223 523 Lib.
238 494 310 523 VII.
331 501 378 522 va.
394 499 465 530 492.

411 543 474 582 Ipse
494 543 606 573 domum
626 552 693 572 sera
714 543 845 581 quamvis
864 551 892 570 se
911 546 991 570 nocte
1004 540 1139 577 ferebat-*-

106 595 196 625 ovid.
216 594 289 625 Lib.
304 596 359 625 ΠΙ.
380 596 484 624 Amor.
503 597 576 633 eleg.
595 604 640 625 10.
662 604 708 625 vs.
726 595 773 630 38.

412 646 536 683 Omnia,
558 656 617 685 qua
638 646 751 675 tulerat
770 653 799 673 se
819 644 903 679 Dea,
923 645 1016 674 messis
1037 650 1136 674 cranta

142 698 251 735 injusto
266 697 391 737 pondere
409 705 534 736 pressus.
576 697 623 727 Ob
649 698 752 727 oculos
778 695 913 725 habuisse
934 695 1049 725 videtur
1075 697 1161 733 Virg.
1181 694 1293 732 Georg.
1316 694 1391 724 Lib..
1409 696 1470 725 ΠΙ.
1489 704 1535 726 vs,
1552 697 1620 732 346.

393 749 464 778 Non
483 757 559 778 secus
580 758 614 778 ac
631 749 744 788 patriis
764 756 833 776 acer
853 747 1010 775 Romanus*
1024 749 1057 775 in
1076 748 1170 777 armis

395 801 509 837 injusto
531 800 581 829 sub
594 800 680 837 fasce
701 801 781 828 viam
802 807 889 837 quum
909 800 1009 837 carpit

108 852 158 881 nbi
175 852 313 889 injustum
330 851 462 881 similiter
477 850 676 887 immodicum,
690 851 769 888 justo
784 850 877 887 majus
894 850 1048 886 significat.

143 904 215 933 Solis
235 903 386 942 deprensus
406 907 437 932 in
456 905 547 933 arvis.
596 904 681 933 Licet
714 905 888 940 plerumque
911 902 979 931 voci
998 901 1149 939 deprensus
1174 901 1227 930 add
1267 902 1360 930 soleat
1387 909 1452 936 res,
1484 909 1539 936 qua
1561 901 1628 936 quis

107 955 265 992 deprensus
289 962 350 991 est,
371 955 482 984 Noster
504 962 619 991 tamen,
649 964 738 992 quum
760 954 892 987 absolute
914 954 1008 989 dicat,
1038 962 1134 982 senem
1157 953 1332 989 deprensum
1356 961 1439 988 esse,
1467 951 1627 988 defatigare

107 1016 163 1036 one
192 1007 323 1043 scilicet,
345 1006 459 1036 defendi
484 1013 581 1043 potest
604 1007 639 1035 iis
662 1013 789 1035 veterum
812 1005 907 1040 locis,
933 1005 1037 1040 quibus
1063 1013 1149 1032 naves
1175 1012 1203 1032 et
1221 1011 1328 1032 nautae
1345 1010 1515 1039 tempestate
1534 1003 1626 1031 aliove

105 1058 193 1087 modo
220 1057 358 1097 deprendi
383 1058 528 1088 dicuntur.
548 1057 617 1086 Vid.
642 1057 726 1094 Virg.
745 1057 816 1085 Lib.
836 1056 879 1084 V.
903 1056 979 1085 Aen.
1007 1064 1053 1085 vs.
1073 1063 1124 1092 52.
1154 1055 1224 1091 quin
1241 1062 1270 1084 et
1285 1055 1326 1083 ita
1343 1055 1451 1083 Seneca
1470 1055 1554 1091 epist.
1569 1055 1624 1083 XI.

107 1111 124 1147 §
146 1119 173 1141 1.
201 1110 268 1139 licet
292 1111 349 1139 alia
371 1110 401 1139 in
426 1118 478 1146 re,
505 1109 642 1139 absolute>
657 1108 729 1138 dixit
762 1128 784 1146 ,7
801 1108 870 1136 Non
889 1116 925 1136 cx
947 1113 1124 1145 praeparato
1146 1113 1256 1136 tocutus
1279 1112 1339 1143 cst,
1358 1104 1408 1134 sed
1423 1105 1512 1134 subito
1536 1104 1635 1145 depre-

110 1180 128 1198 ‚,
149 1160 280 1190 hensus.”

144 1212 242 1242 Dirae
253 1213 397 1251 species-
410 1214 522 1242 mortis.
561 1211 633 1241 Non
649 1211 705 1240 hoc
725 1211 761 1240 ad
775 1217 906 1240 veterum
926 1218 1042 1239 sensum
1052 1229 1067 1245 ‚.
1089 1208 1159 1245 qui,
1180 1209 1236 1238 sibi
1257 1208 1346 1245 magis
1367 1207 1505 1245 placidam
1525 1207 1626 1235 mortis

107 1264 261 1300 imaginem
289 1264 456 1299 fingebant,
477 1272 536 1293 non
561 1269 666 1292 tetrum
692 1262 765 1291 illud
789 1261 890 1290 sceleti
917 1262 1136 1298 spectaculum,
1158 1269 1217 1296 quo
1244 1258 1402 1289 Christiani
1431 1257 1554 1287 artifices
1572 1258 1628 1287 sibi

107 1321 258 1351 tantopere
283 1316 455 1351 placuerunt
472 1322 500 1343 et
521 1315 608 1343 eheu!
631 1323 709 1344 nunc
736 1313 818 1342 etiam
841 1314 966 1349 pla-cent.
1008 1312 1126 1350 Quanto
1144 1311 1241 1341 sanius
1262 1310 1382 1339 omnino
1400 1315 1534 1343 vetere5‚
1555 1309 1605 1344 qui
1618 1329 1628 1344 ‚

107 1375 171 1396 cum
197 1367 287 1402 ipsam
314 1373 435 1395 mortem
454 1373 622 1405 perpetuum
645 1373 785 1404 soporem,
812 1367 952 1403 quietem,
986 1365 1067 1393 abire
1088 1365 1157 1394 illm:
1178 1373 1232 1402 quo
1246 1365 1358 1401 priores
1383 1361 1535 1396 abierunt,
1557 1361 1631 1389 unde

108 1424 214 1456 negant
238 1417 335 1446 redire
359 1427 548 1455 quemquam,
577 1418 770 1454 ἀπέρχεσθαι,
801 1419 914 1447 chrisum
939 1417 1004 1453 πρὸς
1023 1419 1087 1449 τοῦς
1106 1420 1238 1448 πλεῖονοις
1265 1421 1293 1442 et
1311 1412 1400 1442 simili
1416 1412 1565 1449 euphemia
1581 1422 1636 1448 ap‘

108 1471 270 1506 pellarent‚
315 1469 431 1497 eandem
470 1477 587 1505 quoque
625 1468 740 1506 juvenis
778 1467 900 1504 imagine
941 1468 1199 1504 representabant‚
1243 1465 1334 1494 facem
1369 1469 1418 1492 aut
1448 1464 1633 1500 exstinguen-

107 1520 166 1556 tis,
200 1526 250 1549 aut
276 1520 443 1549 exstinctam
470 1519 608 1557 gerentis.
656 1519 765 1558 Species
785 1519 901 1558 pallida
927 1520 1027 1549 mortis
1060 1519 1095 1547 ad
1119 1518 1281 1554 exemplum
1304 1515 1418 1544 Horat.·
1436 1514 1494 1544 Od.
1515 1515 1586 1544 Lib.
1601 1515 1627 1544 L

107 1572 156 1600 od.
172 1581 204 1607 4.
229 1578 275 1600 vs.
298 1580 341 1606 13.

147 1622 234 1651 Metu
257 1622 374 1652 sudans.
415 1623 503 1652 More
521 1621 681 1651 timentium
707 1621 791 1658 Virg.
816 1621 875 1650 Lib
892 1623 946 1652 III.
972 1622 1049 1651 Aen.
1072 1629 1120 1650 vs.
1143 1627 1213 1657 1750

398 1675 424 1703 T
422 1683 469 1703 um
488 1673 601 1711 gelidus
621 1679 679 1702 toto
699 1672 842 1701 manabat
860 1680 979 1712 corpore
1000 1674 1102 1702 sudor.

108 1734 137 1756 et
154 1725 355 1756 Andromache
371 1727 448 1763 apud
467 1726 566 1755 Senee.
587 1724 678 1761 Trsg.
697 1725 728 1753 in
748 1724 864 1753 Troade
885 1724 955 1754 Act.
973 1724 1030 1754 Itl.
1058 1731 1105 1752 sc.
1127 1731 1153 1753 ι».
1174 1730 1220 1751 vs-
1240 1722 1310 1758 485.

398 1776 493 1806 Sudor
508 1784 566 1815 per
586 1782 670 1805 artus
683 1775 821 1813 frigidus
841 1781 912 1804 totos
931 1775 1024 1805 cadit.

146 1830 240 1859 Multi
263 1818 403 1859 absentem
430 1835 485 1859 cet.
526 1829 652 1858 Faernus
677 1828 799 1857 maxime
824 1828 854 1857 in
880 1826 1047 1865 epimythiis
1072 1834 1103 1855 se
1130 1823 1258 1854 ostendit
1283 1824 1467 1852 excellentem
1494 1828 1627 1859 poetam,

107 1890 167 1912 non
185 1891 298 1911 servum
319 1881 503 1910 imitatorem.
546 1881 595 1909 Sic
615 1887 643 1909 et
664 1880 769 1908 exhac
788 1879 886 1908 fabula
908 1877 1176 1914 decet‚,homines—
1190 1884 1275 1912 saepe
1292 1875 1489 1912 imprudenter
1507 1881 1630 1903 mortem*

107 1933 263 1969 invocare,
292 1939 408 1961 etcum
435 1939 533 1961 revera
561 1931 662 1960 mortis
688 1931 850 1967 periculum
879 1930 974 1964 adsit,
1002 1935 1125 1957 tremere
1150 1933 1177 1955 et
1205 1927 1339 1957 aversari.
1379 1926 1497 1962 Reliqui
1529 1932 1629 1954 omnes·

108 1985 229 2018 docent,
249 1984 334 2014 vitam
355 1984 486 2014 homines
503 1983 642 2021 diligere,
664 1981 776 2012 etiamsi
796 1983 893 2013 uultis
912 1981 1083 2020 magnisque
1100 1980 1176 2010 vitae
1195 1978 1317 2008 miseriis
1338 1984 1513 2016 premantur.

1554 2177 1630 2207 FAv-
