1919 2511
306 117 350 149 δὲ
625 117 957 152 GERARDI
1008 115 1443 150 SANDIFORT

375 210 515 244 Cuinam
534 209 623 243 enim
640 211 695 244 alii
706 235 716 252 ‚
731 211 796 245 nisi
807 209 1049 256 Angustissimo
1071 221 1173 242 nizot
1185 233 1195 251 ‚
1217 219 1257 243 ea
1275 207 1406 251 omnia,
1424 206 1543 253 quibus
1554 213 1668 243 nostra
1684 210 1793 245 Aca-⁴.

311 266 420 299 demia
442 265 506 299 hoe
527 265 609 300 festo
630 267 682 299 die
697 267 828 311 gloriari
849 272 978 312 potest,
1001 272 1034 300 et
1051 277 1136 312 quae
1158 267 1222 302 levi
1238 264 1358 300 umbra
1376 270 1506 299 tantum
1526 263 1689 301 delineare
1708 278 1774 312 po·-¹

313 324 380 365 tui,
404 322 589 357 debemus?

376 381 449 412 Imo
484 378 641 413 beneficia
666 378 702 413 in
727 385 878 413 nostram
899 379 1116 414 Academiam
1142 384 1313 423 tantopere
1341 378 1583 422 accumulavit,
1606 385 1643 413 ut
1670 387 1777 425 supe-³

311 440 385 468 rent
410 445 448 468 ea
461 459 471 477 ,
494 446 579 479 quae
602 447 703 470 nemo
723 447 873 481 unquam
890 447 992 470 ausus
1006 442 1055 470 est
1074 441 1189 482 optare
1203 459 1215 478 ,
1236 440 1270 469 et
1295 437 1391 479 cujus
1406 435 1554 470 fructum
1573 437 1683 471 omnis
1696 447 1779 482 per-2

313 492 408 535 cipiet
429 491 615 535 posteritas.
1090 483 1092 487 ’

375 549 451 580 Non
472 547 620 582 humano
643 548 778 584 consilio
791 575 801 591 ,
822 550 881 584 sed
906 553 950 584 D.
973 553 1014 583 O.
1037 552 1086 583 M.
1105 541 1195 583 ¹cura
1217 558 1271 582 res
1295 547 1381 581 haee
1404 553 1454 581 est
1477 547 1633 582 inchoata
1656 554 1689 583 et
1707 558 1781 594 per-

312 604 408 636 fecta.
455 605 587 647 Multa,
609 616 730 650 magna
751 613 782 639 et
806 606 1060 640 innumerabilia
1084 617 1342 647 emmenum,
1365 604 1423 638 sed
1450 605 1564 638 omnia
1589 617 1689 648 nno,
1718 605 1781 641 def

312 659 429 693 bemus
441 674 451 701 ;
474 673 513 694 131
532 663 645 695 omnia
672 672 708 695 se
729 662 849 696 debere
870 663 1044 707 profitetur
1068 675 1160 696 IPSE
1174 687 1185 704 ‚
1207 660 1264 705 qui
1293 660 1377 694 haec
1399 660 1498 694 nobis
1520 661 1737 697 confirmavit.

380 719 492 751 Servet
516 730 616 751 maus
644 719 798 761 Patriae,
820 720 988 752 Ecclesiae
1014 725 1046 752 et
1073 717 1153 751 huic
1180 716 1383 751 Academiae
1407 718 1571 761 optimum
1592 717 1684 752 hunc
1712 731 1786 752 RE-

314 784 406 806 cem,
444 776 510 806 Det
526 775 751 818 longissimam
765 776 851 809 vitae
868 774 972 818 ipsius
989 785 1120 807 moram
1132 799 1141 816 ‚
1159 780 1196 807 ut
1211 773 1296 807 bene
1316 774 1356 807 de
1374 773 1490 816 nobis,
1513 773 1597 807 bene
1615 773 1785 819 deqposte-

315 829 410 862 ritate
423 854 434 872 ,
464 831 585 863 mereri
608 834 740 874 pergat!
806 831 1048 864 Felicissimum
1072 831 1113 863 sit
1140 831 1211 873 eius
1239 840 1397 873 regnum,
1420 842 1464 864 ne
1493 829 1573 874 quid
1596 829 1786 865 detrimenti

315 887 424 929 capiat
446 887 568 920 Civitas
588 889 710 929 Sacra,
735 886 863 929 CiviliS,
887 886 1069 920 Literaria.

378 944 492 976 servet
533 954 733 976 REGxNAM
771 941 1050 987 Angustissimam
1085 943 1341 987 universamque
1378 942 1517 976 domum
1552 943 1676 987 regIam
1696 956 1706 984 3
1747 949 1786 977 ut

317 998 405 1041 quod
429 997 542 1040 triste,
565 999 654 1043 quod
679 1000 863 1032 infaustum
887 1005 920 1032 et
944 998 1133 1041 funestiun,
1165 1010 1267 1043 quam
1298 997 1487 1044 longissime
1511 997 1618 1041 absit,
1649 999 1787 1033 felicitas

319 1060 431 1088 autem
452 1061 566 1089 nostra
584 1062 674 1089 sarta
697 1061 782 1089 tecta
801 1062 954 1098 maneat,
980 1057 1106 1099 vigeat,
1129 1055 1262 1088 floreat!

384 1113 623 1156 Angustissimo
645 1124 751 1147 Rern
784 1112 893 1146 denuo
920 1118 1070 1146 nostram
1091 1110 1306 1144 Academiam
1337 1111 1573 1146 commendare
1610 1111 1783 1156 piaculum

324 1166 417 1200 foret.
460 1169 527 1211 Ipsi
545 1168 667 1213 placuit
679 1170 889 1213 languentem
905 1174 1055 1203 nostram
1067 1193 1078 1210 ‚
1100 1168 1168 1201 imo
1185 1167 1252 1199 fere
1270 1167 1450 1200 extinctam
1462 1192 1472 1210 ,
1489 1167 1705 1202 Academiam
1727 1168 1788 1202 de-

320 1228 387 1257 nuo
410 1224 552 1268 erigere,
575 1224 788 1271 amplificare.
834 1225 939 1259 Nobis
965 1225 1049 1259 haee
1074 1223 1141 1258 otia
1167 1221 1274 1265 dedit,
1299 1233 1339 1256 ae
1363 1225 1529 1259 tristitiam
1551 1225 1588 1259 in
1609 1224 1767 1269 gaudium
1776 1235 1790 1267 ,'

322 1278 447 1313 luctum
471 1282 507 1315 in
527 1280 598 1315 dies
624 1282 726 1316 laetos
750 1283 922 1317 convertit.
1786 1288 1789 1292 '

385 1393 491 1429 Vobis
511 1395 632 1438 etiam,
650 1395 724 1429 Viri
744 1394 976 1438 Illustrissimi,
999 1394 1119 1440 quibus
1148 1392 1313 1437 imprimis
1331 1403 1412 1426 cura
1430 1393 1632 1429 Academiae
1653 1399 1788 1428 nostrae

327 1448 526 1483 demandata
546 1457 618 1493 est,
639 1451 746 1486 Vobis
767 1453 867 1485 etiam
891 1452 1108 1495 persolvimus
1134 1450 1260 1483 debitas
1285 1451 1417 1493 gratias.

386 1506 438 1537 Ab
464 1507 516 1539 illo
541 1507 628 1539 enim
649 1514 819 1551 tempore,
842 1520 908 1552 quo
932 1509 1116 1541 instaurata
1138 1512 1187 1539 est
1212 1512 1326 1540 nostra
1347 1506 1547 1550 Academia,
1573 1505 1792 1551 probavistis,

321 1561 403 1593 nihil
424 1561 531 1594 Vobis
545 1564 650 1606 magis
666 1574 765 1596 curae
785 1565 940 1607 cordique
961 1574 1032 1596 esse
1045 1587 1054 1603 ,
1078 1574 1180 1606 quam
1194 1563 1304 1595 literas
1324 1563 1558 1606 doctrinasque
1576 1564 1692 1605 quovis
1713 1573 1792 1596 mo-

324 1616 367 1649 do
395 1618 554 1651 excolere.
599 1619 781 1663 Nunquam
807 1617 973 1652 destitistis
1003 1629 1140 1661 operam
1164 1628 1310 1659 navare,
1346 1623 1382 1651 ut
1405 1618 1630 1651 Eruditissimi
1659 1618 1735 1652 Viri
1760 1619 1794 1652 in

324 1673 435 1706 locum
461 1674 738 1708 substituerentur
759 1686 874 1708 eorum
886 1700 897 1717 ,
920 1673 977 1719 qui
1002 1680 1060 1707 aut
1078 1675 1144 1707 fato
1162 1679 1354 1716 cesserunt,
1379 1680 1437 1706 aut
1454 1673 1715 1708 increscentibus
1730 1686 1796 1708 an-

325 1730 378 1762 nis
395 1731 445 1763 vel
459 1730 594 1764 adversa
611 1731 796 1765 valetudine
811 1756 821 1773 ,
844 1733 930 1773 justo
946 1731 1039 1763 titulo
1060 1732 1126 1764 otio
1141 1731 1299 1764 fruuntur
1314 1730 1463 1763 honesto.
1510 1733 1649 1774 Semper
1675 1736 1794 1764 aucto-

325 1795 378 1818 res
409 1785 514 1819 fuistis
542 1787 781 1831 Angustissimo
815 1788 920 1830 Regi,
951 1797 1016 1830 quo
1052 1788 1151 1820 modo
1192 1786 1418 1820 subsidiorum
1454 1793 1634 1831 apparatus
1670 1788 1793 1831 optime

325 1847 437 1885 'posset
454 1844 583 1886 augeri,
605 1844 813 1887 locupletari,
828 1842 1018 1884 emendari,
1043 1849 1080 1876 ut
1096 1843 1257 1877 hodierno
1275 1845 1415 1888 tempori
1429 1856 1470 1877 ac
1490 1842 1655 1888 praesenti
1666 1844 1792 1877 doctri-

326 1909 448 1931 narum
473 1899 649 1932 conditioni
674 1899 946 1933 accommodatus
967 1905 1073 1942 esset,
1107 1911 1171 1934 nec
1201 1900 1381 1945 quidquam
1411 1899 1608 1934 institutioni
1639 1899 1790 1945 publicae

328 1954 465 1987 deesset.

393 2010 498 2044 Vobis
518 2012 626 2055 itaque
650 2022 717 2045 non
736 2022 844 2054 pauca
868 2011 1038 2046 debemus.
1085 2015 1174 2054 Vos,
1196 2011 1269 2046 Viri
1288 2013 1522 2055 Illustrissimi,
1547 2013 1698 2057 quamvis
1723 2023 1789 2046 no-

327 2064 451 2100 bilitate
474 2069 622 2112 genem,
645 2067 785 2101 summis
817 2068 984 2102 honorum
1010 2069 1132 2111 tituliS,
1157 2069 1200 2103 ad
1224 2079 1357 2103 summa
1380 2080 1524 2103 munera
1549 2070 1696 2111 evocati,
1729 2078 1796 2101 no·

1744 2122 1796 2156 bis
