1919 2511
351 116 592 147 ‘RESPONSIO
626 122 668 145 AD
700 111 1012 152 QUAESTtoNEM
1034 111 1360 146 THE'OLOGICAM.
1582 122 1617 150 13

97 197 182 234 quasi
207 197 367 234 divideret,
398 206 430 227 ac
458 196 676 231 sacerdotibus,
705 194 909 231 episcoporum
933 193 1019 223 titulo
1055 194 1225 231 insignitis,
1259 195 1494 225 administrandas
1520 197 1610 226 daret.

99 248 205 284 Neque
225 255 318 278 tamen
346 248 520 285 singularum
549 247 689 276 curiarum
722 245 836 274 termini
856 242 993 274 'accurate
1012 245 1227 282 circumscripti
1253 246 1346 275 fuisse
1372 247 1506 276 videntur
1525 249 1607 284 (1).

98 299 157 327 Cui
174 300 216 328 rei
232 300 414 336 efficiendae.
437 300 486 330 vel
508 299 610 329 saltem
630 303 745 326 strenue
769 295 1005 340 conservandae,
1034 295 1166 325 obstabat
1186 296 1269 326 etiam
1292 297 1463 333 saepissime
1491 299 1611 335 repetita

40 384 44 386 v
96 350 241 380 Saxonum
261 350 399 382 defectio.

98 418 102 433 ;
137 401 195 430 Sed
212 402 247 429 de
263 401 385 437 singulis
399 400 558 438 episcopiis
577 407 665 436 pauca
678 407 865 429 moneamus

96 473 100 477 -
136 451 383 488 Osnabrugensis,
399 460 470 488 quae
487 452 611 488 primum
631 450 744 480 condita
764 450 869 485 fertur,
887 449 1025 485 ecclesia,
1047 450 1076 479 in
1093 449 1228 479 universa
1238 450 1307 480 belli
1323 450 1446 480 historia
1463 459 1499 479 ne
1517 452 1607 479 semel

97 503 210 539 quidem
226 502 311 532 obvia
325 509 379 533 est.
421 504 556 532 Attamen
583 511 647 531 cum
673 503 797 532 Mosero
823 501 1014 530 libentissime
1040 500 1162 536 faciam,
1187 502 1237 537 qui
1263 509 1367 539 putet,
1390 503 1520 531 evenisse
1537 501 1608 530 illud

94 554 185 583 ferme
208 554 541 591 annoDCCLXXIII,
571 555 717 592 reportata
742 563 757 583 a
779 554 887 583 Carolo
912 553 947 581 ad
971 552 1062 581 Hasin
1090 550 1210 581 fluvium
1238 554 1346 591 insigni
1370 554 1494 583 victoria
1524 555 1603 591 (2).

94 607 170 636 Nam
189 606 315 642 diploma
330 607 431 642 affert,
452 615 467 635 a
482 605 636 635 Luiovico
653 606 705 635 Pio
725 611 916 641 imperatore,
935 612 1011 633 anno
1033 603 1253 639 DCCCXXV,
1276 605 1306 633 in
1331 605 1457 634 concilio
1481 605 1609 635 Franco-

93 657 259 692 furdiensi,
279 657 398 693 datum3
429 665 463 685 ex
488 665 546 693 quo
568 664 669 694 patet,
699 656 951 693 Osnabrugensem
975 655 1150 691 ecclesiam,
1169 656 1296 685 consilio
1327 657 1465 687 HadrIani
1490 658 1608 693 pontifi—

95 708 138 736 cis
157 707 293 743 maximi,
317 709 401 745 jussu
427 697 525 744 regis,
553 709 673 743 primam
701 708 732 737 in
760 707 911 745 provincia
939 706 1082 736 VVestfala
1106 706 1252 736 fundatam
1279 716 1365 744 esse,
1393 709 1428 737 ab
1449 708 1609 745 Egilfritho

94 759 250 788 Leodiensi
266 759 405 795 episcopo
424 766 617 788 consecratam
631 780 641 794 ‚
663 759 838 795 decluiisque
861 759 986 787 dotatam
1007 759 1089 795 (3).
1126 757 1188 796 Jam
1213 767 1283 788 vero
1314 760 1391 789 hunc
1416 766 1480 788 ante
1503 768 1608 789 annum

94 809 336 841 DCCLXXXlV
353 818 414 838 esse
434 816 600 846 mortuum,
622 819 637 838 e
657 810 804 838 veteribus
828 817 937 838 certum
962 816 1006 838 est
1026 809 1094 847 (4)
1127 809 1336 846 Episcopatum
1368 818 1462 840 autem
1496 811 1607 847 primus

96 861 259 890 obtinuisse
291 860 384 889 X'v'iho
410 860 533 896 dicitur,
562 860 735 889 clarissimae
761 861 877 889 scholae
904 860 1111 898 Ultrajectinae
1139 861 1271 891 alumnus
1297 862 1377 899 (5).
1424 862 1610 890 Desideratur

95 913 206 950 quidem
222 912 348 948 diploma
360 912 394 940 de
413 911 564 948 episcopio
581 911 798 948 Osnabrugensi
817 912 981 940 condendo.
1023 911 1080 940 Sed
1100 918 1257 948 supersunt
1277 912 1335 941 duo
1355 913 1468 942 decreta
1484 913 1605 949 Caroli,

94 973 183 994 unum
199 963 265 993 anni
282 962 459 998 DCCCIII,
482 963 602 991 alterum
620 963 685 992 anni
702 963 872 998 sequentis,
900 962 1005 999 quibus
1018 963 1233 999 immunitates,
1256 963 1353 1000 bona,
1374 964 1483 993 reditus
1496 984 1507 1001 ,
1529 965 1609 1000 prius

94 1016 245 1053 episcopio
269 1017 324 1053 Jarn
349 1022 505 1050 concessa,
534 1014 686 1043 confirmat
715 1015 795 1051 (6).
837 1014 943 1043 Exstat
968 1023 1085 1050 quoque
1109 1014 1254 1043 Ludovici
1281 1014 1326 1043 Pii
1353 1016 1514 1044 mandatum
1540 1016 1606 1045 anni

93 1067 312 1102 DCCCXXV,
334 1075 392 1102 quo
414 1066 484 1103 legit
503 1067 592 1102 patris
611 1066 733 1104 vestigia
754 1067 835 1105 (7).
877 1066 953 1096 Sunt
971 1066 1083 1102 quidem
1102 1074 1117 1094 e
1133 1065 1346 1095 recentioribus
1367 1066 1457 1104 (8),
1485 1067 1535 1103 qui
1561 1068 1612 1095 mi.

92 1126 212 1156 rentur,
234 1118 371 1148 Carolum
389 1118 445 1156 jam
464 1117 515 1155 illo
532 1124 663 1155 tempore
685 1118 716 1147 in
732 1117 827 1152 terra,
845 1125 860 1145 a
882 1116 1004 1146 Francia
1022 1118 1109 1153 longe
1125 1117 1235 1145 remota
1247 1136 1257 1152 ‚
1283 1116 1470 1146 constituisse
1496 1118 1611 1154 episco-

95 1171 193 1207 pium,
222 1170 346 1198 sednon
371 1169 514 1206 cogitasse
537 1169 578 1198 illi
601 1169 757 1205 videntur,
786 1177 850 1197 eum
879 1177 913 1197 eo
935 1167 1001 1204 ipso
1027 1175 1103 1197 anno
1129 1166 1273 1203 ingentem
1299 1168 1493 1204 reportavisse
1520 1169 1613 1197 victo-

95 1221 182 1256 rIatn,
204 1221 287 1257 cujus
307 1222 439 1256 sequelas
455 1227 483 1249 et
507 1220 589 1257 quasi
612 1219 726 1248 fructus
750 1219 930 1248 considerare
956 1224 1091 1255 oporteat
1111 1218 1261 1254 episcopia
1284 1219 1398 1247 condita
1419 1220 1500 1256 (9).

132 1270 351 1301 Paderbrunnae
369 1273 425 1310 jam
448 1281 523 1302 anno
544 1270 773 1302 DCCLXXVII
793 1270 914 1299 ecclesia
935 1269 1085 1298 aedificata
1102 1275 1158 1298 est.
1200 1269 1245 1297 Ibi
1263 1269 1389 1299 Carolus
1407 1276 1466 1298 tum
1483 1279 1610 1308 magnam

99 1323 199 1352 habuit
232 1323 377 1352 Saxonum
407 1323 599 1359 concionem,
640 1323 669 1352 in
696 1330 781 1358 quam
810 1321 897 1350 duces
924 1329 990 1349 curn
1015 1320 1099 1358 plebe
1130 1319 1302 1356 veniebant,
1332 1320 1442 1350 veniam
1475 1322 1525 1350 hac
1554 1324 1607 1350 sub

96 1374 263 1408 conditione
284 1380 435 1410 petentes,
457 1381 511 1410 ut,
539 1373 667 1403 remissis
690 1372 840 1409 prioribus
865 1371 1048 1406 sceleribus,

352 1415 357 1417 Α
434 1426 459 1453 si
472 1431 535 1463 post
555 1423 695 1453 auderent
714 1434 773 1454 ctus
792 1425 903 1454 violare
921 1431 1035 1454 statuta
1048 1444 1059 1461 ,

438 1475 572 1505 libertate
591 1476 679 1504 simul
689 1476 793 1515 priscd
808 1477 968 1516 patridque
985 1482 1119 1504 carerent
1139 1475 1238 1514 (κο).

134 1528 365 1558 Paderbrunnam
384 1532 476 1556 autem
494 1535 562 1563 prae
580 1527 701 1563 reliquis
725 1535 838 1563 semper
856 1526 1011 1555 eminuisse
1029 1525 1182 1561 ecclesiis,
1205 1531 1338 1554 auctores
1350 1511 1516 1555 testantur.
1559 1527 1615 1555 Ca-

94 1580 189 1608 tolum
212 1578 287 1608 enim
308 1577 519 1614 sapientissime
543 1578 642 1607 locum
667 1578 809 1615 elegisse,
837 1577 896 1606 situ
912 1577 1028 1614 solique
1050 1577 1154 1606 natura
1179 1575 1473 1613 excellentissimum,
1503 1578 1537 1606 ad
1563 1579 1616 1607 ho-

94 1620 187 1661 mines
210 1629 390 1659 alliciendos.
431 1628 646 1659 Amoenissima
663 1629 705 1658 ibi
728 1635 789 1659 erat
808 1637 960 1659 nemorum
983 1627 1156 1663 diversitas,
1177 1635 1312 1664 agrorum
1337 1627 1475 1665 ubertas,
1494 1627 1610 1666 frugum

1560 1680 1617 1710 fer·

132 1763 167 1795 (1
183 1763 198 1797 )
214 1764 274 1791 Vid.
289 1763 383 1791 Henke
394 1782 403 1796 ,
423 1764 521 1791 Gesch.
539 1762 588 1791 der
603 1763 669 1794 chr.
688 1764 808 1797 Kirche,
827 1773 847 1793 t.
867 1765 888 1791 Ι.
906 1772 934 1798 p.
952 1771 982 1798 14
998 1761 1041 1791 ed.
1060 1762 1152 1790 Vater.

134 1807 196 1842 (2)
214 1806 325 1838 Moser,
341 1812 360 1835 1.
379 1804 446 1842 hp.
464 1817 526 1842 275.
662 1811 727 1846 (3)
745 1812 806 1840 Vid.
820 1812 936 1842 Moser,
953 1811 972 1838 l.
990 1811 1011 1837 1.
1026 1810 1133 1838 docum.
1151 1815 1170 1837 t.
1187 1809 1210 1838 Ι.
1228 1808 1286 1838 add.
1305 1816 1332 1843 p.
1349 1814 1397 1841 ιι,
1414 1816 1454 1836 12.

133 1855 201 1889 (4)
220 1854 280 1881 Vid.
299 1856 410 1887 Moser,
430 1862 457 1888 p.
473 1854 542 1888 276,
560 1861 622 1888 277.
639 1863 694 1883 not.
712 1858 739 1883 d.
756 1865 821 1890 quos
838 1858 901 1884 citat
917 1863 1050 1890 auctores.

125 1903 148 1935 ⁴<
158 1902 199 1935 5)
218 1902 315 1927 Moser
326 1919 334 1931 ‚
353 1901 372 1927 1.
388 1902 407 1928 l.
424 1899 535 1929 docum.
548 1909 574 1934 p.
590 1908 681 1935 3-5·
715 1903 872 1936 schreckh,
890 1907 909 1933 ι.
923 1905 997 1934 XIX.
1013 1913 1043 1939 Ρ.
1055 1910 1103 1938 27¹
1125 1911 1184 1938 sqq·

131 1946 201 1982 (6)
221 1947 331 1978 Moser,
348 1946 402 1973 1..1
538 1945 732 1982 (7)Moset‚
751 1951 942 1985 l..lp.6‚7‚

135 1994 194 2030 (8)
214 1993 345 2025 Schmidt,
364 1993 508 2020 Handbuch
525 2001 553 2022 u.
570 2002 592 2023 s.
609 2003 644 2023 w.
661 1997 679 2023 l.
694 1997 714 2024 1.
738 2005 766 2030 p.
779 2005 824 2031 94.

136 2041 196 2075 (ρ)
214 2041 281 2067 Arm.
298 2041 339 2066 Fr.
357 2041 413 2067 Pet.
431 2048 460 2073 p.
475 2047 563 2074 14‚15
579 2049 622 2075 ap.
636 2043 769 2075 Bouquet.
803 2043 906 2077 Fragm.
915 2042 984 2071 Ann.
993 2042 1036 2071 Fr.
1052 2050 1081 2077 p.
1094 2042 1174 2072 2601·
1188 2043 1208 2071 Ι.
1241 2042 1343 2072 claron.
1360 2042 1445 2071 Muss.
1463 2050 1491 2078 p.
1484 2050 1543 2079 ..70
1559 2045 1579 2072 l.
1596 2046 1614 2072 1.

134 2087 212 2122 (ιο)
232 2086 548 2115 Ann.1³oet.sax.1.1.
565 2093 610 2114 vs.
624 2094 671 2122 343
690 2096 751 2123 sqq.
873 2121 897 2152 B
