1919 2511
419 96 645 128 RESPONSIO
676 104 718 126 AD
750 95 1062 135 QUAESTIONEM
1094 97 1399 146 L1TERAR1AM„
1622 101 1659 137 89

434 180 556 217 Supplex
575 179 690 217 supinas
709 180 823 209 sustulit
840 180 909 208 coelo
929 189 1047 216 manus,-

434 230 568 268 Yibique,
590 232 684 269 inquit
704 231 824 260 haedum
844 240 995 267 voveram,
1017 232 1091 259 alme
1110 231 1270 269 Juppiter‚

435 281 469 309 Si
489 284 666 320 repperissem
679 282 803 318 furem:
822 284 942 321 opimum
962 291 1035 311 nunc
1054 282 1145 312 bovem

436 332 592 369 Polliceor,
614 333 671 369 ejus
691 335 716 362 si
735 343 834 363 manus
853 342 978 364 evasero.

437 434 576 462 Humana
596 443 689 468 mens,
711 435 818 472 ignara
839 433 921 462 sortis
942 433 1057 462 abditae

437 484 583 513 Nocitura
603 492 684 523 saepe
698 493 753 523 pro
773 484 933 514 salubribus
948 485 1035 522 petit.

187 585 401 613 Armenias-ius.
443 585 555 622 Aesop.
578 587 647 615 coll.
671 587 751 622 vuYg.
779 583 842 614 No.
864 593 929 622 131.
954 585 1034 614 Flor.
1061 583 1111 613 No
1142 592 1192 620 41.

191 635 375 673 Confragosos
401 636 503 665 saltus.
544 636 612 666 Liv.
634 636 705 665 Lib.
729 638 766 666 V.
796 645 861 672 cap.
883 636 933 665 26.
978 656 996 672 „
1018 637 1126 674 asperis
1142 635 1367 674 corfragosis-que
1386 637 1464 664 circa
1478 657 1486 671 ⁷
1508 643 1534 664 et
1558 638 1671 675 partim

154 708 172 722 ‚‚
191 689 286 720 artis,
304 687 415 725 partim
436 686 535 714 arduis
553 687 639 715 viis’'
661 693 688 715 et
707 686 772 716 Lib.
792 687 935 716 XXVIII.
964 696 1028 724 cap.
1049 697 1077 716 2.
1121 708 1139 723 ,‚
1161 687 1237 716 Loca
1254 687 1425 725 confragosa
1448 694 1474 715 et
1501 687 1589 716 obsita
1610 691 1671 717 νίν-

156 760 174 774 „
191 738 317 776 gultis.”
358 739 479 767 Videtur
499 738 591 767 fuisse
617 747 675 766 vox
702 738 792 767 Livio
820 739 849 767 in
877 738 1009 774 deliciis,
1038 747 1100 767 nam
1129 739 1221 767 utitur
1247 739 1296 768 illa
1322 746 1349 767 et
1377 739 1439 767 aliis
1461 740 1547 768 locis.
1598 739 1672 769 Sim-

153 791 219 826 plex
231 789 368 826 fragosus
390 789 424 817 de
444 788 527 818 silvis
550 796 593 818 est
611 790 687 826 apud
707 789 796 819 Ovid.
817 789 897 819 Met.
925 789 995 818 Lib.
1016 789 1070 819 IV.
1098 798 1144 818 vs-
1168 797 1235 825 777.

670 839 780 878 Perque
802 839 902 868 abdita
923 841 1002 878 longe

441 889 590 929 Deviaque
611 898 638 920 et
658 892 736 921 silvis
756 891 906 921 horrentia
927 900 999 920 saxa
1013 891 1153 929 fragosis.

193 943 307 979 Egemts
327 943 436 972 consili.
481 943 549 972 Sall.
578 943 606 972 in
634 943 724 972 Catil.
753 952 817 980 cap.
835 951 887 981 51.
919 945 948 980 §.
972 952 1021 980 37.
1067 963 1085 979 ,‚
1105 942 1235 979 Majores
1255 943 1345 970 nostri
1365 951 1450 979 neque
1469 943 1598 978 consilii,
1627 952 1673 970 ηει-

157 1013 174 1029 „
195 1002 247 1029 que
265 993 405 1020 audaciae
421 1002 554 1030 umquam
574 993 709 1031 eguere.‘”

193 1042 316 1082 Supplex
334 1046 450 1082 supinas
469 1051 526 1074 cet.
566 1044 698 1073 Imitatur
721 1043 832 1074 Noster
855 1044 964 1082 Virg‘ss.
986 1045 1062 1076 Aen.
1088 1045 1159 1075 Lib.
1180 1045 1234 1074 111.
1262 1052 1307 1074 vs.
1330 1044 1395 1081 176.

444 1095 573 1133 Corript‘o
593 1105 607 1123 e
627 1096 727 1124 stratt's
746 1104 866 1135 corpus,
886 1096 1022 1135 tendoque
1039 1099 1155 1135 supinas

445 1145 498 1176 Ad
512 1149 617 1177 coelum
637 1158 700 1178 cum
720 1157 781 1178 voce
800 1157 913 1178 manus.

156 1199 203 1228 Sic
230 1206 256 1228 et
287 1199 356 1229 Liv.
390 1199 460 1229 Lib.
484 1199 532 1228 111.
560 1208 625 1234 cap.
653 1210 702 1235 50.
748 1220 766 1235 „
788 1201 902 1238 supinas
928 1198 1027 1228 deinde
1060 1195 1173 1227 tendens
1204 1207 1326 1234 manus,
1358 1198 1555 1228 commilitones
1583 1199 1677 1237 appel-

159 1271 178 1286 „
199 1252 281 1286 laos,
310 1250 450 1279 orabat.'’
487 1249 556 1280 Lib.
578 1251 687 1280 XXVI,
721 1260 786 1288 cap.
807 1261 839 1287 9.
884 1271 902 1288 „
922 1247 1043 1289 Supinas
1063 1259 1163 1278 manus
1182 1249 1222 1278 ad
1239 1251 1341 1279 coelum
1361 1260 1395 1279 ac
1418 1251 1488 1279 Deos
1509 1249 1649 1278 tendentes
1663 1270 1673 1284 ,

158 1323 176 1338 ‚‚
197 1301 395 1339 orantesque.”
1009 1306 1013 1309 ’

192 1354 281 1383 Alme
295 1354 450 1392 Juppiter.
491 1356 565 1384 Vera
583 1362 626 1384 est
647 1354 812 1384 observatio
835 1354 943 1384 Sanctii
963 1354 991 1385 in
1012 1350 1148 1382 Mffnerva
1172 1351 1242 1381 Lib.
1260 1351 1286 1381 Ι.
1314 1360 1379 1389 cap.
1401 1360 1430 1387 7.
1451 1361 1554 1381 nomen
1575 1352 1674 1385 alma,

157 1406 225 1434 licet
250 1405 419 1443 adjectivum
441 1405 499 1441 sit,
527 1414 590 1434 raro
608 1413 700 1435 tamen
721 1407 750 1435 in
770 1406 950 1442 masculino,
977 1414 1132 1441 numquam
1153 1405 1182 1433 in
1206 1410 1308 1432 neutro
1331 1403 1516 1440 (singulari)
1537 1403 1673 1439 reperi1·i‚

159 1457 210 1485 ubi
234 1456 295 1485 vid.
322 1463 386 1485 not.
416 1456 554 1487 Scheidii.
595 1457 635 1485 Et
663 1458 756 1486 almus
780 1456 837 1485 dies
863 1457 978 1493 quidem
1006 1456 1159 1492 aliquoties
1186 1454 1311 1483 occurrit
1334 1454 1409 1490 apud
1428 1452 1598 1491 Virgilium:
1628 1453 1677 1481 sed

158 1515 300 1544 tamquam
321 1507 447 1536 Deorum
470 1507 620 1544 epitheton
641 1516 782 1544 nusquam
802 1509 916 1545 legitur.

867 1613 979 1625 ——fl—

347 1689 607 1722 FABULA
665 1681 1197 1721 SEPTUAGESI'MA
1257 1687 1482 1718 SEXTA.

665 1786 815 1806 LUPUS
869 1787 921 1806 ΕΤ
972 1785 1172 1805 MULIER-

452 1862 537 1892 Arva
557 1871 641 1900 quum
654 1862 771 1899 jejunus
790 1863 854 1892 olim
870 1868 1085 1900 pervagaretur
1104 1861 1205 1898 lupus,

451 1914 502 1941 Ad
519 1914 669 1950 tugurium
689 1914 766 1943 venit
785 1913 859 1942 uncle
877 1911 1035 1950 vagientem
1049 1912 1218 1951 puerculum
1232 1932 1242 1948 ,

452 1965 582 2002 Ilu'iequ‘e
600 1970 720 1993 matrem
740 1966 954 1993 comminantem
973 1973 1040 1992 sane
1058 1962 1156 1991 acerbe
1173 1957 1324 1998 exaudiit,

450 2014 534 2043 Flere
552 2017 582 2042 ni
600 2014 757 2051 desineret,
777 2016 859 2044 illum
879 2015 1058 2044 traditurum
1078 2023 1105 2043 se
1124 2013 1200 2052 lupo-

453 2067 532 2096 Serio
550 2069 637 2096 istaec
655 2068 789 2097 elocutam
810 2068 956 2096 mulierem
976 2073 1059 2095 ratus
1078 2065 1179 2104 lupus,

810 2117 846 2147 M
1606 2113 1680 2151 Jam
