<?xml version="1.0" encoding="UTF-8"?>
<!DOCTYPE html PUBLIC "-//W3C//DTD XHTML 1.0 Transitional//EN"
    "http://www.w3.org/TR/xhtml1/DTD/xhtml1-transitional.dtd">
<html xmlns="http://www.w3.org/1999/xhtml" xml:lang="en" lang="en">
 <head>
  <title>
</title>
<meta http-equiv="Content-Type" content="text/html;charset=utf-8" />
  <meta name='ocr-system' content='tesseract 3.04.00' />
  <meta name='ocr-capabilities' content='ocr_page ocr_carea ocr_par ocr_line ocrx_word'/>
</head>
<body>
  <div class='ocr_page' id='page_1' title='image "annalesacademiae24rijk_0331.png"; bbox 0 0 1919 2511; ppageno 0'>
   <div class='ocr_carea' id='block_1_1' title="bbox 361 94 1615 134">
    <p class='ocr_par' dir='ltr' id='par_1_1' title="bbox 361 94 1615 134">
     <span class='ocr_line' id='line_1_1' title="bbox 361 94 1615 134; baseline -0.002 -5"><span class='ocrx_word' id='word_1_1' title='bbox 361 97 589 129; x_wconf 88' lang='lat' dir='ltr'>RESPONSIO</span> <span class='ocrx_word' id='word_1_2' title='bbox 618 102 661 126; x_wconf 73' lang='lat' dir='ltr'>AD</span> <span class='ocrx_word' id='word_1_3' title='bbox 690 94 999 134; x_wconf 84' lang='lat' dir='ltr'><strong>QUAESTIONEM</strong></span> <span class='ocrx_word' id='word_1_4' title='bbox 1028 95 1355 128; x_wconf 84' lang='lat' dir='ltr'>THEOLOGICAM.</span> <span class='ocrx_word' id='word_1_5' title='bbox 1576 105 1615 134; x_wconf 80' lang='lat'>25</span> 
     </span>
    </p>
   </div>
   <div class='ocr_carea' id='block_1_2' title="bbox 95 178 1622 1895">
    <p class='ocr_par' dir='ltr' id='par_1_2' title="bbox 98 178 1622 976">
     <span class='ocr_line' id='line_1_2' title="bbox 101 178 1616 216; baseline -0.001 -5"><span class='ocrx_word' id='word_1_6' title='bbox 101 181 255 216; x_wconf 84' lang='lat' dir='ltr'>resistant,</span> <span class='ocrx_word' id='word_1_7' title='bbox 286 187 366 210; x_wconf 88' lang='lat' dir='ltr'>aestu</span> <span class='ocrx_word' id='word_1_8' title='bbox 390 189 444 210; x_wconf 88' lang='lat' dir='ltr'>suo</span> <span class='ocrx_word' id='word_1_9' title='bbox 467 179 660 216; x_wconf 83' lang='lat' dir='ltr'>abripientis,</span> <span class='ocrx_word' id='word_1_10' title='bbox 687 179 717 208; x_wconf 91' lang='lat' dir='ltr'>in</span> <span class='ocrx_word' id='word_1_11' title='bbox 741 184 836 215; x_wconf 86' lang='lat' dir='ltr'>partes</span> <span class='ocrx_word' id='word_1_12' title='bbox 864 178 1000 214; x_wconf 84' lang='lat' dir='ltr'>Europae</span> <span class='ocrx_word' id='word_1_13' title='bbox 1031 179 1169 208; x_wconf 84' lang='lat' dir='ltr'>cultiores</span> <span class='ocrx_word' id='word_1_14' title='bbox 1193 179 1378 215; x_wconf 81' lang='lat' dir='ltr'>irruperant,</span> <span class='ocrx_word' id='word_1_15' title='bbox 1411 179 1513 208; x_wconf 90' lang='lat' dir='ltr'>artium</span> <span class='ocrx_word' id='word_1_16' title='bbox 1540 188 1616 216; x_wconf 91' lang='lat' dir='ltr'>quo-</span> 
     </span>
     <span class='ocr_line' id='line_1_3' title="bbox 103 229 1616 269; baseline -0.001 -8"><span class='ocrx_word' id='word_1_17' title='bbox 103 241 160 269; x_wconf 91' lang='lat' dir='ltr'>que</span> <span class='ocrx_word' id='word_1_18' title='bbox 183 231 458 269; x_wconf 84' lang='lat' dir='ltr'>disciplinarumque</span> <span class='ocrx_word' id='word_1_19' title='bbox 485 237 594 268; x_wconf 87' lang='lat' dir='ltr'>pestem</span> <span class='ocrx_word' id='word_1_20' title='bbox 624 238 656 259; x_wconf 89' lang='lat' dir='ltr'>ac</span> <span class='ocrx_word' id='word_1_21' title='bbox 690 229 807 259; x_wconf 78' lang='lat' dir='ltr'>exitium</span> <span class='ocrx_word' id='word_1_22' title='bbox 835 237 933 258; x_wconf 85' lang='lat' dir='ltr'>secum</span> <span class='ocrx_word' id='word_1_23' title='bbox 964 230 1102 259; x_wconf 89' lang='lat' dir='ltr'>tulerant.</span> <span class='ocrx_word' id='word_1_24' title='bbox 1150 230 1284 259; x_wconf 81' lang='lat' dir='ltr'>Publicae</span> <span class='ocrx_word' id='word_1_25' title='bbox 1317 237 1494 260; x_wconf 88' lang='lat' dir='ltr'>evanuerunt</span> <span class='ocrx_word' id='word_1_26' title='bbox 1522 239 1616 260; x_wconf 88' lang='lat' dir='ltr'>earum</span> 
     </span>
     <span class='ocr_line' id='line_1_4' title="bbox 101 280 1618 319; baseline -0.001 -7"><span class='ocrx_word' id='word_1_27' title='bbox 101 283 230 313; x_wconf 87' lang='lat' dir='ltr'>scholae.</span> <span class='ocrx_word' id='word_1_28' title='bbox 272 283 306 312; x_wconf 90' lang='lat' dir='ltr'>Id</span> <span class='ocrx_word' id='word_1_29' title='bbox 320 282 458 319; x_wconf 88' lang='lat' dir='ltr'>temporis</span> <span class='ocrx_word' id='word_1_30' title='bbox 475 288 568 310; x_wconf 89' lang='lat' dir='ltr'>autem</span> <span class='ocrx_word' id='word_1_31' title='bbox 588 280 785 317; x_wconf 86' lang='lat' dir='ltr'>privatarum,</span> <span class='ocrx_word' id='word_1_32' title='bbox 807 280 836 309; x_wconf 88' lang='lat' dir='ltr'>in</span> <span class='ocrx_word' id='word_1_33' title='bbox 861 280 1019 317; x_wconf 90' lang='lat' dir='ltr'>episcopiis</span> <span class='ocrx_word' id='word_1_34' title='bbox 1043 281 1078 309; x_wconf 88' lang='lat' dir='ltr'>ad</span> <span class='ocrx_word' id='word_1_35' title='bbox 1101 280 1170 309; x_wconf 85' lang='lat' dir='ltr'>cleri</span> <span class='ocrx_word' id='word_1_36' title='bbox 1196 289 1280 310; x_wconf 91' lang='lat' dir='ltr'>usum</span> <span class='ocrx_word' id='word_1_37' title='bbox 1306 281 1547 317; x_wconf 85' lang='lat' dir='ltr'>constitutarum,</span> <span class='ocrx_word' id='word_1_38' title='bbox 1568 290 1618 310; x_wconf 91' lang='lat' dir='ltr'>cu-</span> 
     </span>
     <span class='ocr_line' id='line_1_5' title="bbox 101 331 1619 371; baseline -0.002 -8"><span class='ocrx_word' id='word_1_39' title='bbox 101 342 161 363; x_wconf 87' lang='lat' dir='ltr'>ram</span> <span class='ocrx_word' id='word_1_40' title='bbox 179 334 310 371; x_wconf 86' lang='lat' dir='ltr'>episcopi</span> <span class='ocrx_word' id='word_1_41' title='bbox 336 333 491 370; x_wconf 85' lang='lat' dir='ltr'>gerebant,</span> <span class='ocrx_word' id='word_1_42' title='bbox 520 332 550 361; x_wconf 91' lang='lat' dir='ltr'>in</span> <span class='ocrx_word' id='word_1_43' title='bbox 572 331 723 361; x_wconf 90' lang='lat' dir='ltr'>coenobiis</span> <span class='ocrx_word' id='word_1_44' title='bbox 751 331 880 361; x_wconf 84' lang='lat' dir='ltr'>abbates.</span> <span class='ocrx_word' id='word_1_45' title='bbox 921 331 998 360; x_wconf 80' lang='lat' dir='ltr'>HInc</span> <span class='ocrx_word' id='word_1_46' title='bbox 1021 331 1128 368; x_wconf 85' lang='lat' dir='ltr'>igitur,</span> <span class='ocrx_word' id='word_1_47' title='bbox 1152 341 1217 360; x_wconf 90' lang='lat' dir='ltr'>cum</span> <span class='ocrx_word' id='word_1_48' title='bbox 1241 331 1337 361; x_wconf 88' lang='lat' dir='ltr'>studia</span> <span class='ocrx_word' id='word_1_49' title='bbox 1363 331 1393 361; x_wconf 89' lang='lat' dir='ltr'>in</span> <span class='ocrx_word' id='word_1_50' title='bbox 1415 332 1519 360; x_wconf 88' lang='lat' dir='ltr'>horum</span> <span class='ocrx_word' id='word_1_51' title='bbox 1539 338 1619 361; x_wconf 83' lang='lat' dir='ltr'>utro·</span> 
     </span>
     <span class='ocr_line' id='line_1_6' title="bbox 104 381 1618 420; baseline -0.001 -7"><span class='ocrx_word' id='word_1_52' title='bbox 104 392 227 420; x_wconf 84' lang='lat' dir='ltr'>rumque</span> <span class='ocrx_word' id='word_1_53' title='bbox 245 383 377 413; x_wconf 85' lang='lat' dir='ltr'>claustris</span> <span class='ocrx_word' id='word_1_54' title='bbox 394 384 573 420; x_wconf 76' lang='lat' dir='ltr'>pulvereque</span> <span class='ocrx_word' id='word_1_55' title='bbox 599 382 776 411; x_wconf 90' lang='lat' dir='ltr'>scholastico</span> <span class='ocrx_word' id='word_1_56' title='bbox 799 381 1022 418; x_wconf 82' lang='lat' dir='ltr'>delitescerent,</span> <span class='ocrx_word' id='word_1_57' title='bbox 1043 382 1151 412; x_wconf 90' lang='lat' dir='ltr'>factum</span> <span class='ocrx_word' id='word_1_58' title='bbox 1176 389 1239 419; x_wconf 88' lang='lat' dir='ltr'>est,</span> <span class='ocrx_word' id='word_1_59' title='bbox 1261 389 1313 419; x_wconf 85' lang='lat' dir='ltr'>ut,</span> <span class='ocrx_word' id='word_1_60' title='bbox 1335 391 1401 412; x_wconf 88' lang='lat' dir='ltr'>cum</span> <span class='ocrx_word' id='word_1_61' title='bbox 1421 383 1541 412; x_wconf 86' lang='lat' dir='ltr'>clericos</span> <span class='ocrx_word' id='word_1_62' title='bbox 1559 383 1618 412; x_wconf 85' lang='lat' dir='ltr'>dira</span> 
     </span>
     <span class='ocr_line' id='line_1_7' title="bbox 102 433 1619 472; baseline 0 -10"><span class='ocrx_word' id='word_1_63' title='bbox 102 434 249 464; x_wconf 89' lang='lat' dir='ltr'>invaderet</span> <span class='ocrx_word' id='word_1_64' title='bbox 281 434 370 463; x_wconf 89' lang='lat' dir='ltr'>libido</span> <span class='ocrx_word' id='word_1_65' title='bbox 403 434 520 463; x_wconf 90' lang='lat' dir='ltr'>inertiae</span> <span class='ocrx_word' id='word_1_66' title='bbox 533 454 543 470; x_wconf 90' lang='lat'>,</span> <span class='ocrx_word' id='word_1_67' title='bbox 583 433 728 470; x_wconf 87' lang='lat' dir='ltr'>desidiae,</span> <span class='ocrx_word' id='word_1_68' title='bbox 761 433 892 463; x_wconf 87' lang='lat' dir='ltr'>mollitiei</span> <span class='ocrx_word' id='word_1_69' title='bbox 911 454 922 470; x_wconf 82' lang='lat'>,</span> <span class='ocrx_word' id='word_1_70' title='bbox 961 435 1048 463; x_wconf 66' lang='lat' dir='ltr'>luxus</span> <span class='ocrx_word' id='word_1_71' title='bbox 1068 455 1078 471; x_wconf 93' lang='lat'>,</span> <span class='ocrx_word' id='word_1_72' title='bbox 1117 434 1299 472; x_wconf 87' lang='lat' dir='ltr'>voluptatis,</span> <span class='ocrx_word' id='word_1_73' title='bbox 1333 433 1500 470; x_wconf 72' lang='lat' dir='ltr'>disciplinae</span> <span class='ocrx_word' id='word_1_74' title='bbox 1537 434 1619 463; x_wconf 90' lang='lat' dir='ltr'>brevi</span> 
     </span>
     <span class='ocr_line' id='line_1_8' title="bbox 100 485 1622 527; baseline -0.001 -11"><span class='ocrx_word' id='word_1_75' title='bbox 100 488 318 524; x_wconf 85' lang='lat' dir='ltr'>languescerent</span> <span class='ocrx_word' id='word_1_76' title='bbox 351 495 383 515; x_wconf 90' lang='lat' dir='ltr'>ac</span> <span class='ocrx_word' id='word_1_77' title='bbox 406 486 554 515; x_wconf 87' lang='lat' dir='ltr'>oblivione</span> <span class='ocrx_word' id='word_1_78' title='bbox 581 485 641 515; x_wconf 88' lang='lat' dir='ltr'>fere</span> <span class='ocrx_word' id='word_1_79' title='bbox 672 485 862 514; x_wconf 83' lang='lat' dir='ltr'>obruerentur</span> <span class='ocrx_word' id='word_1_80' title='bbox 895 486 977 524; x_wconf 87' lang='lat'>(1).</span> <span class='ocrx_word' id='word_1_81' title='bbox 1034 486 1189 514; x_wconf 83' lang='lat' dir='ltr'>Veteribus</span> <span class='ocrx_word' id='word_1_82' title='bbox 1225 485 1339 514; x_wconf 86' lang='lat' dir='ltr'>Latinis</span> <span class='ocrx_word' id='word_1_83' title='bbox 1366 485 1544 527; x_wconf 59' lang='lat' dir='ltr'>Graecisque</span> <span class='ocrx_word' id='word_1_84' title='bbox 1574 485 1622 514; x_wconf 83' lang='lat' dir='ltr'>lit·</span> 
     </span>
     <span class='ocr_line' id='line_1_9' title="bbox 101 535 1621 574; baseline -0.001 -8"><span class='ocrx_word' id='word_1_85' title='bbox 101 537 170 566; x_wconf 88' lang='lat' dir='ltr'>teris</span> <span class='ocrx_word' id='word_1_86' title='bbox 187 537 324 574; x_wconf 73' lang='lat' dir='ltr'>pestiFera</span> <span class='ocrx_word' id='word_1_87' title='bbox 341 537 505 574; x_wconf 86' lang='lat' dir='ltr'>praesertim</span> <span class='ocrx_word' id='word_1_88' title='bbox 524 543 583 566; x_wconf 89' lang='lat' dir='ltr'>erat</span> <span class='ocrx_word' id='word_1_89' title='bbox 606 535 886 573; x_wconf 85' lang='lat' dir='ltr'>superstitiosissimi</span> <span class='ocrx_word' id='word_1_90' title='bbox 904 536 968 573; x_wconf 85' lang='lat' dir='ltr'>ejus</span> <span class='ocrx_word' id='word_1_91' title='bbox 997 536 1059 566; x_wconf 87' lang='lat' dir='ltr'>aevi</span> <span class='ocrx_word' id='word_1_92' title='bbox 1086 536 1188 573; x_wconf 89' lang='lat' dir='ltr'>opinio</span> <span class='ocrx_word' id='word_1_93' title='bbox 1201 557 1212 571; x_wconf 84' lang='lat'>,</span> <span class='ocrx_word' id='word_1_94' title='bbox 1233 536 1361 564; x_wconf 86' lang='lat' dir='ltr'>studium</span> <span class='ocrx_word' id='word_1_95' title='bbox 1385 545 1479 565; x_wconf 87' lang='lat' dir='ltr'>earum</span> <span class='ocrx_word' id='word_1_96' title='bbox 1496 543 1523 565; x_wconf 89' lang='lat' dir='ltr'>et</span> <span class='ocrx_word' id='word_1_97' title='bbox 1536 545 1621 565; x_wconf 64' lang='lat' dir='ltr'>›exer-</span> 
     </span>
     <span class='ocr_line' id='line_1_10' title="bbox 100 586 1619 624; baseline -0.001 -6"><span class='ocrx_word' id='word_1_98' title='bbox 100 588 286 623; x_wconf 86' lang='lat' dir='ltr'>citationem,</span> <span class='ocrx_word' id='word_1_99' title='bbox 307 588 475 619; x_wconf 87' lang='lat' dir='ltr'>Christiano</span> <span class='ocrx_word' id='word_1_100' title='bbox 496 587 705 616; x_wconf 86' lang='lat' dir='ltr'>contumeliosa</span> <span class='ocrx_word' id='word_1_101' title='bbox 724 595 806 622; x_wconf 85' lang='lat' dir='ltr'>esse,</span> <span class='ocrx_word' id='word_1_102' title='bbox 833 586 918 622; x_wconf 84' lang='lat' dir='ltr'>eique</span> <span class='ocrx_word' id='word_1_103' title='bbox 939 593 1033 615; x_wconf 85' lang='lat' dir='ltr'>notam</span> <span class='ocrx_word' id='word_1_104' title='bbox 1061 587 1215 624; x_wconf 88' lang='lat' dir='ltr'>impietatis</span> <span class='ocrx_word' id='word_1_105' title='bbox 1241 587 1374 624; x_wconf 83' lang='lat' dir='ltr'>inurere,</span> <span class='ocrx_word' id='word_1_106' title='bbox 1397 596 1470 624; x_wconf 89' lang='lat' dir='ltr'>quae</span> <span class='ocrx_word' id='word_1_107' title='bbox 1492 594 1619 617; x_wconf 84' lang='lat' dir='ltr'>aeternae</span> 
     </span>
     <span class='ocr_line' id='line_1_11' title="bbox 104 637 1619 678; baseline -0.001 -9"><span class='ocrx_word' id='word_1_108' title='bbox 104 641 167 678; x_wconf 80' lang='lat' dir='ltr'>ejus</span> <span class='ocrx_word' id='word_1_109' title='bbox 187 639 273 669; x_wconf 87' lang='lat' dir='ltr'>saluti</span> <span class='ocrx_word' id='word_1_110' title='bbox 299 648 331 668; x_wconf 90' lang='lat' dir='ltr'>ac</span> <span class='ocrx_word' id='word_1_111' title='bbox 358 639 526 668; x_wconf 86' lang='lat' dir='ltr'>beatitudini</span> <span class='ocrx_word' id='word_1_112' title='bbox 549 638 653 667; x_wconf 88' lang='lat' dir='ltr'>nociva</span> <span class='ocrx_word' id='word_1_113' title='bbox 679 638 730 666; x_wconf 90' lang='lat' dir='ltr'>sit.</span> <span class='ocrx_word' id='word_1_114' title='bbox 770 637 884 666; x_wconf 90' lang='lat' dir='ltr'>Auctor</span> <span class='ocrx_word' id='word_1_115' title='bbox 908 637 1044 674; x_wconf 83' lang='lat' dir='ltr'>quidam,</span> <span class='ocrx_word' id='word_1_116' title='bbox 1066 648 1081 667; x_wconf 88' lang='lat' dir='ltr'>a</span> <span class='ocrx_word' id='word_1_117' title='bbox 1110 638 1213 669; x_wconf 87' lang='lat' dir='ltr'>Caroli</span> <span class='ocrx_word' id='word_1_118' title='bbox 1236 645 1327 667; x_wconf 87' lang='lat' dir='ltr'>aetate</span> <span class='ocrx_word' id='word_1_119' title='bbox 1353 647 1412 668; x_wconf 91' lang='lat' dir='ltr'>non</span> <span class='ocrx_word' id='word_1_120' title='bbox 1438 639 1558 667; x_wconf 85' lang='lat' dir='ltr'>multum</span> <span class='ocrx_word' id='word_1_121' title='bbox 1577 639 1619 667; x_wconf 89' lang='lat' dir='ltr'>di-</span> 
     </span>
     <span class='ocr_line' id='line_1_12' title="bbox 102 688 1617 726; baseline -0.001 -7"><span class='ocrx_word' id='word_1_122' title='bbox 102 696 201 726; x_wconf 89' lang='lat' dir='ltr'>stans,</span> <span class='ocrx_word' id='word_1_123' title='bbox 231 690 423 726; x_wconf 75' lang='lat' dir='ltr'>testificatur,</span> <span class='ocrx_word' id='word_1_124' title='bbox 457 699 515 726; x_wconf 91' lang='lat' dir='ltr'>quo</span> <span class='ocrx_word' id='word_1_125' title='bbox 546 696 676 726; x_wconf 87' lang='lat' dir='ltr'>tempore</span> <span class='ocrx_word' id='word_1_126' title='bbox 703 689 738 717; x_wconf 88' lang='lat' dir='ltr'>ad</span> <span class='ocrx_word' id='word_1_127' title='bbox 767 688 918 724; x_wconf 88' lang='lat' dir='ltr'>imperium</span> <span class='ocrx_word' id='word_1_128' title='bbox 950 690 1121 726; x_wconf 88' lang='lat' dir='ltr'>accederet,</span> <span class='ocrx_word' id='word_1_129' title='bbox 1151 690 1257 719; x_wconf 88' lang='lat' dir='ltr'>nullam</span> <span class='ocrx_word' id='word_1_130' title='bbox 1291 698 1412 726; x_wconf 88' lang='lat' dir='ltr'>prorsus</span> <span class='ocrx_word' id='word_1_131' title='bbox 1445 690 1475 719; x_wconf 90' lang='lat' dir='ltr'>in</span> <span class='ocrx_word' id='word_1_132' title='bbox 1497 689 1617 718; x_wconf 78' lang='lat' dir='ltr'>Francia</span> 
     </span>
     <span class='ocr_line' id='line_1_13' title="bbox 101 740 1618 778; baseline -0.001 -9"><span class='ocrx_word' id='word_1_133' title='bbox 101 740 271 776; x_wconf 87' lang='lat' dir='ltr'>scientiam,</span> <span class='ocrx_word' id='word_1_134' title='bbox 298 743 405 770; x_wconf 89' lang='lat' dir='ltr'>nullam</span> <span class='ocrx_word' id='word_1_135' title='bbox 429 740 522 769; x_wconf 87' lang='lat' dir='ltr'>fuisse</span> <span class='ocrx_word' id='word_1_136' title='bbox 549 740 740 769; x_wconf 85' lang='lat' dir='ltr'>eruditionem</span> <span class='ocrx_word' id='word_1_137' title='bbox 768 740 809 777; x_wconf 85' lang='lat'>(2</span> <span class='ocrx_word' id='word_1_138' title='bbox 825 741 852 777; x_wconf 85' lang='lat'>).</span> <span class='ocrx_word' id='word_1_139' title='bbox 900 740 1053 769; x_wconf 85' lang='lat' dir='ltr'>Accidisse</span> <span class='ocrx_word' id='word_1_140' title='bbox 1081 747 1173 769; x_wconf 86' lang='lat' dir='ltr'>autem</span> <span class='ocrx_word' id='word_1_141' title='bbox 1199 741 1325 778; x_wconf 87' lang='lat' dir='ltr'>dicitur,</span> <span class='ocrx_word' id='word_1_142' title='bbox 1354 748 1387 770; x_wconf 91' lang='lat' dir='ltr'>ut</span> <span class='ocrx_word' id='word_1_143' title='bbox 1411 749 1446 769; x_wconf 86' lang='lat' dir='ltr'>ex</span> <span class='ocrx_word' id='word_1_144' title='bbox 1469 740 1618 777; x_wconf 88' lang='lat' dir='ltr'>Stephano</span> 
     </span>
     <span class='ocr_line' id='line_1_14' title="bbox 101 790 1622 829; baseline -0.001 -9"><span class='ocrx_word' id='word_1_145' title='bbox 101 792 249 828; x_wconf 87' lang='lat' dir='ltr'>secundo,</span> <span class='ocrx_word' id='word_1_146' title='bbox 279 792 420 828; x_wconf 84' lang='lat' dir='ltr'>pontifice</span> <span class='ocrx_word' id='word_1_147' title='bbox 445 792 598 826; x_wconf 85' lang='lat' dir='ltr'>Romano,</span> <span class='ocrx_word' id='word_1_148' title='bbox 627 798 814 827; x_wconf 86' lang='lat' dir='ltr'>quaererent,</span> <span class='ocrx_word' id='word_1_149' title='bbox 839 791 909 827; x_wconf 90' lang='lat' dir='ltr'>quid</span> <span class='ocrx_word' id='word_1_150' title='bbox 933 791 995 820; x_wconf 87' lang='lat' dir='ltr'>fieri</span> <span class='ocrx_word' id='word_1_151' title='bbox 1020 793 1055 820; x_wconf 93' lang='lat' dir='ltr'>de</span> <span class='ocrx_word' id='word_1_152' title='bbox 1076 792 1226 821; x_wconf 86' lang='lat' dir='ltr'>sacerdote</span> <span class='ocrx_word' id='word_1_153' title='bbox 1254 793 1377 829; x_wconf 82' lang='lat' dir='ltr'>quodam</span> <span class='ocrx_word' id='word_1_154' title='bbox 1399 793 1546 829; x_wconf 85' lang='lat' dir='ltr'>placeret,</span> <span class='ocrx_word' id='word_1_155' title='bbox 1571 790 1622 827; x_wconf 87' lang='lat' dir='ltr'>qui</span> 
     </span>
     <span class='ocr_line' id='line_1_15' title="bbox 102 842 1619 880; baseline -0.001 -8"><span class='ocrx_word' id='word_1_156' title='bbox 102 851 198 879; x_wconf 89' lang='lat' dir='ltr'>neque</span> <span class='ocrx_word' id='word_1_157' title='bbox 221 844 408 880; x_wconf 87' lang='lat' dir='ltr'>symbolum,</span> <span class='ocrx_word' id='word_1_158' title='bbox 433 843 512 879; x_wconf 86' lang='lat' dir='ltr'>quod</span> <span class='ocrx_word' id='word_1_159' title='bbox 534 842 657 878; x_wconf 87' lang='lat' dir='ltr'>dicitur,</span> <span class='ocrx_word' id='word_1_160' title='bbox 679 842 891 878; x_wconf 85' lang='lat' dir='ltr'>apostolicum,</span> <span class='ocrx_word' id='word_1_161' title='bbox 914 851 1008 879; x_wconf 92' lang='lat' dir='ltr'>neque</span> <span class='ocrx_word' id='word_1_162' title='bbox 1036 843 1191 872; x_wconf 89' lang='lat' dir='ltr'>orationem</span> <span class='ocrx_word' id='word_1_163' title='bbox 1214 844 1382 873; x_wconf 87' lang='lat' dir='ltr'>dominicam</span> <span class='ocrx_word' id='word_1_164' title='bbox 1397 865 1406 877; x_wconf 88' lang='lat'>,</span> <span class='ocrx_word' id='word_1_165' title='bbox 1427 852 1521 879; x_wconf 90' lang='lat' dir='ltr'>neque</span> <span class='ocrx_word' id='word_1_166' title='bbox 1543 844 1619 880; x_wconf 90' lang='lat' dir='ltr'>psal-</span> 
     </span>
     <span class='ocr_line' id='line_1_16' title="bbox 101 891 1617 932; baseline 0 -9"><span class='ocrx_word' id='word_1_167' title='bbox 101 903 165 923; x_wconf 87' lang='lat' dir='ltr'>m-os</span> <span class='ocrx_word' id='word_1_168' title='bbox 182 891 310 931; x_wconf 81' lang='lat' dir='ltr'>teneret,</span> <span class='ocrx_word' id='word_1_169' title='bbox 333 894 403 931; x_wconf 89' lang='lat' dir='ltr'>quin</span> <span class='ocrx_word' id='word_1_170' title='bbox 428 893 510 924; x_wconf 86' lang='lat' dir='ltr'>etiam</span> <span class='ocrx_word' id='word_1_171' title='bbox 536 893 701 931; x_wconf 83' lang='lat' dir='ltr'>ignoraret,</span> <span class='ocrx_word' id='word_1_172' title='bbox 722 902 758 923; x_wconf 91' lang='lat' dir='ltr'>an</span> <span class='ocrx_word' id='word_1_173' title='bbox 776 893 811 923; x_wconf 88' lang='lat' dir='ltr'>ab</span> <span class='ocrx_word' id='word_1_174' title='bbox 836 893 974 931; x_wconf 80' lang='lat' dir='ltr'>episcopo</span> <span class='ocrx_word' id='word_1_175' title='bbox 998 901 1074 923; x_wconf 89' lang='lat' dir='ltr'>esset</span> <span class='ocrx_word' id='word_1_176' title='bbox 1097 902 1282 924; x_wconf 87' lang='lat' dir='ltr'>consecratus</span> <span class='ocrx_word' id='word_1_177' title='bbox 1309 895 1403 932; x_wconf 71' lang='grc'>(3)’.2</span> <span class='ocrx_word' id='word_1_178' title='bbox 1444 894 1493 924; x_wconf 84' lang='lat' dir='ltr'>Ex</span> <span class='ocrx_word' id='word_1_179' title='bbox 1519 902 1617 931; x_wconf 83' lang='lat' dir='ltr'>ungue</span> 
     </span>
     <span class='ocr_line' id='line_1_17' title="bbox 98 946 230 976; baseline -0.008 0"><span class='ocrx_word' id='word_1_180' title='bbox 98 946 230 976; x_wconf 71' lang='lat' dir='ltr'>leonem!</span> 
     </span>
    </p>

    <p class='ocr_par' dir='ltr' id='par_1_3' title="bbox 95 997 1622 1853">
     <span class='ocr_line' id='line_1_18' title="bbox 140 997 1617 1036; baseline -0.001 -9"><span class='ocrx_word' id='word_1_181' title='bbox 140 997 266 1028; x_wconf 85' lang='lat' dir='ltr'>Carolus</span> <span class='ocrx_word' id='word_1_182' title='bbox 286 999 413 1036; x_wconf 88' lang='lat' dir='ltr'>Magnus</span> <span class='ocrx_word' id='word_1_183' title='bbox 431 1008 496 1028; x_wconf 89' lang='lat' dir='ltr'>cum</span> <span class='ocrx_word' id='word_1_184' title='bbox 522 998 679 1028; x_wconf 84' lang='lat' dir='ltr'>litterarum</span> <span class='ocrx_word' id='word_1_185' title='bbox 703 999 802 1028; x_wconf 91' lang='lat' dir='ltr'>ardore</span> <span class='ocrx_word' id='word_1_186' title='bbox 824 999 976 1036; x_wconf 84' lang='lat' dir='ltr'>flagraret,</span> <span class='ocrx_word' id='word_1_187' title='bbox 1001 999 1037 1028; x_wconf 88' lang='lat' dir='ltr'>ad</span> <span class='ocrx_word' id='word_1_188' title='bbox 1060 998 1260 1029; x_wconf 86' lang='lat' dir='ltr'>emendandam</span> <span class='ocrx_word' id='word_1_189' title='bbox 1288 1007 1357 1027; x_wconf 89' lang='lat' dir='ltr'>vero</span> <span class='ocrx_word' id='word_1_190' title='bbox 1380 998 1527 1027; x_wconf 85' lang='lat' dir='ltr'>doctrinae</span> <span class='ocrx_word' id='word_1_191' title='bbox 1550 997 1617 1026; x_wconf 86' lang='lat' dir='ltr'>reli·</span> 
     </span>
     <span class='ocr_line' id='line_1_19' title="bbox 100 1047 1621 1086; baseline 0 -9"><span class='ocrx_word' id='word_1_192' title='bbox 100 1047 195 1085; x_wconf 88' lang='lat' dir='ltr'>gionis</span> <span class='ocrx_word' id='word_1_193' title='bbox 213 1049 352 1079; x_wconf 90' lang='lat' dir='ltr'>rationem</span> <span class='ocrx_word' id='word_1_194' title='bbox 377 1050 497 1080; x_wconf 84' lang='lat' dir='ltr'>maxime</span> <span class='ocrx_word' id='word_1_195' title='bbox 520 1050 711 1079; x_wconf 85' lang='lat' dir='ltr'>necessarium</span> <span class='ocrx_word' id='word_1_196' title='bbox 736 1051 874 1086; x_wconf 82' lang='lat' dir='ltr'>duceret,</span> <span class='ocrx_word' id='word_1_197' title='bbox 894 1057 928 1079; x_wconf 91' lang='lat' dir='ltr'>ut</span> <span class='ocrx_word' id='word_1_198' title='bbox 952 1051 1015 1079; x_wconf 86' lang='lat' dir='ltr'>illas</span> <span class='ocrx_word' id='word_1_199' title='bbox 1036 1059 1051 1078; x_wconf 91' lang='lat' dir='ltr'>e</span> <span class='ocrx_word' id='word_1_200' title='bbox 1071 1057 1164 1079; x_wconf 86' lang='lat' dir='ltr'>morte</span> <span class='ocrx_word' id='word_1_201' title='bbox 1184 1049 1293 1085; x_wconf 87' lang='lat' dir='ltr'>veluti,</span> <span class='ocrx_word' id='word_1_202' title='bbox 1314 1050 1349 1078; x_wconf 90' lang='lat' dir='ltr'>ad</span> <span class='ocrx_word' id='word_1_203' title='bbox 1371 1049 1445 1078; x_wconf 87' lang='lat' dir='ltr'>vitae</span> <span class='ocrx_word' id='word_1_204' title='bbox 1460 1051 1554 1078; x_wconf 88' lang='lat' dir='ltr'>lucem</span> <span class='ocrx_word' id='word_1_205' title='bbox 1576 1057 1621 1077; x_wconf 86' lang='lat' dir='ltr'>re·</span> 
     </span>
     <span class='ocr_line' id='line_1_20' title="bbox 100 1099 1619 1138; baseline 0 -10"><span class='ocrx_word' id='word_1_206' title='bbox 100 1106 235 1136; x_wconf 88' lang='lat' dir='ltr'>vocaret,</span> <span class='ocrx_word' id='word_1_207' title='bbox 257 1100 381 1137; x_wconf 89' lang='lat' dir='ltr'>primum</span> <span class='ocrx_word' id='word_1_208' title='bbox 400 1101 554 1138; x_wconf 89' lang='lat' dir='ltr'>episcopos</span> <span class='ocrx_word' id='word_1_209' title='bbox 574 1108 602 1130; x_wconf 88' lang='lat' dir='ltr'>et</span> <span class='ocrx_word' id='word_1_210' title='bbox 622 1102 739 1131; x_wconf 89' lang='lat' dir='ltr'>abbates</span> <span class='ocrx_word' id='word_1_211' title='bbox 765 1103 801 1131; x_wconf 90' lang='lat' dir='ltr'>de</span> <span class='ocrx_word' id='word_1_212' title='bbox 825 1103 989 1132; x_wconf 88' lang='lat' dir='ltr'>scholarum</span> <span class='ocrx_word' id='word_1_213' title='bbox 1009 1101 1040 1130; x_wconf 90' lang='lat' dir='ltr'>in</span> <span class='ocrx_word' id='word_1_214' title='bbox 1065 1101 1136 1130; x_wconf 91' lang='lat' dir='ltr'>cleri</span> <span class='ocrx_word' id='word_1_215' title='bbox 1156 1101 1421 1136; x_wconf 86' lang='lat' dir='ltr'>monachorumque</span> <span class='ocrx_word' id='word_1_216' title='bbox 1442 1109 1527 1129; x_wconf 88' lang='lat' dir='ltr'>usum</span> <span class='ocrx_word' id='word_1_217' title='bbox 1553 1099 1619 1128; x_wconf 88' lang='lat' dir='ltr'>refi-</span> 
     </span>
     <span class='ocr_line' id='line_1_21' title="bbox 99 1149 1616 1190; baseline 0.001 -12"><span class='ocrx_word' id='word_1_218' title='bbox 99 1149 262 1179; x_wconf 88' lang='lat' dir='ltr'>ciendarum</span> <span class='ocrx_word' id='word_1_219' title='bbox 297 1153 366 1181; x_wconf 74' lang='lat' dir='ltr'>cura</span> <span class='ocrx_word' id='word_1_220' title='bbox 400 1159 428 1181; x_wconf 88' lang='lat' dir='ltr'>et</span> <span class='ocrx_word' id='word_1_221' title='bbox 455 1153 625 1182; x_wconf 90' lang='lat' dir='ltr'>necessitate</span> <span class='ocrx_word' id='word_1_222' title='bbox 655 1153 854 1183; x_wconf 84' lang='lat' dir='ltr'>strenuissime</span> <span class='ocrx_word' id='word_1_223' title='bbox 879 1154 1010 1182; x_wconf 88' lang='lat' dir='ltr'>hortatus</span> <span class='ocrx_word' id='word_1_224' title='bbox 1037 1159 1081 1181; x_wconf 91' lang='lat' dir='ltr'>est</span> <span class='ocrx_word' id='word_1_225' title='bbox 1110 1153 1191 1190; x_wconf 85' lang='lat'><strong>(4).</strong></span> <span class='ocrx_word' id='word_1_226' title='bbox 1249 1153 1287 1182; x_wconf 89' lang='lat' dir='ltr'>Se</span> <span class='ocrx_word' id='word_1_227' title='bbox 1314 1159 1518 1188; x_wconf 87' lang='lat' dir='ltr'>magnatesque</span> <span class='ocrx_word' id='word_1_228' title='bbox 1548 1159 1616 1180; x_wconf 89' lang='lat' dir='ltr'>suos</span> 
     </span>
     <span class='ocr_line' id='line_1_22' title="bbox 98 1201 1615 1240; baseline 0 -10"><span class='ocrx_word' id='word_1_229' title='bbox 98 1203 282 1238; x_wconf 85' lang='lat' dir='ltr'>perspexisse</span> <span class='ocrx_word' id='word_1_230' title='bbox 306 1203 363 1239; x_wconf 80' lang='lat' dir='ltr'>ait,</span> <span class='ocrx_word' id='word_1_231' title='bbox 394 1203 465 1232; x_wconf 86' lang='lat' dir='ltr'>utile</span> <span class='ocrx_word' id='word_1_232' title='bbox 492 1203 642 1239; x_wconf 83' lang='lat' dir='ltr'>futurum,</span> <span class='ocrx_word' id='word_1_233' title='bbox 675 1210 707 1232; x_wconf 89' lang='lat' dir='ltr'>ut</span> <span class='ocrx_word' id='word_1_234' title='bbox 735 1204 765 1233; x_wconf 89' lang='lat' dir='ltr'>in</span> <span class='ocrx_word' id='word_1_235' title='bbox 788 1203 947 1240; x_wconf 90' lang='lat' dir='ltr'>episcopiis</span> <span class='ocrx_word' id='word_1_236' title='bbox 975 1212 1007 1232; x_wconf 90' lang='lat' dir='ltr'>ac</span> <span class='ocrx_word' id='word_1_237' title='bbox 1029 1203 1232 1238; x_wconf 86' lang='lat' dir='ltr'>monasteriis,</span> <span class='ocrx_word' id='word_1_238' title='bbox 1264 1212 1323 1232; x_wconf 89' lang='lat' dir='ltr'>non</span> <span class='ocrx_word' id='word_1_239' title='bbox 1352 1205 1446 1232; x_wconf 90' lang='lat' dir='ltr'>solum</span> <span class='ocrx_word' id='word_1_240' title='bbox 1479 1201 1615 1238; x_wconf 87' lang='lat' dir='ltr'>regularis</span> 
     </span>
     <span class='ocr_line' id='line_1_23' title="bbox 99 1252 1622 1291; baseline 0 -10"><span class='ocrx_word' id='word_1_241' title='bbox 99 1252 177 1282; x_wconf 89' lang='lat' dir='ltr'>vitae</span> <span class='ocrx_word' id='word_1_242' title='bbox 193 1254 264 1283; x_wconf 90' lang='lat' dir='ltr'>ordo</span> <span class='ocrx_word' id='word_1_243' title='bbox 281 1261 454 1291; x_wconf 87' lang='lat' dir='ltr'>sanctaeque</span> <span class='ocrx_word' id='word_1_244' title='bbox 482 1255 632 1291; x_wconf 83' lang='lat' dir='ltr'>religionis</span> <span class='ocrx_word' id='word_1_245' title='bbox 655 1255 835 1284; x_wconf 87' lang='lat' dir='ltr'>consuetudo</span> <span class='ocrx_word' id='word_1_246' title='bbox 856 1254 1047 1290; x_wconf 89' lang='lat' dir='ltr'>observetur,</span> <span class='ocrx_word' id='word_1_247' title='bbox 1070 1254 1121 1283; x_wconf 90' lang='lat' dir='ltr'>sed</span> <span class='ocrx_word' id='word_1_248' title='bbox 1137 1260 1170 1282; x_wconf 90' lang='lat' dir='ltr'>ut</span> <span class='ocrx_word' id='word_1_249' title='bbox 1192 1253 1275 1283; x_wconf 89' lang='lat' dir='ltr'>etiam</span> <span class='ocrx_word' id='word_1_250' title='bbox 1302 1262 1370 1283; x_wconf 92' lang='lat' dir='ltr'>cura</span> <span class='ocrx_word' id='word_1_251' title='bbox 1392 1252 1553 1282; x_wconf 90' lang='lat' dir='ltr'>studiorum</span> <span class='ocrx_word' id='word_1_252' title='bbox 1572 1261 1622 1289; x_wconf 86' lang='lat' dir='ltr'>ge·</span> 
     </span>
     <span class='ocr_line' id='line_1_24' title="bbox 96 1304 1615 1343; baseline 0.001 -11"><span class='ocrx_word' id='word_1_253' title='bbox 96 1309 196 1339; x_wconf 80' lang='lat' dir='ltr'>ratur,</span> <span class='ocrx_word' id='word_1_254' title='bbox 220 1305 345 1340; x_wconf 92' lang='lat' dir='ltr'>quibus,</span> <span class='ocrx_word' id='word_1_255' title='bbox 368 1306 419 1341; x_wconf 92' lang='lat' dir='ltr'>qui</span> <span class='ocrx_word' id='word_1_256' title='bbox 444 1306 555 1335; x_wconf 88' lang='lat' dir='ltr'>discere</span> <span class='ocrx_word' id='word_1_257' title='bbox 582 1306 716 1342; x_wconf 89' lang='lat' dir='ltr'>possint,</span> <span class='ocrx_word' id='word_1_258' title='bbox 739 1306 890 1343; x_wconf 89' lang='lat' dir='ltr'>diligenter</span> <span class='ocrx_word' id='word_1_259' title='bbox 914 1305 1095 1335; x_wconf 87' lang='lat' dir='ltr'>incumbant.</span> <span class='ocrx_word' id='word_1_260' title='bbox 1134 1305 1169 1334; x_wconf 92' lang='lat' dir='ltr'>Id</span> <span class='ocrx_word' id='word_1_261' title='bbox 1201 1304 1275 1334; x_wconf 87' lang='lat' dir='ltr'>enim</span> <span class='ocrx_word' id='word_1_262' title='bbox 1302 1305 1440 1342; x_wconf 90' lang='lat' dir='ltr'>agendum</span> <span class='ocrx_word' id='word_1_263' title='bbox 1458 1313 1540 1340; x_wconf 82' lang='lat' dir='ltr'>esse,</span> <span class='ocrx_word' id='word_1_264' title='bbox 1563 1311 1615 1339; x_wconf 90' lang='lat' dir='ltr'>ut,</span> 
     </span>
     <span class='ocr_line' id='line_1_25' title="bbox 100 1352 1615 1394; baseline 0.001 -12"><span class='ocrx_word' id='word_1_265' title='bbox 100 1352 151 1389; x_wconf 89' lang='lat' dir='ltr'>qui</span> <span class='ocrx_word' id='word_1_266' title='bbox 167 1354 231 1383; x_wconf 91' lang='lat' dir='ltr'>Deo</span> <span class='ocrx_word' id='word_1_267' title='bbox 254 1357 386 1390; x_wconf 86' lang='lat' dir='ltr'>placeant</span> <span class='ocrx_word' id='word_1_268' title='bbox 412 1363 491 1385; x_wconf 89' lang='lat' dir='ltr'>recte</span> <span class='ocrx_word' id='word_1_269' title='bbox 518 1357 657 1390; x_wconf 86' lang='lat' dir='ltr'>vivendo,</span> <span class='ocrx_word' id='word_1_270' title='bbox 681 1366 742 1386; x_wconf 88' lang='lat' dir='ltr'>non</span> <span class='ocrx_word' id='word_1_271' title='bbox 768 1358 914 1394; x_wconf 83' lang='lat' dir='ltr'>negligant</span> <span class='ocrx_word' id='word_1_272' title='bbox 936 1359 1049 1393; x_wconf 88' lang='lat' dir='ltr'>placere</span> <span class='ocrx_word' id='word_1_273' title='bbox 1074 1356 1100 1384; x_wconf 91' lang='lat' dir='ltr'>ei</span> <span class='ocrx_word' id='word_1_274' title='bbox 1124 1362 1202 1385; x_wconf 90' lang='lat' dir='ltr'>recte</span> <span class='ocrx_word' id='word_1_275' title='bbox 1228 1357 1397 1393; x_wconf 89' lang='lat' dir='ltr'>loquendo:</span> <span class='ocrx_word' id='word_1_276' title='bbox 1421 1355 1552 1392; x_wconf 89' lang='lat' dir='ltr'>quamvis</span> <span class='ocrx_word' id='word_1_277' title='bbox 1577 1356 1615 1384; x_wconf 87' lang='lat' dir='ltr'>sit</span> 
     </span>
     <span class='ocr_line' id='line_1_26' title="bbox 100 1404 1615 1444; baseline 0 -10"><span class='ocrx_word' id='word_1_278' title='bbox 100 1404 204 1434; x_wconf 85' lang='lat' dir='ltr'>melius</span> <span class='ocrx_word' id='word_1_279' title='bbox 221 1404 334 1442; x_wconf 81' lang='lat' dir='ltr'>facere,</span> <span class='ocrx_word' id='word_1_280' title='bbox 356 1415 440 1442; x_wconf 87' lang='lat' dir='ltr'>quam</span> <span class='ocrx_word' id='word_1_281' title='bbox 465 1416 573 1444; x_wconf 88' lang='lat' dir='ltr'>nosse,</span> <span class='ocrx_word' id='word_1_282' title='bbox 595 1415 731 1444; x_wconf 86' lang='lat' dir='ltr'>oportere</span> <span class='ocrx_word' id='word_1_283' title='bbox 746 1415 840 1437; x_wconf 89' lang='lat' dir='ltr'>tamen</span> <span class='ocrx_word' id='word_1_284' title='bbox 860 1415 892 1437; x_wconf 90' lang='lat' dir='ltr'>ut</span> <span class='ocrx_word' id='word_1_285' title='bbox 911 1408 968 1437; x_wconf 92' lang='lat' dir='ltr'>hoc</span> <span class='ocrx_word' id='word_1_286' title='bbox 987 1408 1038 1437; x_wconf 95' lang='lat' dir='ltr'>illo</span> <span class='ocrx_word' id='word_1_287' title='bbox 1063 1407 1143 1444; x_wconf 84' lang='lat' dir='ltr'>prius</span> <span class='ocrx_word' id='word_1_288' title='bbox 1166 1407 1216 1436; x_wconf 85' lang='lat' dir='ltr'>sit.</span> <span class='ocrx_word' id='word_1_289' title='bbox 1257 1408 1295 1436; x_wconf 87' lang='lat' dir='ltr'>Se</span> <span class='ocrx_word' id='word_1_290' title='bbox 1310 1414 1402 1436; x_wconf 92' lang='lat' dir='ltr'>autem</span> <span class='ocrx_word' id='word_1_291' title='bbox 1422 1408 1451 1437; x_wconf 92' lang='lat' dir='ltr'>in</span> <span class='ocrx_word' id='word_1_292' title='bbox 1469 1407 1615 1444; x_wconf 88' lang='lat' dir='ltr'>plerisque</span> 
     </span>
     <span class='ocr_line' id='line_1_27' title="bbox 96 1455 1612 1494; baseline 0 -10"><span class='ocrx_word' id='word_1_293' title='bbox 96 1455 322 1493; x_wconf 86' lang='lat' dir='ltr'>praefationibus</span> <span class='ocrx_word' id='word_1_294' title='bbox 339 1457 532 1494; x_wconf 89' lang='lat' dir='ltr'>scriptionum</span> <span class='ocrx_word' id='word_1_295' title='bbox 544 1479 553 1494; x_wconf 94' lang='lat'>,</span> <span class='ocrx_word' id='word_1_296' title='bbox 569 1459 604 1487; x_wconf 89' lang='lat' dir='ltr'>ad</span> <span class='ocrx_word' id='word_1_297' title='bbox 619 1467 649 1488; x_wconf 88' lang='lat' dir='ltr'>se</span> <span class='ocrx_word' id='word_1_298' title='bbox 662 1467 677 1488; x_wconf 88' lang='lat' dir='ltr'>e</span> <span class='ocrx_word' id='word_1_299' title='bbox 689 1459 869 1488; x_wconf 89' lang='lat' dir='ltr'>monasteriis</span> <span class='ocrx_word' id='word_1_300' title='bbox 884 1459 1046 1493; x_wconf 83' lang='lat' dir='ltr'>missarum,</span> <span class='ocrx_word' id='word_1_301' title='bbox 1062 1458 1092 1487; x_wconf 93' lang='lat' dir='ltr'>in</span> <span class='ocrx_word' id='word_1_302' title='bbox 1108 1458 1247 1487; x_wconf 87' lang='lat' dir='ltr'>incultum</span> <span class='ocrx_word' id='word_1_303' title='bbox 1264 1467 1425 1488; x_wconf 89' lang='lat' dir='ltr'>sermonem</span> <span class='ocrx_word' id='word_1_304' title='bbox 1441 1456 1612 1493; x_wconf 81' lang='lat' dir='ltr'>offendisse,</span> 
     </span>
     <span class='ocr_line' id='line_1_28' title="bbox 99 1507 1611 1547; baseline 0 -11"><span class='ocrx_word' id='word_1_305' title='bbox 99 1507 140 1541; x_wconf 76' lang='lat' dir='ltr'>ita</span> <span class='ocrx_word' id='word_1_306' title='bbox 156 1513 209 1543; x_wconf 92' lang='lat' dir='ltr'>ut,</span> <span class='ocrx_word' id='word_1_307' title='bbox 232 1508 312 1544; x_wconf 92' lang='lat' dir='ltr'>quod</span> <span class='ocrx_word' id='word_1_308' title='bbox 327 1507 447 1537; x_wconf 85' lang='lat' dir='ltr'>interius</span> <span class='ocrx_word' id='word_1_309' title='bbox 465 1509 588 1538; x_wconf 90' lang='lat' dir='ltr'>fideliter</span> <span class='ocrx_word' id='word_1_310' title='bbox 609 1510 733 1539; x_wconf 89' lang='lat' dir='ltr'>dictabat</span> <span class='ocrx_word' id='word_1_311' title='bbox 750 1511 841 1547; x_wconf 88' lang='lat' dir='ltr'>pietas</span> <span class='ocrx_word' id='word_1_312' title='bbox 853 1531 864 1547; x_wconf 91' lang='lat'>,</span> <span class='ocrx_word' id='word_1_313' title='bbox 885 1512 941 1540; x_wconf 88' lang='lat' dir='ltr'>hoc</span> <span class='ocrx_word' id='word_1_314' title='bbox 962 1510 1089 1539; x_wconf 85' lang='lat' dir='ltr'>exterius</span> <span class='ocrx_word' id='word_1_315' title='bbox 1100 1530 1109 1545; x_wconf 90' lang='lat'>,</span> <span class='ocrx_word' id='word_1_316' title='bbox 1125 1516 1246 1546; x_wconf 86' lang='lat' dir='ltr'>propter</span> <span class='ocrx_word' id='word_1_317' title='bbox 1263 1510 1373 1539; x_wconf 88' lang='lat' dir='ltr'>dicendi</span> <span class='ocrx_word' id='word_1_318' title='bbox 1389 1507 1589 1544; x_wconf 86' lang='lat' dir='ltr'>negligentiam</span> <span class='ocrx_word' id='word_1_319' title='bbox 1601 1528 1611 1543; x_wconf 94' lang='lat'>,</span> 
     </span>
     <span class='ocr_line' id='line_1_29' title="bbox 99 1558 1614 1599; baseline 0.001 -13"><span class='ocrx_word' id='word_1_320' title='bbox 99 1566 195 1587; x_wconf 88' lang='lat' dir='ltr'>sermo</span> <span class='ocrx_word' id='word_1_321' title='bbox 211 1558 340 1595; x_wconf 86' lang='lat' dir='ltr'>proferre</span> <span class='ocrx_word' id='word_1_322' title='bbox 355 1569 416 1589; x_wconf 91' lang='lat' dir='ltr'>non</span> <span class='ocrx_word' id='word_1_323' title='bbox 431 1561 550 1590; x_wconf 90' lang='lat' dir='ltr'>valeret.</span> <span class='ocrx_word' id='word_1_324' title='bbox 595 1561 744 1590; x_wconf 90' lang='lat' dir='ltr'>Timuisse</span> <span class='ocrx_word' id='word_1_325' title='bbox 763 1571 794 1590; x_wconf 89' lang='lat' dir='ltr'>se</span> <span class='ocrx_word' id='word_1_326' title='bbox 814 1561 920 1599; x_wconf 84' lang='lat' dir='ltr'>igitur,</span> <span class='ocrx_word' id='word_1_327' title='bbox 940 1571 976 1591; x_wconf 86' lang='lat' dir='ltr'>ne</span> <span class='ocrx_word' id='word_1_328' title='bbox 997 1561 1028 1591; x_wconf 87' lang='lat' dir='ltr'>in</span> <span class='ocrx_word' id='word_1_329' title='bbox 1049 1561 1155 1598; x_wconf 90' lang='lat' dir='ltr'>quibus</span> <span class='ocrx_word' id='word_1_330' title='bbox 1174 1561 1268 1588; x_wconf 89' lang='lat' dir='ltr'>minor</span> <span class='ocrx_word' id='word_1_331' title='bbox 1284 1566 1360 1588; x_wconf 87' lang='lat' dir='ltr'>esset</span> <span class='ocrx_word' id='word_1_332' title='bbox 1376 1558 1522 1595; x_wconf 85' lang='lat' dir='ltr'>diligentia</span> <span class='ocrx_word' id='word_1_333' title='bbox 1544 1558 1614 1587; x_wconf 86' lang='lat' dir='ltr'>scri-</span> 
     </span>
     <span class='ocr_line' id='line_1_30' title="bbox 97 1607 1612 1650; baseline 0.001 -14"><span class='ocrx_word' id='word_1_334' title='bbox 97 1607 204 1645; x_wconf 82' lang='lat' dir='ltr'>bendi,</span> <span class='ocrx_word' id='word_1_335' title='bbox 220 1609 255 1641; x_wconf 16' lang='lat' dir='ltr'>*in</span> <span class='ocrx_word' id='word_1_336' title='bbox 273 1609 310 1638; x_wconf 90' lang='lat' dir='ltr'>iis</span> <span class='ocrx_word' id='word_1_337' title='bbox 331 1610 426 1639; x_wconf 87' lang='lat' dir='ltr'>minor</span> <span class='ocrx_word' id='word_1_338' title='bbox 444 1620 563 1647; x_wconf 89' lang='lat' dir='ltr'>quoque</span> <span class='ocrx_word' id='word_1_339' title='bbox 581 1619 657 1641; x_wconf 89' lang='lat' dir='ltr'>esset</span> <span class='ocrx_word' id='word_1_340' title='bbox 676 1613 778 1642; x_wconf 90' lang='lat' dir='ltr'>Sacrae</span> <span class='ocrx_word' id='word_1_341' title='bbox 793 1613 956 1650; x_wconf 89' lang='lat' dir='ltr'>Scripturae</span> <span class='ocrx_word' id='word_1_342' title='bbox 971 1612 1174 1649; x_wconf 86' lang='lat' dir='ltr'>intelligendae</span> <span class='ocrx_word' id='word_1_343' title='bbox 1196 1611 1331 1640; x_wconf 85' lang='lat' dir='ltr'>facultas.</span> <span class='ocrx_word' id='word_1_344' title='bbox 1372 1610 1448 1639; x_wconf 86' lang='lat' dir='ltr'>Bene</span> <span class='ocrx_word' id='word_1_345' title='bbox 1469 1618 1500 1638; x_wconf 92' lang='lat' dir='ltr'>se</span> <span class='ocrx_word' id='word_1_346' title='bbox 1519 1610 1612 1647; x_wconf 85' lang='lat' dir='ltr'>scire,</span> 
     </span>
     <span class='ocr_line' id='line_1_31' title="bbox 98 1658 1614 1701; baseline 0.001 -12"><span class='ocrx_word' id='word_1_347' title='bbox 98 1658 199 1689; x_wconf 83' lang='lat' dir='ltr'>sinon</span> <span class='ocrx_word' id='word_1_348' title='bbox 214 1660 438 1697; x_wconf 87' lang='lat' dir='ltr'>periculosiores</span> <span class='ocrx_word' id='word_1_349' title='bbox 463 1662 521 1691; x_wconf 85' lang='lat' dir='ltr'>sint</span> <span class='ocrx_word' id='word_1_350' title='bbox 544 1662 698 1691; x_wconf 84' lang='lat' dir='ltr'>verborum</span> <span class='ocrx_word' id='word_1_351' title='bbox 718 1672 851 1700; x_wconf 87' lang='lat' dir='ltr'>errores,</span> <span class='ocrx_word' id='word_1_352' title='bbox 877 1665 970 1693; x_wconf 90' lang='lat' dir='ltr'>multo</span> <span class='ocrx_word' id='word_1_353' title='bbox 993 1671 1070 1693; x_wconf 89' lang='lat' dir='ltr'>certe</span> <span class='ocrx_word' id='word_1_354' title='bbox 1091 1662 1316 1701; x_wconf 88' lang='lat' dir='ltr'>periculosiores</span> <span class='ocrx_word' id='word_1_355' title='bbox 1338 1670 1401 1690; x_wconf 89' lang='lat' dir='ltr'>esse</span> <span class='ocrx_word' id='word_1_356' title='bbox 1419 1670 1530 1690; x_wconf 89' lang='lat' dir='ltr'>errores</span> <span class='ocrx_word' id='word_1_357' title='bbox 1549 1670 1614 1691; x_wconf 90' lang='lat' dir='ltr'>sen·</span> 
     </span>
     <span class='ocr_line' id='line_1_32' title="bbox 98 1712 1611 1751; baseline 0.001 -12"><span class='ocrx_word' id='word_1_358' title='bbox 98 1719 193 1741; x_wconf 85' lang='lat' dir='ltr'>suum.</span> <span class='ocrx_word' id='word_1_359' title='bbox 236 1712 319 1741; x_wconf 86' lang='lat' dir='ltr'>Hanc</span> <span class='ocrx_word' id='word_1_360' title='bbox 339 1712 377 1741; x_wconf 90' lang='lat' dir='ltr'>ob</span> <span class='ocrx_word' id='word_1_361' title='bbox 399 1722 458 1742; x_wconf 87' lang='lat' dir='ltr'>rem</span> <span class='ocrx_word' id='word_1_362' title='bbox 479 1722 510 1742; x_wconf 88' lang='lat' dir='ltr'>se</span> <span class='ocrx_word' id='word_1_363' title='bbox 534 1713 643 1742; x_wconf 85' lang='lat' dir='ltr'>hortari</span> <span class='ocrx_word' id='word_1_364' title='bbox 670 1723 791 1751; x_wconf 91' lang='lat' dir='ltr'>omnes,</span> <span class='ocrx_word' id='word_1_365' title='bbox 813 1722 845 1744; x_wconf 91' lang='lat' dir='ltr'>ut</span> <span class='ocrx_word' id='word_1_366' title='bbox 870 1715 1028 1744; x_wconf 86' lang='lat' dir='ltr'>litterarum</span> <span class='ocrx_word' id='word_1_367' title='bbox 1052 1715 1147 1744; x_wconf 88' lang='lat' dir='ltr'>studia</span> <span class='ocrx_word' id='word_1_368' title='bbox 1173 1723 1232 1743; x_wconf 91' lang='lat' dir='ltr'>non</span> <span class='ocrx_word' id='word_1_369' title='bbox 1257 1715 1351 1743; x_wconf 88' lang='lat' dir='ltr'>solum</span> <span class='ocrx_word' id='word_1_370' title='bbox 1372 1721 1432 1742; x_wconf 88' lang='lat' dir='ltr'>non</span> <span class='ocrx_word' id='word_1_371' title='bbox 1445 1713 1611 1749; x_wconf 86' lang='lat' dir='ltr'>negligant,</span> 
     </span>
     <span class='ocr_line' id='line_1_33' title="bbox 95 1763 1612 1802; baseline 0.001 -11"><span class='ocrx_word' id='word_1_372' title='bbox 95 1769 195 1791; x_wconf 85' lang='lat' dir='ltr'>verum</span> <span class='ocrx_word' id='word_1_373' title='bbox 214 1763 294 1791; x_wconf 75' lang='lat' dir='ltr'>etiam</span> <span class='ocrx_word' id='word_1_374' title='bbox 305 1763 429 1799; x_wconf 88' lang='lat' dir='ltr'>humili,</span> <span class='ocrx_word' id='word_1_375' title='bbox 443 1773 475 1793; x_wconf 92' lang='lat' dir='ltr'>ac</span> <span class='ocrx_word' id='word_1_376' title='bbox 487 1765 552 1793; x_wconf 91' lang='lat' dir='ltr'>Deo</span> <span class='ocrx_word' id='word_1_377' title='bbox 569 1767 648 1802; x_wconf 71' lang='lat' dir='ltr'>grata</span> <span class='ocrx_word' id='word_1_378' title='bbox 661 1786 670 1801; x_wconf 87' lang='lat'>‚</span> <span class='ocrx_word' id='word_1_379' title='bbox 687 1773 782 1795; x_wconf 89' lang='lat' dir='ltr'>mente</span> <span class='ocrx_word' id='word_1_380' title='bbox 798 1766 924 1795; x_wconf 89' lang='lat' dir='ltr'>certatim</span> <span class='ocrx_word' id='word_1_381' title='bbox 941 1767 1108 1801; x_wconf 78' lang='lat' dir='ltr'>addiscant,</span> <span class='ocrx_word' id='word_1_382' title='bbox 1121 1774 1156 1794; x_wconf 92' lang='lat' dir='ltr'>eo</span> <span class='ocrx_word' id='word_1_383' title='bbox 1173 1765 1297 1794; x_wconf 88' lang='lat' dir='ltr'>consilio</span> <span class='ocrx_word' id='word_1_384' title='bbox 1309 1785 1320 1800; x_wconf 82' lang='lat'>,</span> <span class='ocrx_word' id='word_1_385' title='bbox 1337 1771 1368 1793; x_wconf 88' lang='lat' dir='ltr'>ut</span> <span class='ocrx_word' id='word_1_386' title='bbox 1385 1764 1415 1792; x_wconf 92' lang='lat' dir='ltr'>in</span> <span class='ocrx_word' id='word_1_387' title='bbox 1425 1763 1526 1793; x_wconf 88' lang='lat' dir='ltr'>Sacrae</span> <span class='ocrx_word' id='word_1_388' title='bbox 1536 1764 1612 1793; x_wconf 90' lang='lat' dir='ltr'>Scri-</span> 
     </span>
     <span class='ocr_line' id='line_1_34' title="bbox 96 1810 1609 1853; baseline -0.003 -5"><span class='ocrx_word' id='word_1_389' title='bbox 96 1818 197 1848; x_wconf 87' lang='lat' dir='ltr'>pturae</span> <span class='ocrx_word' id='word_1_390' title='bbox 214 1810 350 1849; x_wconf 83' lang='lat' dir='ltr'>mysteria</span> <span class='ocrx_word' id='word_1_391' title='bbox 364 1814 478 1841; x_wconf 73' lang='lat' dir='ltr'>facilius</span> <span class='ocrx_word' id='word_1_392' title='bbox 496 1816 658 1849; x_wconf 76' lang='lat' dir='ltr'>meliusque</span> <span class='ocrx_word' id='word_1_393' title='bbox 676 1817 790 1850; x_wconf 78' lang='lat' dir='ltr'>possint</span> <span class='ocrx_word' id='word_1_394' title='bbox 806 1824 967 1851; x_wconf 83' lang='lat' dir='ltr'>penetrare.</span> <span class='ocrx_word' id='word_1_395' title='bbox 1007 1817 1134 1846; x_wconf 88' lang='lat' dir='ltr'>Insertas</span> <span class='ocrx_word' id='word_1_396' title='bbox 1154 1816 1179 1846; x_wconf 89' lang='lat' dir='ltr'>ei</span> <span class='ocrx_word' id='word_1_397' title='bbox 1195 1815 1269 1845; x_wconf 83' lang='lat' dir='ltr'>enim</span> <span class='ocrx_word' id='word_1_398' title='bbox 1285 1815 1398 1845; x_wconf 89' lang='lat' dir='ltr'>dicendi</span> <span class='ocrx_word' id='word_1_399' title='bbox 1417 1815 1521 1853; x_wconf 83' lang='lat' dir='ltr'>figuras</span> <span class='ocrx_word' id='word_1_400' title='bbox 1541 1823 1609 1852; x_wconf 88' lang='lat' dir='ltr'>pro-</span> 
     </span>
    </p>

    <p class='ocr_par' dir='ltr' id='par_1_4' title="bbox 1564 1868 1611 1895">
     <span class='ocr_line' id='line_1_35' title="bbox 1564 1868 1611 1895; baseline 0 0"><span class='ocrx_word' id='word_1_401' title='bbox 1564 1868 1611 1895; x_wconf 92' lang='lat' dir='ltr'>cul</span> 
     </span>
    </p>
   </div>
   <div class='ocr_carea' id='block_1_3' title="bbox 128 1948 1463 2084">
    <p class='ocr_par' dir='ltr' id='par_1_5' title="bbox 128 1948 1463 2084">
     <span class='ocr_line' id='line_1_36' title="bbox 130 1948 773 1989; baseline 0.012 -14"><span class='ocrx_word' id='word_1_402' title='bbox 130 1948 147 1983; x_wconf 90' lang='lat'>(</span> <span class='ocrx_word' id='word_1_403' title='bbox 158 1949 194 1984; x_wconf 89' lang='lat'>1)</span> <span class='ocrx_word' id='word_1_404' title='bbox 212 1951 274 1978; x_wconf 89' lang='lat' dir='ltr'>Vid.</span> <span class='ocrx_word' id='word_1_405' title='bbox 288 1952 356 1985; x_wconf 87' lang='lat' dir='ltr'>Pagii</span> <span class='ocrx_word' id='word_1_406' title='bbox 374 1953 479 1985; x_wconf 88' lang='lat' dir='ltr'>critica,</span> <span class='ocrx_word' id='word_1_407' title='bbox 494 1954 524 1980; x_wconf 87' lang='lat' dir='ltr'>ad</span> <span class='ocrx_word' id='word_1_408' title='bbox 536 1961 594 1981; x_wconf 87' lang='lat' dir='ltr'>ann.</span> <span class='ocrx_word' id='word_1_409' title='bbox 607 1956 664 1989; x_wconf 86' lang='lat'>787.</span> <span class='ocrx_word' id='word_1_410' title='bbox 684 1963 710 1982; x_wconf 88' lang='lat' dir='ltr'>n.</span> <span class='ocrx_word' id='word_1_411' title='bbox 730 1963 773 1984; x_wconf 87' lang='lat'>11.</span> 
     </span>
     <span class='ocr_line' id='line_1_37' title="bbox 132 1994 1041 2037; baseline 0.011 -16"><span class='ocrx_word' id='word_1_412' title='bbox 132 1994 199 2030; x_wconf 71' lang='grc' dir='ltr'>(ει)</span> <span class='ocrx_word' id='word_1_413' title='bbox 219 1998 343 2024; x_wconf 86' lang='lat' dir='ltr'>Monach.</span> <span class='ocrx_word' id='word_1_414' title='bbox 359 1999 518 2032; x_wconf 81' lang='lat' dir='ltr'>Engolisrn.,</span> <span class='ocrx_word' id='word_1_415' title='bbox 538 2001 563 2026; x_wconf 89' lang='lat' dir='ltr'>in</span> <span class='ocrx_word' id='word_1_416' title='bbox 580 2002 630 2026; x_wconf 88' lang='lat' dir='ltr'>vita</span> <span class='ocrx_word' id='word_1_417' title='bbox 646 2002 705 2027; x_wconf 83' lang='lat' dir='ltr'>Car.</span> <span class='ocrx_word' id='word_1_418' title='bbox 723 2003 782 2033; x_wconf 92' lang='grc' dir='ltr'>Μ.,</span> <span class='ocrx_word' id='word_1_419' title='bbox 800 2009 827 2035; x_wconf 80' lang='lat' dir='ltr'>p.</span> <span class='ocrx_word' id='word_1_420' title='bbox 840 2009 881 2036; x_wconf 78' lang='lat'>53.</span> <span class='ocrx_word' id='word_1_421' title='bbox 898 2010 939 2037; x_wconf 88' lang='lat' dir='ltr'>ap.</span> <span class='ocrx_word' id='word_1_422' title='bbox 953 2005 1041 2037; x_wconf 85' lang='lat' dir='ltr'>Bouq.</span> 
     </span>
     <span class='ocr_line' id='line_1_38' title="bbox 128 2041 1463 2084; baseline 0.004 -14"><span class='ocrx_word' id='word_1_423' title='bbox 128 2041 193 2077; x_wconf 82' lang='lat'>(3)</span> <span class='ocrx_word' id='word_1_424' title='bbox 211 2043 273 2071; x_wconf 88' lang='lat' dir='ltr'>Vid.</span> <span class='ocrx_word' id='word_1_425' title='bbox 291 2044 410 2071; x_wconf 61' lang='lat' dir='ltr'>Hazduini</span> <span class='ocrx_word' id='word_1_426' title='bbox 427 2052 486 2072; x_wconf 81' lang='lat' dir='ltr'>acta</span> <span class='ocrx_word' id='word_1_427' title='bbox 500 2047 597 2075; x_wconf 73' lang='lat' dir='ltr'>concil.</span> <span class='ocrx_word' id='word_1_428' title='bbox 618 2054 638 2075; x_wconf 83' lang='lat' dir='ltr'>t.</span> <span class='ocrx_word' id='word_1_429' title='bbox 653 2047 704 2076; x_wconf 86' lang='lat'><em>111.</em></span> <span class='ocrx_word' id='word_1_430' title='bbox 722 2055 748 2081; x_wconf 83' lang='lat' dir='ltr'>p.</span> <span class='ocrx_word' id='word_1_431' title='bbox 764 2050 840 2082; x_wconf 83' lang='lat'>1987.</span> <span class='ocrx_word' id='word_1_432' title='bbox 995 2049 1060 2084; x_wconf 82' lang='lat'>(4)</span> <span class='ocrx_word' id='word_1_433' title='bbox 1082 2056 1122 2083; x_wconf 86' lang='lat' dir='ltr'>ep.</span> <span class='ocrx_word' id='word_1_434' title='bbox 1136 2058 1163 2077; x_wconf 87' lang='lat'>2.</span> <span class='ocrx_word' id='word_1_435' title='bbox 1181 2056 1222 2082; x_wconf 83' lang='lat' dir='ltr'>ap.</span> <span class='ocrx_word' id='word_1_436' title='bbox 1239 2050 1340 2083; x_wconf 86' lang='lat' dir='ltr'>Bouq.‚</span> <span class='ocrx_word' id='word_1_437' title='bbox 1359 2056 1385 2082; x_wconf 53' lang='lat' dir='ltr'>p,</span> <span class='ocrx_word' id='word_1_438' title='bbox 1400 2048 1463 2076; x_wconf 85' lang='lat'><em>621.</em></span> 
     </span>
    </p>
   </div>
   <div class='ocr_carea' id='block_1_4' title="bbox 863 2109 892 2138">
    <p class='ocr_par' dir='ltr' id='par_1_6' title="bbox 863 2109 892 2138">
     <span class='ocr_line' id='line_1_39' title="bbox 863 2109 892 2138; baseline 0 0"><span class='ocrx_word' id='word_1_439' title='bbox 863 2109 892 2138; x_wconf 93' lang='lat' dir='ltr'>D</span> 
     </span>
    </p>
   </div>
  </div>
 </body>
</html>
