<?xml version="1.0" encoding="UTF-8"?>
<!DOCTYPE html PUBLIC "-//W3C//DTD XHTML 1.0 Transitional//EN"
    "http://www.w3.org/TR/xhtml1/DTD/xhtml1-transitional.dtd">
<html xmlns="http://www.w3.org/1999/xhtml" xml:lang="en" lang="en">
 <head>
  <title>
</title>
<meta http-equiv="Content-Type" content="text/html;charset=utf-8" />
  <meta name='ocr-system' content='tesseract 3.04.00' />
  <meta name='ocr-capabilities' content='ocr_page ocr_carea ocr_par ocr_line ocrx_word'/>
</head>
<body>
  <div class='ocr_page' id='page_1' title='image "annalesacademiae24rijk_0244.png"; bbox 0 0 1919 2511; ppageno 0'>
   <div class='ocr_carea' id='block_1_1' title="bbox 293 183 1511 228">
    <p class='ocr_par' dir='ltr' id='par_1_1' title="bbox 293 183 1511 228">
     <span class='ocr_line' id='line_1_1' title="bbox 293 183 1511 228; baseline -0.002 -7"><span class='ocrx_word' id='word_1_1' title='bbox 293 199 326 228; x_wconf 84' lang='lat'>14</span> <span class='ocrx_word' id='word_1_2' title='bbox 596 186 798 218; x_wconf 85' lang='lat' dir='ltr'>PETRI</span> <span class='ocrx_word' id='word_1_3' title='bbox 856 183 1208 217; x_wconf 83' lang='lat' dir='ltr'>ABRAHAMI</span> <span class='ocrx_word' id='word_1_4' title='bbox 1263 185 1511 225; x_wconf 84' lang='lat' dir='ltr'><strong>JELTES</strong></span> 
     </span>
    </p>
   </div>
   <div class='ocr_carea' id='block_1_2' title="bbox 781 282 1330 321">
    <p class='ocr_par' dir='ltr' id='par_1_2' title="bbox 781 282 1330 321">
     <span class='ocr_line' id='line_1_2' title="bbox 781 282 1330 321; baseline -0.002 -8"><span class='ocrx_word' id='word_1_5' title='bbox 781 285 812 321; x_wconf 83' lang='lat'>§.</span> <span class='ocrx_word' id='word_1_6' title='bbox 837 292 864 321; x_wconf 85' lang='lat'>3.</span> <span class='ocrx_word' id='word_1_7' title='bbox 904 282 1033 312; x_wconf 80' lang='lat' dir='ltr'>Luxatlo</span> <span class='ocrx_word' id='word_1_8' title='bbox 1050 291 1144 311; x_wconf 79' lang='lat' dir='ltr'>recens</span> <span class='ocrx_word' id='word_1_9' title='bbox 1162 288 1189 310; x_wconf 80' lang='lat' dir='ltr'>et</span> <span class='ocrx_word' id='word_1_10' title='bbox 1208 287 1330 312; x_wconf 66' lang='lat' dir='ltr'>vetusta.</span> 
     </span>
    </p>
   </div>
   <div class='ocr_carea' id='block_1_3' title="bbox 290 369 1807 871">
    <p class='ocr_par' dir='ltr' id='par_1_3' title="bbox 291 369 1807 717">
     <span class='ocr_line' id='line_1_3' title="bbox 338 369 1806 410; baseline 0.001 -9"><span class='ocrx_word' id='word_1_11' title='bbox 338 373 416 402; x_wconf 67' lang='lat' dir='ltr'>Ilaec</span> <span class='ocrx_word' id='word_1_12' title='bbox 443 372 590 403; x_wconf 75' lang='lat' dir='ltr'>distinctio</span> <span class='ocrx_word' id='word_1_13' title='bbox 612 373 701 410; x_wconf 90' lang='lat'>(17)</span> <span class='ocrx_word' id='word_1_14' title='bbox 723 381 820 401; x_wconf 85' lang='lat' dir='ltr'>revera</span> <span class='ocrx_word' id='word_1_15' title='bbox 842 371 935 408; x_wconf 76' lang='lat' dir='ltr'>magni</span> <span class='ocrx_word' id='word_1_16' title='bbox 960 369 1096 399; x_wconf 75' lang='lat' dir='ltr'><strong>momenti</strong></span> <span class='ocrx_word' id='word_1_17' title='bbox 1116 370 1204 400; x_wconf 75' lang='lat' dir='ltr'>estin</span> <span class='ocrx_word' id='word_1_18' title='bbox 1222 371 1378 409; x_wconf 81' lang='lat' dir='ltr'>prognosi,</span> <span class='ocrx_word' id='word_1_19' title='bbox 1400 380 1464 400; x_wconf 88' lang='lat' dir='ltr'>cum</span> <span class='ocrx_word' id='word_1_20' title='bbox 1493 371 1521 401; x_wconf 89' lang='lat' dir='ltr'>in</span> <span class='ocrx_word' id='word_1_21' title='bbox 1541 371 1687 401; x_wconf 85' lang='lat' dir='ltr'>luxatione</span> <span class='ocrx_word' id='word_1_22' title='bbox 1708 379 1806 403; x_wconf 86' lang='lat' dir='ltr'>recen-</span> 
     </span>
     <span class='ocr_line' id='line_1_4' title="bbox 295 421 1807 460; baseline -0.002 -6"><span class='ocrx_word' id='word_1_23' title='bbox 295 425 339 460; x_wconf 80' lang='lat' dir='ltr'>ti,</span> <span class='ocrx_word' id='word_1_24' title='bbox 364 433 434 460; x_wconf 84' lang='lat' dir='ltr'>quae</span> <span class='ocrx_word' id='word_1_25' title='bbox 461 424 523 453; x_wconf 82' lang='lat' dir='ltr'>talis</span> <span class='ocrx_word' id='word_1_26' title='bbox 555 426 677 454; x_wconf 81' lang='lat' dir='ltr'>habetur</span> <span class='ocrx_word' id='word_1_27' title='bbox 704 425 739 453; x_wconf 89' lang='lat' dir='ltr'>ad</span> <span class='ocrx_word' id='word_1_28' title='bbox 767 431 893 459; x_wconf 81' lang='lat' dir='ltr'>quartam</span> <span class='ocrx_word' id='word_1_29' title='bbox 916 424 960 451; x_wconf 91' lang='lat' dir='ltr'>vel</span> <span class='ocrx_word' id='word_1_30' title='bbox 985 422 1110 457; x_wconf 83' lang='lat' dir='ltr'>quintam</span> <span class='ocrx_word' id='word_1_31' title='bbox 1137 431 1231 458; x_wconf 86' lang='lat' dir='ltr'>usque</span> <span class='ocrx_word' id='word_1_32' title='bbox 1258 423 1351 451; x_wconf 86' lang='lat' dir='ltr'>morbi</span> <span class='ocrx_word' id='word_1_33' title='bbox 1379 423 1475 455; x_wconf 87' lang='lat' dir='ltr'>diem,</span> <span class='ocrx_word' id='word_1_34' title='bbox 1495 421 1607 450; x_wconf 87' lang='lat' dir='ltr'>facilior</span> <span class='ocrx_word' id='word_1_35' title='bbox 1631 421 1741 451; x_wconf 90' lang='lat' dir='ltr'>obtinet</span> <span class='ocrx_word' id='word_1_36' title='bbox 1762 430 1807 451; x_wconf 85' lang='lat' dir='ltr'>re-</span> 
     </span>
     <span class='ocr_line' id='line_1_5' title="bbox 295 473 1801 514; baseline -0.003 -8"><span class='ocrx_word' id='word_1_37' title='bbox 295 477 423 514; x_wconf 78' lang='lat' dir='ltr'>positio,</span> <span class='ocrx_word' id='word_1_38' title='bbox 443 486 525 512; x_wconf 87' lang='lat' dir='ltr'>quam</span> <span class='ocrx_word' id='word_1_39' title='bbox 555 477 583 505; x_wconf 94' lang='lat' dir='ltr'>in</span> <span class='ocrx_word' id='word_1_40' title='bbox 609 476 763 505; x_wconf 66' lang='lat' dir='ltr'>inveterata</span> <span class='ocrx_word' id='word_1_41' title='bbox 785 473 886 512; x_wconf 82' lang='lat'>(18).</span> <span class='ocrx_word' id='word_1_42' title='bbox 930 473 1138 510; x_wconf 81' lang='lat' dir='ltr'>Hippocratem</span> <span class='ocrx_word' id='word_1_43' title='bbox 1165 473 1237 502; x_wconf 83' lang='lat' dir='ltr'>illud</span> <span class='ocrx_word' id='word_1_44' title='bbox 1262 483 1320 503; x_wconf 91' lang='lat' dir='ltr'>non</span> <span class='ocrx_word' id='word_1_45' title='bbox 1341 474 1442 509; x_wconf 87' lang='lat' dir='ltr'>latuit,</span> <span class='ocrx_word' id='word_1_46' title='bbox 1472 473 1573 502; x_wconf 86' lang='lat' dir='ltr'>scribit</span> <span class='ocrx_word' id='word_1_47' title='bbox 1599 473 1671 502; x_wconf 88' lang='lat' dir='ltr'>enim</span> <span class='ocrx_word' id='word_1_48' title='bbox 1692 474 1801 511; x_wconf 79' lang='lat'>(19):</span> 
     </span>
     <span class='ocr_line' id='line_1_6' title="bbox 297 524 1805 564; baseline -0.001 -8"><span class='ocrx_word' id='word_1_49' title='bbox 297 548 315 564; x_wconf 82' lang='lat'><strong>„</strong></span> <span class='ocrx_word' id='word_1_50' title='bbox 337 528 459 556; x_wconf 80' lang='lat' dir='ltr'>recentia</span> <span class='ocrx_word' id='word_1_51' title='bbox 480 544 516 550; x_wconf 83' lang='lat'>-—</span> <span class='ocrx_word' id='word_1_52' title='bbox 538 527 674 564; x_wconf 85' lang='lat' dir='ltr'>opinione</span> <span class='ocrx_word' id='word_1_53' title='bbox 701 526 787 555; x_wconf 84' lang='lat' dir='ltr'>citius</span> <span class='ocrx_word' id='word_1_54' title='bbox 808 525 1025 559; x_wconf 85' lang='lat' dir='ltr'>reconduntur,</span> <span class='ocrx_word' id='word_1_55' title='bbox 1047 533 1078 553; x_wconf 87' lang='lat' dir='ltr'>ac</span> <span class='ocrx_word' id='word_1_56' title='bbox 1098 524 1264 560; x_wconf 74' lang='lat' dir='ltr'>priusquam</span> <span class='ocrx_word' id='word_1_57' title='bbox 1291 526 1419 554; x_wconf 81' lang='lat' dir='ltr'>extensio</span> <span class='ocrx_word' id='word_1_58' title='bbox 1443 524 1516 552; x_wconf 84' lang='lat' dir='ltr'>facta</span> <span class='ocrx_word' id='word_1_59' title='bbox 1541 524 1682 555; x_wconf 85' lang='lat' dir='ltr'>videatur.</span> <span class='ocrx_word' id='word_1_60' title='bbox 1723 525 1805 563; x_wconf 84' lang='lat' dir='ltr'>Quin</span> 
     </span>
     <span class='ocr_line' id='line_1_7' title="bbox 293 575 1806 614; baseline -0.002 -6"><span class='ocrx_word' id='word_1_61' title='bbox 293 580 377 608; x_wconf 81' lang='lat' dir='ltr'>etiam</span> <span class='ocrx_word' id='word_1_62' title='bbox 401 579 450 607; x_wconf 86' lang='lat' dir='ltr'>ubi</span> <span class='ocrx_word' id='word_1_63' title='bbox 478 579 721 614; x_wconf 85' lang='lat' dir='ltr'>inveteraverint,</span> <span class='ocrx_word' id='word_1_64' title='bbox 753 577 820 605; x_wconf 84' lang='lat' dir='ltr'>haec</span> <span class='ocrx_word' id='word_1_65' title='bbox 849 577 909 605; x_wconf 80' lang='lat' dir='ltr'>sola</span> <span class='ocrx_word' id='word_1_66' title='bbox 929 575 1069 612; x_wconf 86' lang='lat' dir='ltr'>repositio</span> <span class='ocrx_word' id='word_1_67' title='bbox 1097 576 1245 604; x_wconf 87' lang='lat' dir='ltr'>restituere</span> <span class='ocrx_word' id='word_1_68' title='bbox 1270 582 1388 612; x_wconf 84' lang='lat' dir='ltr'>potest,</span> <span class='ocrx_word' id='word_1_69' title='bbox 1409 575 1466 604; x_wconf 86' lang='lat' dir='ltr'>nisi</span> <span class='ocrx_word' id='word_1_70' title='bbox 1483 576 1539 612; x_wconf 88' lang='lat' dir='ltr'>jam</span> <span class='ocrx_word' id='word_1_71' title='bbox 1567 576 1699 612; x_wconf 71' lang='lat' dir='ltr'>temporis</span> <span class='ocrx_word' id='word_1_72' title='bbox 1723 576 1806 614; x_wconf 86' lang='lat' dir='ltr'><em>lapsu</em></span> 
     </span>
     <span class='ocr_line' id='line_1_8' title="bbox 291 625 1805 667; baseline -0.001 -9"><span class='ocrx_word' id='word_1_73' title='bbox 291 640 360 659; x_wconf 74' lang='lat' dir='ltr'>caro</span> <span class='ocrx_word' id='word_1_74' title='bbox 386 629 496 667; x_wconf 64' lang='lat' dir='ltr'>quidem</span> <span class='ocrx_word' id='word_1_75' title='bbox 522 630 642 658; x_wconf 79' lang='lat' dir='ltr'>articuli</span> <span class='ocrx_word' id='word_1_76' title='bbox 668 630 821 658; x_wconf 77' lang='lat' dir='ltr'>cavitatem</span> <span class='ocrx_word' id='word_1_77' title='bbox 852 628 1029 665; x_wconf 73' lang='lat' dir='ltr'>oocupaverit</span> <span class='ocrx_word' id='word_1_78' title='bbox 1056 633 1082 656; x_wconf 82' lang='lat' dir='ltr'>et</span> <span class='ocrx_word' id='word_1_79' title='bbox 1106 626 1220 656; x_wconf 79' lang='lat' dir='ltr'>brachii</span> <span class='ocrx_word' id='word_1_80' title='bbox 1244 633 1329 665; x_wconf 76' lang='lat' dir='ltr'>caput</span> <span class='ocrx_word' id='word_1_81' title='bbox 1349 627 1456 660; x_wconf 86' lang='lat' dir='ltr'>locum,</span> <span class='ocrx_word' id='word_1_82' title='bbox 1476 627 1507 654; x_wconf 86' lang='lat' dir='ltr'>in</span> <span class='ocrx_word' id='word_1_83' title='bbox 1533 635 1612 663; x_wconf 80' lang='lat' dir='ltr'>quem</span> <span class='ocrx_word' id='word_1_84' title='bbox 1634 625 1805 662; x_wconf 75' lang='lat' dir='ltr'>declinavit,</span> 
     </span>
     <span class='ocr_line' id='line_1_9' title="bbox 291 678 1019 717; baseline -0.004 -7"><span class='ocrx_word' id='word_1_85' title='bbox 291 681 488 710; x_wconf 66' lang='lat' dir='ltr'>consmttscllna</span> <span class='ocrx_word' id='word_1_86' title='bbox 505 682 611 710; x_wconf 66' lang='lat' dir='ltr'>tritum</span> <span class='ocrx_word' id='word_1_87' title='bbox 621 680 687 717; x_wconf 86' lang='lat' dir='ltr'>jam</span> <span class='ocrx_word' id='word_1_88' title='bbox 706 679 758 708; x_wconf 71' lang='lat' dir='ltr'><em>,ibi</em></span> <span class='ocrx_word' id='word_1_89' title='bbox 769 679 875 716; x_wconf 72' lang='lat' dir='ltr'>fecerit</span> <span class='ocrx_word' id='word_1_90' title='bbox 895 680 909 715; x_wconf 98' lang='lat'><strong>(</strong></span> <span class='ocrx_word' id='word_1_91' title='bbox 923 678 1019 714; x_wconf 78' lang='lat'>20).⁷&#39;’</span> 
     </span>
    </p>

    <p class='ocr_par' dir='ltr' id='par_1_4' title="bbox 290 727 1805 871">
     <span class='ocr_line' id='line_1_10' title="bbox 308 727 1805 768; baseline -0.001 -7"><span class='ocrx_word' id='word_1_92' title='bbox 308 754 310 756; x_wconf 29' lang='lat' dir='ltr'>v</span> <span class='ocrx_word' id='word_1_93' title='bbox 333 733 491 768; x_wconf 78' lang='lat' dir='ltr'>Nunquam</span> <span class='ocrx_word' id='word_1_94' title='bbox 514 732 549 760; x_wconf 84' lang='lat' dir='ltr'>ab</span> <span class='ocrx_word' id='word_1_95' title='bbox 578 733 665 767; x_wconf 61' lang='lat' dir='ltr'>opera</span> <span class='ocrx_word' id='word_1_96' title='bbox 688 731 811 766; x_wconf 85' lang='lat' dir='ltr'>quiescit</span> <span class='ocrx_word' id='word_1_97' title='bbox 831 731 964 765; x_wconf 85' lang='lat' dir='ltr'>Natura,</span> <span class='ocrx_word' id='word_1_98' title='bbox 983 735 1011 758; x_wconf 87' lang='lat' dir='ltr'>et</span> <span class='ocrx_word' id='word_1_99' title='bbox 1032 728 1083 758; x_wconf 79' lang='lat' dir='ltr'>ubi</span> <span class='ocrx_word' id='word_1_100' title='bbox 1107 729 1185 758; x_wconf 90' lang='lat' dir='ltr'>illius</span> <span class='ocrx_word' id='word_1_101' title='bbox 1201 729 1276 758; x_wconf 84' lang='lat' dir='ltr'>vires</span> <span class='ocrx_word' id='word_1_102' title='bbox 1295 728 1433 758; x_wconf 82' lang='lat' dir='ltr'>deficiunt</span> <span class='ocrx_word' id='word_1_103' title='bbox 1451 728 1485 757; x_wconf 79' lang='lat' dir='ltr'>ad</span> <span class='ocrx_word' id='word_1_104' title='bbox 1501 727 1692 766; x_wconf 84' lang='lat' dir='ltr'>integritatem</span> <span class='ocrx_word' id='word_1_105' title='bbox 1716 730 1805 767; x_wconf 84' lang='lat' dir='ltr'>partis</span> 
     </span>
     <span class='ocr_line' id='line_1_11' title="bbox 294 780 1805 820; baseline -0.001 -8"><span class='ocrx_word' id='word_1_106' title='bbox 294 784 413 812; x_wconf 69' lang='lat' dir='ltr'>affectae</span> <span class='ocrx_word' id='word_1_107' title='bbox 446 784 600 811; x_wconf 83' lang='lat' dir='ltr'>naturalem</span> <span class='ocrx_word' id='word_1_108' title='bbox 634 782 861 817; x_wconf 82' lang='lat' dir='ltr'>restituendam,</span> <span class='ocrx_word' id='word_1_109' title='bbox 892 788 1029 817; x_wconf 82' lang='lat' dir='ltr'>quantum</span> <span class='ocrx_word' id='word_1_110' title='bbox 1056 781 1171 817; x_wconf 85' lang='lat' dir='ltr'>possit,</span> <span class='ocrx_word' id='word_1_111' title='bbox 1200 780 1344 817; x_wconf 85' lang='lat' dir='ltr'>praesenti</span> <span class='ocrx_word' id='word_1_112' title='bbox 1371 781 1446 808; x_wconf 84' lang='lat' dir='ltr'>malo</span> <span class='ocrx_word' id='word_1_113' title='bbox 1474 780 1600 809; x_wconf 87' lang='lat' dir='ltr'>occurrit</span> <span class='ocrx_word' id='word_1_114' title='bbox 1621 781 1729 820; x_wconf 86' lang='lat'>(21),</span> <span class='ocrx_word' id='word_1_115' title='bbox 1756 781 1805 811; x_wconf 82' lang='lat' dir='ltr'>cui</span> 
     </span>
     <span class='ocr_line' id='line_1_12' title="bbox 290 832 702 871; baseline -0.007 -7"><span class='ocrx_word' id='word_1_116' title='bbox 290 844 337 864; x_wconf 76' lang='lat' dir='ltr'>ars</span> <span class='ocrx_word' id='word_1_117' title='bbox 358 833 462 863; x_wconf 83' lang='lat' dir='ltr'>mederi</span> <span class='ocrx_word' id='word_1_118' title='bbox 478 834 580 869; x_wconf 85' lang='lat' dir='ltr'>nequit</span> <span class='ocrx_word' id='word_1_119' title='bbox 601 832 702 871; x_wconf 83' lang='lat'><em>(22).</em></span> 
     </span>
    </p>
   </div>
   <div class='ocr_carea' id='block_1_4' title="bbox 714 913 1382 954">
    <p class='ocr_par' dir='ltr' id='par_1_5' title="bbox 714 913 1382 954">
     <span class='ocr_line' id='line_1_13' title="bbox 714 913 1382 954; baseline 0.001 -11"><span class='ocrx_word' id='word_1_120' title='bbox 714 915 744 952; x_wconf 69' lang='lat'>§⁴</span> <span class='ocrx_word' id='word_1_121' title='bbox 765 924 796 952; x_wconf 88' lang='lat'>4.</span> <span class='ocrx_word' id='word_1_122' title='bbox 837 913 967 944; x_wconf 73' lang='lat' dir='ltr'>Luxasio</span> <span class='ocrx_word' id='word_1_123' title='bbox 982 915 1133 954; x_wconf 78' lang='lat' dir='ltr'>primaria</span> <span class='ocrx_word' id='word_1_124' title='bbox 1153 921 1180 943; x_wconf 77' lang='lat' dir='ltr'>et</span> <span class='ocrx_word' id='word_1_125' title='bbox 1199 913 1382 944; x_wconf 77' lang='lat' dir='ltr'>secundaria.</span> 
     </span>
    </p>
   </div>
   <div class='ocr_carea' id='block_1_5' title="bbox 291 996 1809 1341">
    <p class='ocr_par' dir='ltr' id='par_1_6' title="bbox 291 996 1808 1136">
     <span class='ocr_line' id='line_1_14' title="bbox 330 996 1808 1036; baseline 0.001 -9"><span class='ocrx_word' id='word_1_126' title='bbox 330 999 384 1027; x_wconf 83' lang='lat' dir='ltr'>Per</span> <span class='ocrx_word' id='word_1_127' title='bbox 400 998 579 1027; x_wconf 80' lang='lat' dir='ltr'>luxationem</span> <span class='ocrx_word' id='word_1_128' title='bbox 599 998 775 1036; x_wconf 84' lang='lat' dir='ltr'>primariam</span> <span class='ocrx_word' id='word_1_129' title='bbox 798 997 969 1034; x_wconf 82' lang='lat' dir='ltr'>intelligitur</span> <span class='ocrx_word' id='word_1_130' title='bbox 992 1005 1043 1033; x_wconf 83' lang='lat' dir='ltr'>ea,</span> <span class='ocrx_word' id='word_1_131' title='bbox 1067 1005 1138 1033; x_wconf 86' lang='lat' dir='ltr'>quae</span> <span class='ocrx_word' id='word_1_132' title='bbox 1162 1003 1337 1026; x_wconf 88' lang='lat' dir='ltr'>momentum</span> <span class='ocrx_word' id='word_1_133' title='bbox 1357 1005 1458 1026; x_wconf 87' lang='lat' dir='ltr'>causae</span> <span class='ocrx_word' id='word_1_134' title='bbox 1477 996 1624 1033; x_wconf 83' lang='lat' dir='ltr'>proximae</span> <span class='ocrx_word' id='word_1_135' title='bbox 1647 997 1740 1027; x_wconf 74' lang='lat' dir='ltr'>statIm</span> <span class='ocrx_word' id='word_1_136' title='bbox 1761 1006 1808 1028; x_wconf 81' lang='lat' dir='ltr'>se·</span> 
     </span>
     <span class='ocr_line' id='line_1_15' title="bbox 294 1047 1808 1086; baseline 0 -8"><span class='ocrx_word' id='word_1_137' title='bbox 294 1050 409 1086; x_wconf 82' lang='lat' dir='ltr'>quitur,</span> <span class='ocrx_word' id='word_1_138' title='bbox 432 1056 459 1078; x_wconf 91' lang='lat' dir='ltr'>et</span> <span class='ocrx_word' id='word_1_139' title='bbox 476 1049 505 1078; x_wconf 91' lang='lat' dir='ltr'>in</span> <span class='ocrx_word' id='word_1_140' title='bbox 521 1049 622 1077; x_wconf 87' lang='lat' dir='ltr'>eodem</span> <span class='ocrx_word' id='word_1_141' title='bbox 650 1047 779 1084; x_wconf 78' lang='lat' dir='ltr'>persistit</span> <span class='ocrx_word' id='word_1_142' title='bbox 803 1050 893 1085; x_wconf 81' lang='lat' dir='ltr'>loco3</span> <span class='ocrx_word' id='word_1_143' title='bbox 916 1049 940 1077; x_wconf 91' lang='lat' dir='ltr'>si</span> <span class='ocrx_word' id='word_1_144' title='bbox 961 1056 1030 1077; x_wconf 85' lang='lat' dir='ltr'>vero</span> <span class='ocrx_word' id='word_1_145' title='bbox 1052 1057 1067 1077; x_wconf 87' lang='lat' dir='ltr'><strong>a</strong></span> <span class='ocrx_word' id='word_1_146' title='bbox 1091 1047 1208 1084; x_wconf 86' lang='lat' dir='ltr'>primo,</span> <span class='ocrx_word' id='word_1_147' title='bbox 1231 1056 1314 1084; x_wconf 89' lang='lat' dir='ltr'>quem</span> <span class='ocrx_word' id='word_1_148' title='bbox 1338 1048 1509 1085; x_wconf 76' lang='lat' dir='ltr'>occupavit,</span> <span class='ocrx_word' id='word_1_149' title='bbox 1531 1049 1597 1077; x_wconf 81' lang='lat' dir='ltr'>loco</span> <span class='ocrx_word' id='word_1_150' title='bbox 1622 1048 1756 1086; x_wconf 84' lang='lat' dir='ltr'>decedit,</span> <span class='ocrx_word' id='word_1_151' title='bbox 1778 1055 1808 1079; x_wconf 88' lang='lat' dir='ltr'>et</span> 
     </span>
     <span class='ocr_line' id='line_1_16' title="bbox 291 1098 1300 1136; baseline -0.002 -7"><span class='ocrx_word' id='word_1_152' title='bbox 291 1101 377 1130; x_wconf 84' lang='lat' dir='ltr'>alium</span> <span class='ocrx_word' id='word_1_153' title='bbox 408 1102 606 1129; x_wconf 86' lang='lat' dir='ltr'>musculorum</span> <span class='ocrx_word' id='word_1_154' title='bbox 632 1099 746 1128; x_wconf 83' lang='lat' dir='ltr'>actione</span> <span class='ocrx_word' id='word_1_155' title='bbox 769 1099 858 1135; x_wconf 86' lang='lat' dir='ltr'>petit,</span> <span class='ocrx_word' id='word_1_156' title='bbox 886 1099 991 1128; x_wconf 88' lang='lat' dir='ltr'>dicitur</span> <span class='ocrx_word' id='word_1_157' title='bbox 1005 1099 1175 1128; x_wconf 79' lang='lat' dir='ltr'>secundaria</span> <span class='ocrx_word' id='word_1_158' title='bbox 1196 1099 1259 1136; x_wconf 81' lang='lat'>(23</span> <span class='ocrx_word' id='word_1_159' title='bbox 1272 1098 1300 1135; x_wconf 86' lang='lat'>).</span> 
     </span>
    </p>

    <p class='ocr_par' dir='ltr' id='par_1_7' title="bbox 291 1149 1809 1290">
     <span class='ocr_line' id='line_1_17' title="bbox 333 1149 1809 1187; baseline 0.001 -7"><span class='ocrx_word' id='word_1_160' title='bbox 333 1152 424 1181; x_wconf 89' lang='lat' dir='ltr'>Multi</span> <span class='ocrx_word' id='word_1_161' title='bbox 441 1151 558 1180; x_wconf 87' lang='lat' dir='ltr'>fuerunt</span> <span class='ocrx_word' id='word_1_162' title='bbox 574 1151 720 1180; x_wconf 87' lang='lat' dir='ltr'>Auctores</span> <span class='ocrx_word' id='word_1_163' title='bbox 731 1171 742 1186; x_wconf 90' lang='lat'>‚</span> <span class='ocrx_word' id='word_1_164' title='bbox 765 1149 835 1186; x_wconf 86' lang='lat' dir='ltr'>qui,</span> <span class='ocrx_word' id='word_1_165' title='bbox 865 1150 1070 1187; x_wconf 85' lang='lat' dir='ltr'>Hippocratem</span> <span class='ocrx_word' id='word_1_166' title='bbox 1086 1149 1188 1179; x_wconf 84' lang='lat' dir='ltr'>ducem</span> <span class='ocrx_word' id='word_1_167' title='bbox 1214 1149 1327 1185; x_wconf 75' lang='lat' dir='ltr'>secuti,</span> <span class='ocrx_word' id='word_1_168' title='bbox 1349 1150 1504 1179; x_wconf 85' lang='lat' dir='ltr'>statuerint</span> <span class='ocrx_word' id='word_1_169' title='bbox 1524 1158 1608 1179; x_wconf 87' lang='lat' dir='ltr'>unam</span> <span class='ocrx_word' id='word_1_170' title='bbox 1625 1151 1711 1180; x_wconf 90' lang='lat' dir='ltr'>modo</span> <span class='ocrx_word' id='word_1_171' title='bbox 1723 1152 1809 1181; x_wconf 79' lang='lat' dir='ltr'>luxa·</span> 
     </span>
     <span class='ocr_line' id='line_1_18' title="bbox 291 1200 1806 1239; baseline -0.001 -7"><span class='ocrx_word' id='word_1_172' title='bbox 291 1203 399 1232; x_wconf 88' lang='lat' dir='ltr'>tionem</span> <span class='ocrx_word' id='word_1_173' title='bbox 417 1202 578 1239; x_wconf 80' lang='lat' dir='ltr'>primariam</span> <span class='ocrx_word' id='word_1_174' title='bbox 597 1203 614 1239; x_wconf 90' lang='lat'>(</span> <span class='ocrx_word' id='word_1_175' title='bbox 629 1206 708 1238; x_wconf 83' lang='lat'>24),</span> <span class='ocrx_word' id='word_1_176' title='bbox 728 1206 760 1229; x_wconf 64' lang='lat' dir='ltr'>&gt;et</span> <span class='ocrx_word' id='word_1_177' title='bbox 776 1207 883 1229; x_wconf 84' lang='lat' dir='ltr'>ceteras</span> <span class='ocrx_word' id='word_1_178' title='bbox 897 1201 1101 1237; x_wconf 75' lang='lat' dir='ltr'>secundat-ias,</span> <span class='ocrx_word' id='word_1_179' title='bbox 1123 1200 1271 1237; x_wconf 87' lang='lat' dir='ltr'>primariae</span> <span class='ocrx_word' id='word_1_180' title='bbox 1290 1202 1434 1236; x_wconf 77' lang='lat' dir='ltr'>sequelas.</span> <span class='ocrx_word' id='word_1_181' title='bbox 1475 1201 1535 1230; x_wconf 90' lang='lat' dir='ltr'>Alii</span> <span class='ocrx_word' id='word_1_182' title='bbox 1559 1210 1630 1231; x_wconf 87' lang='lat' dir='ltr'>vero</span> <span class='ocrx_word' id='word_1_183' title='bbox 1647 1207 1708 1231; x_wconf 88' lang='lat' dir='ltr'>tres</span> <span class='ocrx_word' id='word_1_184' title='bbox 1732 1201 1806 1231; x_wconf 84' lang='lat' dir='ltr'>refe-</span> 
     </span>
     <span class='ocr_line' id='line_1_19' title="bbox 291 1251 1620 1290; baseline 0 -8"><span class='ocrx_word' id='word_1_185' title='bbox 291 1261 359 1283; x_wconf 79' lang='lat' dir='ltr'>runt</span> <span class='ocrx_word' id='word_1_186' title='bbox 381 1254 543 1283; x_wconf 84' lang='lat' dir='ltr'>luxationes</span> <span class='ocrx_word' id='word_1_187' title='bbox 568 1251 714 1289; x_wconf 76' lang='lat' dir='ltr'>primarias</span> <span class='ocrx_word' id='word_1_188' title='bbox 728 1271 739 1287; x_wconf 95' lang='lat'>,</span> <span class='ocrx_word' id='word_1_189' title='bbox 760 1261 833 1288; x_wconf 87' lang='lat' dir='ltr'>quae</span> <span class='ocrx_word' id='word_1_190' title='bbox 851 1252 924 1282; x_wconf 86' lang='lat' dir='ltr'>fiunt</span> <span class='ocrx_word' id='word_1_191' title='bbox 940 1253 1093 1289; x_wconf 89' lang='lat' dir='ltr'>deorsum,</span> <span class='ocrx_word' id='word_1_192' title='bbox 1111 1259 1277 1282; x_wconf 82' lang='lat' dir='ltr'>antrorsum</span> <span class='ocrx_word' id='word_1_193' title='bbox 1293 1258 1321 1280; x_wconf 91' lang='lat' dir='ltr'>et</span> <span class='ocrx_word' id='word_1_194' title='bbox 1338 1258 1495 1280; x_wconf 86' lang='lat' dir='ltr'>retrorsum</span> <span class='ocrx_word' id='word_1_195' title='bbox 1518 1252 1560 1289; x_wconf 67' lang='grc' dir='ltr'>(ε</span> <span class='ocrx_word' id='word_1_196' title='bbox 1567 1260 1583 1289; x_wconf 83' lang='grc'><em>5</em></span> <span class='ocrx_word' id='word_1_197' title='bbox 1594 1253 1620 1290; x_wconf 91' lang='lat'>).</span> 
     </span>
    </p>

    <p class='ocr_par' dir='ltr' id='par_1_8' title="bbox 329 1302 1808 1341">
     <span class='ocr_line' id='line_1_20' title="bbox 329 1302 1808 1341; baseline 0 -9"><span class='ocrx_word' id='word_1_198' title='bbox 329 1304 481 1341; x_wconf 86' lang='lat' dir='ltr'>Quidquid</span> <span class='ocrx_word' id='word_1_199' title='bbox 507 1304 564 1339; x_wconf 85' lang='lat' dir='ltr'>sit,</span> <span class='ocrx_word' id='word_1_200' title='bbox 586 1303 767 1332; x_wconf 80' lang='lat' dir='ltr'>secundarias</span> <span class='ocrx_word' id='word_1_201' title='bbox 787 1313 873 1340; x_wconf 87' lang='lat' dir='ltr'>posse</span> <span class='ocrx_word' id='word_1_202' title='bbox 895 1305 1016 1333; x_wconf 83' lang='lat' dir='ltr'>existere</span> <span class='ocrx_word' id='word_1_203' title='bbox 1030 1304 1193 1333; x_wconf 81' lang='lat' dir='ltr'>luxationes</span> <span class='ocrx_word' id='word_1_204' title='bbox 1218 1303 1427 1339; x_wconf 82' lang='lat' dir='ltr'>experimenta,</span> <span class='ocrx_word' id='word_1_205' title='bbox 1447 1302 1475 1331; x_wconf 82' lang='lat' dir='ltr'>in</span> <span class='ocrx_word' id='word_1_206' title='bbox 1491 1303 1674 1332; x_wconf 79' lang='lat' dir='ltr'>cadaveribus</span> <span class='ocrx_word' id='word_1_207' title='bbox 1692 1302 1808 1332; x_wconf 87' lang='lat' dir='ltr'>institu-</span> 
     </span>
    </p>
   </div>
   <div class='ocr_carea' id='block_1_6' title="bbox 291 1353 1810 1434">
    <p class='ocr_par' dir='ltr' id='par_1_9' title="bbox 291 1353 1810 1434">
     <span class='ocr_line' id='line_1_21' title="bbox 291 1353 1807 1393; baseline -0.001 -9"><span class='ocrx_word' id='word_1_208' title='bbox 291 1362 341 1391; x_wconf 80' lang='lat' dir='ltr'>ta,</span> <span class='ocrx_word' id='word_1_209' title='bbox 366 1355 433 1384; x_wconf 82' lang='lat' dir='ltr'>satis</span> <span class='ocrx_word' id='word_1_210' title='bbox 451 1355 574 1392; x_wconf 78' lang='lat' dir='ltr'>probant</span> <span class='ocrx_word' id='word_1_211' title='bbox 594 1355 696 1392; x_wconf 78' lang='lat'><strong>(26),</strong></span> <span class='ocrx_word' id='word_1_212' title='bbox 727 1363 780 1383; x_wconf 87' lang='lat' dir='ltr'>nec</span> <span class='ocrx_word' id='word_1_213' title='bbox 804 1355 898 1385; x_wconf 89' lang='lat' dir='ltr'>minus</span> <span class='ocrx_word' id='word_1_214' title='bbox 924 1362 1060 1393; x_wconf 84' lang='lat' dir='ltr'>constat,</span> <span class='ocrx_word' id='word_1_215' title='bbox 1083 1356 1233 1385; x_wconf 82' lang='lat' dir='ltr'>humerum</span> <span class='ocrx_word' id='word_1_216' title='bbox 1248 1354 1383 1391; x_wconf 86' lang='lat' dir='ltr'>primarie</span> <span class='ocrx_word' id='word_1_217' title='bbox 1404 1354 1467 1383; x_wconf 73' lang='lat' dir='ltr'>sive</span> <span class='ocrx_word' id='word_1_218' title='bbox 1487 1354 1654 1383; x_wconf 81' lang='lat' dir='ltr'>secundarie</span> <span class='ocrx_word' id='word_1_219' title='bbox 1679 1353 1807 1384; x_wconf 87' lang='lat' dir='ltr'>luxatum</span> 
     </span>
     <span class='ocr_line' id='line_1_22' title="bbox 1765 1406 1810 1434; baseline -0.022 0"><span class='ocrx_word' id='word_1_220' title='bbox 1765 1406 1810 1434; x_wconf 90' lang='lat' dir='ltr'>lo-</span> 
     </span>
    </p>
   </div>
   <div class='ocr_carea' id='block_1_7' title="bbox 293 1487 1811 2212">
    <p class='ocr_par' dir='ltr' id='par_1_10' title="bbox 293 1487 1808 1568">
     <span class='ocr_line' id='line_1_23' title="bbox 328 1487 1808 1523; baseline 0.001 -9"><span class='ocrx_word' id='word_1_221' title='bbox 328 1487 413 1522; x_wconf 81' lang='lat'>(17)</span> <span class='ocrx_word' id='word_1_222' title='bbox 444 1488 471 1523; x_wconf 87' lang='lat' dir='ltr'>J.</span> <span class='ocrx_word' id='word_1_223' title='bbox 491 1488 522 1514; x_wconf 81' lang='lat' dir='ltr'>F.</span> <span class='ocrx_word' id='word_1_224' title='bbox 546 1487 681 1514; x_wconf 71' lang='lat' dir='ltr'>Bottchers</span> <span class='ocrx_word' id='word_1_225' title='bbox 711 1488 838 1516; x_wconf 81' lang='lat' dir='ltr'>Abhandl.</span> <span class='ocrx_word' id='word_1_226' title='bbox 863 1497 890 1516; x_wconf 88' lang='lat' dir='ltr'>v.</span> <span class='ocrx_word' id='word_1_227' title='bbox 914 1489 941 1516; x_wconf 89' lang='lat' dir='ltr'>d.</span> <span class='ocrx_word' id='word_1_228' title='bbox 965 1489 1077 1515; x_wconf 69' lang='lat' dir='ltr'>Krank&#39;n.</span> <span class='ocrx_word' id='word_1_229' title='bbox 1104 1489 1130 1515; x_wconf 91' lang='lat' dir='ltr'>d.</span> <span class='ocrx_word' id='word_1_230' title='bbox 1157 1489 1282 1515; x_wconf 85' lang='lat' dir='ltr'>Knochen</span> <span class='ocrx_word' id='word_1_231' title='bbox 1308 1495 1361 1516; x_wconf 90' lang='lat' dir='ltr'>cet.</span> <span class='ocrx_word' id='word_1_232' title='bbox 1389 1494 1410 1515; x_wconf 90' lang='lat' dir='ltr'>t.</span> <span class='ocrx_word' id='word_1_233' title='bbox 1429 1496 1458 1515; x_wconf 80' lang='lat'>2.</span> <span class='ocrx_word' id='word_1_234' title='bbox 1488 1488 1514 1521; x_wconf 70' lang='lat'>§-</span> <span class='ocrx_word' id='word_1_235' title='bbox 1536 1493 1561 1520; x_wconf 83' lang='lat'>5.</span> <span class='ocrx_word' id='word_1_236' title='bbox 1587 1494 1614 1521; x_wconf 79' lang='lat' dir='ltr'>p-</span> <span class='ocrx_word' id='word_1_237' title='bbox 1629 1493 1655 1520; x_wconf 84' lang='grc'>5.</span> <span class='ocrx_word' id='word_1_238' title='bbox 1682 1487 1808 1521; x_wconf 77' lang='lat' dir='ltr'>Konigsb.</span> 
     </span>
     <span class='ocr_line' id='line_1_24' title="bbox 293 1537 447 1568; baseline -0.006 -6"><span class='ocrx_word' id='word_1_239' title='bbox 293 1539 367 1568; x_wconf 58' lang='lat'>17²9.</span> <span class='ocrx_word' id='word_1_240' title='bbox 386 1537 447 1561; x_wconf 81' lang='grc' dir='ltr'><strong>8νο.</strong></span> 
     </span>
    </p>

    <p class='ocr_par' dir='ltr' id='par_1_11' title="bbox 331 1579 1551 1614">
     <span class='ocr_line' id='line_1_25' title="bbox 331 1579 1551 1614; baseline -0.001 -8"><span class='ocrx_word' id='word_1_241' title='bbox 331 1580 345 1613; x_wconf 84' lang='grc'>(</span> <span class='ocrx_word' id='word_1_242' title='bbox 361 1579 416 1613; x_wconf 81' lang='lat'>18)</span> <span class='ocrx_word' id='word_1_243' title='bbox 437 1580 532 1606; x_wconf 84' lang='lat' dir='ltr'>Oevres</span> <span class='ocrx_word' id='word_1_244' title='bbox 553 1581 674 1612; x_wconf 82' lang='lat' dir='ltr'>Chirurg.</span> <span class='ocrx_word' id='word_1_245' title='bbox 693 1581 724 1605; x_wconf 87' lang='lat' dir='ltr'>de</span> <span class='ocrx_word' id='word_1_246' title='bbox 747 1582 870 1611; x_wconf 83' lang='lat' dir='ltr'>Desault,</span> <span class='ocrx_word' id='word_1_247' title='bbox 889 1587 908 1607; x_wconf 91' lang='lat' dir='ltr'>t.</span> <span class='ocrx_word' id='word_1_248' title='bbox 925 1588 952 1607; x_wconf 83' lang='lat'>1.</span> <span class='ocrx_word' id='word_1_249' title='bbox 977 1590 1005 1614; x_wconf 85' lang='lat' dir='ltr'>p.</span> <span class='ocrx_word' id='word_1_250' title='bbox 1022 1588 1079 1614; x_wconf 82' lang='lat'>373.</span> <span class='ocrx_word' id='word_1_251' title='bbox 1105 1582 1169 1607; x_wconf 86' lang='lat' dir='ltr'>Xav.</span> <span class='ocrx_word' id='word_1_252' title='bbox 1186 1581 1286 1607; x_wconf 84' lang='lat' dir='ltr'>Bichat.</span> <span class='ocrx_word' id='word_1_253' title='bbox 1304 1581 1381 1607; x_wconf 85' lang='lat' dir='ltr'>Paris.</span> <span class='ocrx_word' id='word_1_254' title='bbox 1399 1581 1472 1606; x_wconf 85' lang='lat'>1801.</span> <span class='ocrx_word' id='word_1_255' title='bbox 1490 1580 1551 1606; x_wconf 78' lang='lat' dir='ltr'>8vo.</span> 
     </span>
    </p>

    <p class='ocr_par' dir='ltr' id='par_1_12' title="bbox 328 1625 1314 1661">
     <span class='ocr_line' id='line_1_26' title="bbox 328 1625 1314 1661; baseline 0.001 -8"><span class='ocrx_word' id='word_1_256' title='bbox 328 1626 343 1661; x_wconf 83' lang='lat'>(</span> <span class='ocrx_word' id='word_1_257' title='bbox 360 1625 412 1660; x_wconf 82' lang='lat'>¹9)</span> <span class='ocrx_word' id='word_1_258' title='bbox 441 1628 481 1652; x_wconf 85' lang='lat' dir='ltr'>De</span> <span class='ocrx_word' id='word_1_259' title='bbox 499 1632 545 1652; x_wconf 77' lang='lat' dir='ltr'>art.</span> <span class='ocrx_word' id='word_1_260' title='bbox 564 1627 635 1653; x_wconf 86' lang='lat' dir='ltr'>Sect.</span> <span class='ocrx_word' id='word_1_261' title='bbox 650 1627 695 1652; x_wconf 81' lang='lat' dir='ltr'>VI·</span> <span class='ocrx_word' id='word_1_262' title='bbox 717 1635 743 1659; x_wconf 88' lang='lat' dir='ltr'>p.</span> <span class='ocrx_word' id='word_1_263' title='bbox 760 1628 820 1660; x_wconf 83' lang='lat'>783.</span> <span class='ocrx_word' id='word_1_264' title='bbox 838 1625 902 1652; x_wconf 84' lang='lat' dir='ltr'>edit.</span> <span class='ocrx_word' id='word_1_265' title='bbox 920 1627 1000 1654; x_wconf 63' lang='lat' dir='ltr'>FoEs.</span> <span class='ocrx_word' id='word_1_266' title='bbox 1025 1628 1154 1654; x_wconf 82' lang='lat' dir='ltr'>Genevae.</span> <span class='ocrx_word' id='word_1_267' title='bbox 1171 1629 1247 1659; x_wconf 83' lang='lat'>¹657·</span> <span class='ocrx_word' id='word_1_268' title='bbox 1267 1628 1314 1654; x_wconf 81' lang='lat' dir='ltr'>sol.</span> 
     </span>
    </p>

    <p class='ocr_par' dir='ltr' id='par_1_13' title="bbox 293 1671 1808 1797">
     <span class='ocr_line' id='line_1_27' title="bbox 332 1671 1808 1706; baseline -0.001 -7"><span class='ocrx_word' id='word_1_269' title='bbox 332 1672 346 1706; x_wconf 83' lang='lat'>(</span> <span class='ocrx_word' id='word_1_270' title='bbox 360 1671 417 1706; x_wconf 63' lang='grc' dir='ltr'>ρο)</span> <span class='ocrx_word' id='word_1_271' title='bbox 439 1672 486 1697; x_wconf 91' lang='lat' dir='ltr'>His</span> <span class='ocrx_word' id='word_1_272' title='bbox 500 1674 673 1702; x_wconf 74' lang='lat' dir='ltr'>conveniunt,</span> <span class='ocrx_word' id='word_1_273' title='bbox 687 1680 752 1704; x_wconf 83' lang='lat' dir='ltr'>quae</span> <span class='ocrx_word' id='word_1_274' title='bbox 767 1674 854 1698; x_wconf 84' lang='lat' dir='ltr'>scribit</span> <span class='ocrx_word' id='word_1_275' title='bbox 871 1674 964 1699; x_wconf 87' lang='lat' dir='ltr'>Mave.</span> <span class='ocrx_word' id='word_1_276' title='bbox 981 1674 1038 1699; x_wconf 86' lang='lat' dir='ltr'>Ein.</span> <span class='ocrx_word' id='word_1_277' title='bbox 1054 1673 1139 1699; x_wconf 85' lang='lat' dir='ltr'>Klein.</span> <span class='ocrx_word' id='word_1_278' title='bbox 1156 1674 1276 1704; x_wconf 83' lang='lat' dir='ltr'>Beytrag.</span> <span class='ocrx_word' id='word_1_279' title='bbox 1290 1679 1314 1698; x_wconf 83' lang='grc' dir='ltr'>Ζ.</span> <span class='ocrx_word' id='word_1_280' title='bbox 1328 1673 1438 1704; x_wconf 80' lang='lat' dir='ltr'>Heilung</span> <span class='ocrx_word' id='word_1_281' title='bbox 1453 1673 1541 1699; x_wconf 80' lang='lat' dir='ltr'>veralt.</span> <span class='ocrx_word' id='word_1_282' title='bbox 1558 1672 1684 1699; x_wconf 84' lang='lat' dir='ltr'>Verrenk.</span> <span class='ocrx_word' id='word_1_283' title='bbox 1696 1673 1720 1697; x_wconf 82' lang='lat' dir='ltr'>in</span> <span class='ocrx_word' id='word_1_284' title='bbox 1734 1672 1808 1698; x_wconf 73' lang='lat' dir='ltr'>Mur-</span> 
     </span>
     <span class='ocr_line' id='line_1_28' title="bbox 294 1717 1808 1753; baseline -0.001 -8"><span class='ocrx_word' id='word_1_285' title='bbox 294 1719 387 1745; x_wconf 81' lang='lat' dir='ltr'>siuna&#39;s</span> <span class='ocrx_word' id='word_1_286' title='bbox 407 1719 501 1753; x_wconf 73' lang='lat' dir='ltr'>Journ.</span> <span class='ocrx_word' id='word_1_287' title='bbox 518 1719 537 1743; x_wconf 90' lang='lat' dir='ltr'>f.</span> <span class='ocrx_word' id='word_1_288' title='bbox 556 1718 595 1743; x_wconf 83' lang='lat' dir='ltr'>die</span> <span class='ocrx_word' id='word_1_289' title='bbox 611 1719 730 1750; x_wconf 78' lang='lat' dir='ltr'>Chirurg.</span> <span class='ocrx_word' id='word_1_290' title='bbox 749 1725 799 1744; x_wconf 85' lang='lat' dir='ltr'>cet.</span> <span class='ocrx_word' id='word_1_291' title='bbox 819 1717 859 1743; x_wconf 69' lang='grc' dir='ltr'>ΒΔ</span> <span class='ocrx_word' id='word_1_292' title='bbox 873 1725 896 1744; x_wconf 88' lang='lat'>1.</span> <span class='ocrx_word' id='word_1_293' title='bbox 916 1725 948 1745; x_wconf 86' lang='lat' dir='ltr'>st.</span> <span class='ocrx_word' id='word_1_294' title='bbox 967 1726 990 1746; x_wconf 86' lang='lat'>1.</span> <span class='ocrx_word' id='word_1_295' title='bbox 1008 1727 1035 1753; x_wconf 81' lang='lat' dir='ltr'>p.</span> <span class='ocrx_word' id='word_1_296' title='bbox 1051 1719 1096 1746; x_wconf 87' lang='lat'>68.</span> <span class='ocrx_word' id='word_1_297' title='bbox 1115 1718 1265 1751; x_wconf 81' lang='lat' dir='ltr'>Howship&#39;s</span> <span class='ocrx_word' id='word_1_298' title='bbox 1283 1718 1364 1750; x_wconf 80' lang='lat' dir='ltr'>prakt.</span> <span class='ocrx_word' id='word_1_299' title='bbox 1383 1718 1526 1743; x_wconf 80' lang='lat' dir='ltr'>Beobacht.</span> <span class='ocrx_word' id='word_1_300' title='bbox 1541 1724 1568 1750; x_wconf 86' lang='lat' dir='ltr'>p.</span> <span class='ocrx_word' id='word_1_301' title='bbox 1580 1724 1629 1749; x_wconf 78' lang='lat'>442</span> <span class='ocrx_word' id='word_1_302' title='bbox 1649 1724 1702 1750; x_wconf 88' lang='lat' dir='ltr'>seq.</span> <span class='ocrx_word' id='word_1_303' title='bbox 1721 1718 1808 1747; x_wconf 73' lang='lat' dir='ltr'>fibers.</span> 
     </span>
     <span class='ocr_line' id='line_1_29' title="bbox 293 1756 1531 1797; baseline 0.001 -8"><span class='ocrx_word' id='word_1_304' title='bbox 293 1773 319 1791; x_wconf 81' lang='lat' dir='ltr'>v.</span> <span class='ocrx_word' id='word_1_305' title='bbox 339 1764 460 1790; x_wconf 72' lang='lat' dir='ltr'>Seliijlze.</span> <span class='ocrx_word' id='word_1_306' title='bbox 489 1763 660 1790; x_wconf 68' lang='lat' dir='ltr'>Halberstfidt.</span> <span class='ocrx_word' id='word_1_307' title='bbox 681 1765 753 1797; x_wconf 82' lang='lat'><strong>¹8·9·</strong></span> <span class='ocrx_word' id='word_1_308' title='bbox 1528 1756 1531 1758; x_wconf 18' lang='lat' dir='ltr'>v</span> 
     </span>
    </p>

    <p class='ocr_par' dir='ltr' id='par_1_14' title="bbox 295 1808 1809 1888">
     <span class='ocr_line' id='line_1_30' title="bbox 332 1808 1809 1843; baseline 0 -7"><span class='ocrx_word' id='word_1_309' title='bbox 332 1809 386 1843; x_wconf 79' lang='lat'>(21</span> <span class='ocrx_word' id='word_1_310' title='bbox 401 1808 416 1843; x_wconf 84' lang='lat'><em>)</em></span> <span class='ocrx_word' id='word_1_311' title='bbox 438 1809 496 1835; x_wconf 87' lang='lat' dir='ltr'>Vid.</span> <span class='ocrx_word' id='word_1_312' title='bbox 514 1810 596 1835; x_wconf 80' lang='lat' dir='ltr'>Casus</span> <span class='ocrx_word' id='word_1_313' title='bbox 612 1817 625 1834; x_wconf 82' lang='lat' dir='ltr'>a</span> <span class='ocrx_word' id='word_1_314' title='bbox 639 1810 741 1835; x_wconf 86' lang='lat' dir='ltr'>Bonmo</span> <span class='ocrx_word' id='word_1_315' title='bbox 759 1810 887 1836; x_wconf 65' lang='lat' dir='ltr'>memorati</span> <span class='ocrx_word' id='word_1_316' title='bbox 904 1810 929 1835; x_wconf 80' lang='lat' dir='ltr'>in</span> <span class='ocrx_word' id='word_1_317' title='bbox 953 1811 1057 1837; x_wconf 79' lang='lat' dir='ltr'>Comm.</span> <span class='ocrx_word' id='word_1_318' title='bbox 1074 1810 1106 1837; x_wconf 88' lang='lat' dir='ltr'>de</span> <span class='ocrx_word' id='word_1_319' title='bbox 1124 1811 1232 1837; x_wconf 85' lang='lat' dir='ltr'>humero</span> <span class='ocrx_word' id='word_1_320' title='bbox 1247 1810 1335 1835; x_wconf 79' lang='lat' dir='ltr'>luxato</span> <span class='ocrx_word' id='word_1_321' title='bbox 1353 1818 1382 1843; x_wconf 89' lang='lat' dir='ltr'>p.</span> <span class='ocrx_word' id='word_1_322' title='bbox 1398 1816 1429 1841; x_wconf 85' lang='lat'>30</span> <span class='ocrx_word' id='word_1_323' title='bbox 1447 1816 1502 1841; x_wconf 83' lang='lat' dir='ltr'>seq.</span> <span class='ocrx_word' id='word_1_324' title='bbox 1521 1815 1546 1835; x_wconf 90' lang='lat' dir='ltr'>et</span> <span class='ocrx_word' id='word_1_325' title='bbox 1565 1808 1679 1834; x_wconf 75' lang='lat' dir='ltr'>Medical</span> <span class='ocrx_word' id='word_1_326' title='bbox 1699 1808 1809 1836; x_wconf 77' lang='lat' dir='ltr'>observ.</span> 
     </span>
     <span class='ocr_line' id='line_1_31' title="bbox 295 1857 786 1888; baseline 0 -6"><span class='ocrx_word' id='word_1_327' title='bbox 295 1858 341 1882; x_wconf 70' lang='lat' dir='ltr'>and</span> <span class='ocrx_word' id='word_1_328' title='bbox 363 1857 460 1888; x_wconf 80' lang='lat' dir='ltr'>Inquit.</span> <span class='ocrx_word' id='word_1_329' title='bbox 480 1862 499 1882; x_wconf 86' lang='lat' dir='ltr'>t.</span> <span class='ocrx_word' id='word_1_330' title='bbox 512 1863 540 1881; x_wconf 84' lang='lat'>2.</span> <span class='ocrx_word' id='word_1_331' title='bbox 563 1863 591 1887; x_wconf 87' lang='lat' dir='ltr'>p.</span> <span class='ocrx_word' id='word_1_332' title='bbox 607 1863 665 1888; x_wconf 79' lang='lat'>351.</span> <span class='ocrx_word' id='word_1_333' title='bbox 694 1864 744 1882; x_wconf 80' lang='lat' dir='ltr'>cas.</span> <span class='ocrx_word' id='word_1_334' title='bbox 762 1864 786 1882; x_wconf 77' lang='lat' dir='ltr'>e.</span> 
     </span>
    </p>

    <p class='ocr_par' dir='ltr' id='par_1_15' title="bbox 329 1901 1104 1937">
     <span class='ocr_line' id='line_1_32' title="bbox 329 1901 1104 1937; baseline 0.001 -11"><span class='ocrx_word' id='word_1_335' title='bbox 329 1901 415 1937; x_wconf 62' lang='grc' dir='ltr'>(ω)</span> <span class='ocrx_word' id='word_1_336' title='bbox 438 1902 556 1927; x_wconf 79' lang='lat' dir='ltr'>[lunter&#39;s</span> <span class='ocrx_word' id='word_1_337' title='bbox 575 1902 648 1929; x_wconf 84' lang='lat' dir='ltr'>Med.</span> <span class='ocrx_word' id='word_1_338' title='bbox 670 1904 773 1928; x_wconf 86' lang='lat' dir='ltr'>Comm.</span> <span class='ocrx_word' id='word_1_339' title='bbox 793 1908 858 1934; x_wconf 81' lang='lat' dir='ltr'>part.</span> <span class='ocrx_word' id='word_1_340' title='bbox 874 1909 899 1930; x_wconf 73' lang='grc' dir='ltr'>ι.</span> <span class='ocrx_word' id='word_1_341' title='bbox 924 1909 952 1935; x_wconf 77' lang='grc' dir='ltr'>Ρ.</span> <span class='ocrx_word' id='word_1_342' title='bbox 969 1902 1011 1928; x_wconf 88' lang='lat'>60.</span> <span class='ocrx_word' id='word_1_343' title='bbox 1032 1909 1104 1929; x_wconf 85' lang='lat' dir='ltr'>note.</span> 
     </span>
    </p>

    <p class='ocr_par' dir='ltr' id='par_1_16' title="bbox 329 1949 722 1983">
     <span class='ocr_line' id='line_1_33' title="bbox 329 1949 722 1983; baseline -0.003 -8"><span class='ocrx_word' id='word_1_344' title='bbox 329 1949 416 1983; x_wconf 79' lang='lat'>(23)</span> <span class='ocrx_word' id='word_1_345' title='bbox 435 1950 540 1979; x_wconf 73' lang='lat' dir='ltr'>Caspar.</span> <span class='ocrx_word' id='word_1_346' title='bbox 559 1949 576 1974; x_wconf 93' lang='lat' dir='ltr'>l.</span> <span class='ocrx_word' id='word_1_347' title='bbox 594 1956 616 1973; x_wconf 92' lang='lat' dir='ltr'>c.</span> <span class='ocrx_word' id='word_1_348' title='bbox 635 1956 661 1980; x_wconf 79' lang='lat' dir='ltr'>p.</span> <span class='ocrx_word' id='word_1_349' title='bbox 680 1956 722 1981; x_wconf 85' lang='lat'>27.</span> 
     </span>
    </p>

    <p class='ocr_par' dir='ltr' id='par_1_17' title="bbox 293 1985 1811 2072">
     <span class='ocr_line' id='line_1_34' title="bbox 332 1985 1811 2028; baseline -0.002 -8"><span class='ocrx_word' id='word_1_350' title='bbox 332 1993 415 2028; x_wconf 75' lang='lat'><em>(24)</em></span> <span class='ocrx_word' id='word_1_351' title='bbox 444 1993 599 2020; x_wconf 79' lang='lat' dir='ltr'>Richerand.</span> <span class='ocrx_word' id='word_1_352' title='bbox 622 1994 739 2026; x_wconf 85' lang='lat' dir='ltr'>Nosogr.</span> <span class='ocrx_word' id='word_1_353' title='bbox 760 1985 834 2021; x_wconf 59' lang='lat' dir='ltr'>Chir.⁴</span> <span class='ocrx_word' id='word_1_354' title='bbox 863 2000 882 2021; x_wconf 90' lang='lat' dir='ltr'>t.</span> <span class='ocrx_word' id='word_1_355' title='bbox 896 2000 921 2025; x_wconf 88' lang='lat'>3.</span> <span class='ocrx_word' id='word_1_356' title='bbox 949 2001 975 2027; x_wconf 87' lang='lat' dir='ltr'>p.</span> <span class='ocrx_word' id='word_1_357' title='bbox 997 2002 1056 2022; x_wconf 78' lang='lat'><em>200.</em></span> <span class='ocrx_word' id='word_1_358' title='bbox 1081 1993 1148 2021; x_wconf 82' lang='lat' dir='ltr'>Paris</span> <span class='ocrx_word' id='word_1_359' title='bbox 1163 1994 1240 2021; x_wconf 77' lang='lat'>1808.</span> <span class='ocrx_word' id='word_1_360' title='bbox 1264 1994 1325 2020; x_wconf 87' lang='lat' dir='ltr'>8vo.</span> <span class='ocrx_word' id='word_1_361' title='bbox 1351 2006 1386 2013; x_wconf 96' lang='lat'>—</span> <span class='ocrx_word' id='word_1_362' title='bbox 1409 1993 1435 2020; x_wconf 91' lang='lat' dir='ltr'>S.</span> <span class='ocrx_word' id='word_1_363' title='bbox 1452 1993 1568 2027; x_wconf 79' lang='lat' dir='ltr'>Conper.</span> <span class='ocrx_word' id='word_1_364' title='bbox 1586 1999 1616 2018; x_wconf 81' lang='lat' dir='ltr'>au</span> <span class='ocrx_word' id='word_1_365' title='bbox 1642 1992 1759 2026; x_wconf 85' lang='lat' dir='ltr'>Epitom.</span> <span class='ocrx_word' id='word_1_366' title='bbox 1778 1992 1811 2017; x_wconf 79' lang='lat' dir='ltr'>of</span> 
     </span>
     <span class='ocr_line' id='line_1_35' title="bbox 293 2034 1317 2072; baseline 0.002 -9"><span class='ocrx_word' id='word_1_367' title='bbox 293 2042 401 2068; x_wconf 70' lang='lat' dir='ltr'>modern</span> <span class='ocrx_word' id='word_1_368' title='bbox 417 2047 523 2072; x_wconf 81' lang='lat' dir='ltr'>surgery</span> <span class='ocrx_word' id='word_1_369' title='bbox 547 2048 574 2072; x_wconf 88' lang='lat' dir='ltr'>p.</span> <span class='ocrx_word' id='word_1_370' title='bbox 593 2048 651 2066; x_wconf 86' lang='lat'>221.</span> <span class='ocrx_word' id='word_1_371' title='bbox 677 2041 761 2067; x_wconf 87' lang='lat' dir='ltr'>Lond.</span> <span class='ocrx_word' id='word_1_372' title='bbox 783 2041 856 2072; x_wconf 83' lang='lat'>1813.</span> <span class='ocrx_word' id='word_1_373' title='bbox 874 2041 936 2068; x_wconf 80' lang='lat' dir='ltr'>8vo.</span> <span class='ocrx_word' id='word_1_374' title='bbox 1313 2034 1317 2036; x_wconf 35' lang='grc'><strong>“</strong></span> 
     </span>
    </p>

    <p class='ocr_par' dir='ltr' id='par_1_18' title="bbox 330 2086 746 2122">
     <span class='ocr_line' id='line_1_36' title="bbox 330 2086 746 2122; baseline 0.002 -10"><span class='ocrx_word' id='word_1_375' title='bbox 330 2086 413 2122; x_wconf 81' lang='lat'>(25)</span> <span class='ocrx_word' id='word_1_376' title='bbox 434 2087 524 2118; x_wconf 85' lang='lat' dir='ltr'>Boyer</span> <span class='ocrx_word' id='word_1_377' title='bbox 536 2103 544 2115; x_wconf 97' lang='lat'>‚</span> <span class='ocrx_word' id='word_1_378' title='bbox 564 2087 581 2112; x_wconf 90' lang='lat'>1.</span> <span class='ocrx_word' id='word_1_379' title='bbox 597 2093 622 2113; x_wconf 92' lang='lat' dir='ltr'>c.</span> <span class='ocrx_word' id='word_1_380' title='bbox 644 2094 670 2118; x_wconf 87' lang='lat' dir='ltr'>p.</span> <span class='ocrx_word' id='word_1_381' title='bbox 690 2089 746 2118; x_wconf 73' lang='lat'>183.</span> 
     </span>
    </p>

    <p class='ocr_par' dir='ltr' id='par_1_19' title="bbox 294 2129 1807 2212">
     <span class='ocr_line' id='line_1_37' title="bbox 330 2129 1807 2168; baseline -0.002 -9"><span class='ocrx_word' id='word_1_382' title='bbox 330 2132 411 2168; x_wconf 80' lang='lat'><em>(26)</em></span> <span class='ocrx_word' id='word_1_383' title='bbox 436 2132 565 2159; x_wconf 85' lang='lat' dir='ltr'>Loeseke.</span> <span class='ocrx_word' id='word_1_384' title='bbox 588 2132 699 2159; x_wconf 83' lang='lat' dir='ltr'>observ.</span> <span class='ocrx_word' id='word_1_385' title='bbox 726 2134 799 2158; x_wconf 76' lang='lat' dir='ltr'>Anat.</span> <span class='ocrx_word' id='word_1_386' title='bbox 823 2133 898 2159; x_wconf 73' lang='lat' dir='ltr'>C&#39;nir.</span> <span class='ocrx_word' id='word_1_387' title='bbox 927 2141 956 2165; x_wconf 82' lang='lat' dir='ltr'>p.</span> <span class='ocrx_word' id='word_1_388' title='bbox 972 2139 1003 2164; x_wconf 84' lang='lat'>13</span> <span class='ocrx_word' id='word_1_389' title='bbox 1024 2140 1080 2165; x_wconf 84' lang='lat' dir='ltr'>seq·</span> <span class='ocrx_word' id='word_1_390' title='bbox 1103 2138 1123 2160; x_wconf 84' lang='lat' dir='ltr'>t.</span> <span class='ocrx_word' id='word_1_391' title='bbox 1141 2139 1164 2159; x_wconf 85' lang='lat'>1.</span> <span class='ocrx_word' id='word_1_392' title='bbox 1191 2132 1241 2159; x_wconf 80' lang='lat' dir='ltr'>tab.</span> <span class='ocrx_word' id='word_1_393' title='bbox 1261 2138 1284 2158; x_wconf 82' lang='lat'>1.</span> <span class='ocrx_word' id='word_1_394' title='bbox 1309 2132 1341 2158; x_wconf 88' lang='grc' dir='ltr'>Β.</span> <span class='ocrx_word' id='word_1_395' title='bbox 1361 2132 1488 2163; x_wconf 61' lang='lat' dir='ltr'>flumem,</span> <span class='ocrx_word' id='word_1_396' title='bbox 1510 2138 1572 2157; x_wconf 85' lang='lat' dir='ltr'>over</span> <span class='ocrx_word' id='word_1_397' title='bbox 1592 2129 1643 2156; x_wconf 89' lang='lat' dir='ltr'>den</span> <span class='ocrx_word' id='word_1_398' title='bbox 1663 2129 1807 2156; x_wconf 84' lang='lat' dir='ltr'>ontwricht.</span> 
     </span>
     <span class='ocr_line' id='line_1_38' title="bbox 294 2179 1453 2212; baseline -0.003 -5"><span class='ocrx_word' id='word_1_399' title='bbox 294 2180 409 2207; x_wconf 73' lang='lat' dir='ltr'>Schoud.</span> <span class='ocrx_word' id='word_1_400' title='bbox 426 2181 450 2211; x_wconf 79' lang='lat'>§-</span> <span class='ocrx_word' id='word_1_401' title='bbox 468 2185 510 2206; x_wconf 87' lang='lat'>10.</span> <span class='ocrx_word' id='word_1_402' title='bbox 532 2185 561 2211; x_wconf 78' lang='lat' dir='ltr'>p-</span> <span class='ocrx_word' id='word_1_403' title='bbox 578 2186 621 2211; x_wconf 81' lang='lat'>50.</span> <span class='ocrx_word' id='word_1_404' title='bbox 648 2179 674 2205; x_wconf 88' lang='lat' dir='ltr'>iu</span> <span class='ocrx_word' id='word_1_405' title='bbox 696 2179 821 2206; x_wconf 82' lang='lat' dir='ltr'>Verhand.</span> <span class='ocrx_word' id='word_1_406' title='bbox 844 2186 892 2204; x_wconf 84' lang='lat' dir='ltr'>van</span> <span class='ocrx_word' id='word_1_407' title='bbox 914 2179 957 2205; x_wconf 85' lang='lat' dir='ltr'>het</span> <span class='ocrx_word' id='word_1_408' title='bbox 974 2180 1118 2207; x_wconf 90' lang='lat' dir='ltr'>Zeeuwsch</span> <span class='ocrx_word' id='word_1_409' title='bbox 1142 2179 1337 2212; x_wconf 82' lang='lat' dir='ltr'>Genootschap.</span> <span class='ocrx_word' id='word_1_410' title='bbox 1355 2179 1453 2210; x_wconf 86' lang='lat' dir='ltr'>9.deel.</span> 
     </span>
    </p>
   </div>
  </div>
 </body>
</html>
