1919 2511
338 119 1190 202 'RESPONSIO

750 317 838 345 AD

113 457 757 512 QUAESTIONEM
815 457 1466 502 THEOLOGICAM.

506 761 1065 794 PRAEFATIO.

35 831 213 903 Diligens
236 863 373 895 historiae
390 864 539 901 studium,
568 873 633 894 cum
657 873 718 895 non
739 874 824 895 unam
844 866 885 899 ob¹
902 866 1040 896 rationem
1061 865 1194 895 utilitatis
1215 865 1463 905 J'ucunditatisque
1486 870 1545 897 lau—

34 920 98 948 dem
115 924 143 947 et
165 916 439 947 commendationem
461 924 528 952 prae
546 925 577 945 se
597 915 673 945 ferre
692 917 795 946 merito
814 917 961 953 videatur,
983 924 1044 946 tum
1066 918 1097 945 id
1120 917 1149 946 in
1170 917 1270 954 primis
1292 918 1396 954 habet,
1418 928 1476 955 quo
1496 921 1548 949 ho-

35 969 159 1005 minem,
182 975 210 997 et
226 969 324 1005 pium,
346 974 375 996 et
395 966 590 1003 cognoscendi
612 967 714 996 ardore
737 967 903 1004 flagrantem
922 967 1046 1003 alliciat,
1068 967 1184 1004 sibique
1208 967 1373 997 devinctum
1392 970 1545 1005 conciliet,

6 1035 10 1038 ·
31 1020 114 1058 quod
132 1019 213 1056 signa
233 1018 356 1055 plurima
379 1021 469 1054 eaque
494 1016 724 1054 locupletissima
748 1017 900 1054 exhibeat,
925 1026 996 1054 quae
1021 1018 1104 1054 quasi
1126 1019 1184 1047 alta
1201 1026 1273 1047 voce
1291 1019 1477 1056 denuntient,
1500 1029 1545 1049 res

34 1072 170 1105 humanas
191 1070 297 1099 summi
320 1068 457 1098 Numinis
474 1067 699 1105 prudentissima
712 1077 798 1098 manu
820 1075 953 1106 nutuque
971 1069 1032 1107 regi
1056 1076 1149 1106 atque,
1165 1069 1331 1106 gubernari.
1372 1070 1420 1099 Ex
1440 1071 1546 1107 quibus

33 1111 226 1164 omnibusjd
247 1128 341 1150 tamen
362 1120 484 1149 maxim-e
501 1119 622 1149 incurrit
641 1119 671 1149 in
694 1121 819 1156 oculos,
839 1119 881 1150 nil
900 1129 995 1157 neque
1013 1120 1107 1150 carius
1131 1129 1225 1158 neque
1240 1121 1388 1158 antiquius
1407 1121 1545 1152 habuisse

31 1175 187 1206 coelestem
214 1171 447 1210 providentiam,
476 1179 562 1208 quam
592 1170 665 1200 illud
692 1170 833 1199 bonarum
861 1171 964 1201 artium
993 1173 1090 1201 lumen
1115 1180 1148 1201 ac
1176 1172 1415 1209 d1sciplinarum,
1443 1175 1543 1211 quod,

4 1259 10 1262 ,
31 1227 75 1258 uti
94 1224 220 1256 divinam
245 1224 336 1261 spirat
359 1223 500 1261 originem
514 1243 525 1259 ,
555 1222 595 1252 ita
616 1221 780 1252 diutissime
803 1223 920 1252 unicum
945 1222 1002 1252 fuit
1026 1232 1154 1260 munus,
1175 1232 1191 1253 a
1215 1223 1281 1253 Deo
1307 1223 1474 1254 hominibus
1498 1227 1548 1255 da.

23 1285 116 1314 ¹tum,
145 1277 224 1313 quod
246 1284 368 1312 eorum,
397 1283 466 1312 prae
486 1274 607 1311 reliquis
622 1273 719 1303 <huius
745 1281 837 1305 terrae
861 1276 1051 1313 animalibus,
1074 1275 1269 1306 excellentiam
1294 1282 1323 1305 et
1344 1276 1547 1313 praestantiam

28 1330 185 1360 declararet
205 1338 238 1358 ac
265 1329 482 1358 testifica-retur.
530 1327 573 1357 At
596 1337 668 1358 vero
692 1335 849 1366 postquam
873 1329 992 1365 paterna
1017 1326 1156 1356 Numinis
1182 1327 1359 1364 benignitate
1381 1328 1431 1357 lux
1454 1329 1546 1357 multo

29 1381 134 1413 {aerior
159 1387 188 1410 et
210 1380 387 1417 splendidior
408 1379 517 1409 effulsit
542 1380 733 1416 mortalibus,
755 1389 838 1417 quam
858 1381 922 1417 ipse
941 1380 997 1410 Dei
1023 1380 1115 1409 Filius
1138 1381 1324 1416 accenderat,
1346 1382 1381 1410 acl
1406 1381 1550 1418 dissipan-

31 1433 83 1463 das
103 1432 288 1462 densissimas
310 1431 487 1468 ignorantiae
510 1431 665 1467 tenebras,
686 1431 856 1467 hominique
876 1430 950 1460 viam
976 1431 1211 1466 monstrandam,
1234 1432 1291 1467 qua
1312 1432 1440 1467 priscum
1464 1433 1549 1463 amis·

31 1492 79 1515 sae
101 1492 171 1513 suae
193 1483 342 1520 dignitatis
368 1483 484 1520 gradum
516 1483 612 1512 denuo
636 1489 886 1518 consequeretur,
915 1482 1064 1511 innumera
1089 1488 1151 1511 tum
1179 1490 1264 1511 curae
1288 1482 1401 1513 divinae
1425 1483 1545 1521 vestigia

31 1534 93 1565 visa
116 1540 185 1564 sunt
198 1554 208 1570 ,
232 1542 304 1570 quae
320 1542 354 1563 eo
370 1533 454 1563 unice
470 1534 565 1564 omnia
581 1534 751 1570 tenderent,
771 1540 806 1563 ut
823 1542 903 1564 sacra
920 1533 1055 1570 Christi,
1075 1533 1129 1563 etsi
1145 1540 1253 1563 mature
1268 1534 1323 1563 iam
1348 1535 1458 1565 insania
1481 1544 1544 1564 sce-

31 1585 197 1622 leribusque
217 1585 349 1615 humanis
368 1586 746 1627 depravata,*servarentur
769 1593 863 1616 tamen
881 1594 913 1615 ac
939 1585 1044 1616 sensim
1065 1584 1232 1621 sensimque
1257 1585 1293 1614 ad
1318 1585 1442 1615 nativam
1464 1595 1544 1615 suam

25 1635 243 1674 *simplicitatem
259 1636 477 1667 reducerentur.
517 1637 601 1668 Hanc
620 1647 679 1667 rem
697 1646 833 1675 praesens
853 1646 954 1667 aevum
976 1636 1089 1674 egregie
1112 1636 1323 1673 comprobare,
1347 1636 1412 1672 quis
1437 1645 1544 1673 quaeso

30 1696 92 1721 non
111 1688 229 1719 videat?
269 1689 350 1718 Illam
375 1697 493 1725 quoque
516 1688 693 1718 verissimam
710 1697 773 1718 esse
792 1688 981 1725 sententiam,
1003 1687 1156 1725 praecipue
1182 1687 1282 1717 Caroli
1305 1687 1407 1724 Magni
1426 1687 1548 1717 historia

30 1739 155 1776 docuit,
184 1741 268 1778 cuius
296 1740 437 1778 principis
462 1741 549 1777 opera
579 1741 660 1769 Deus
686 1748 747 1770 non
771 1741 867 1770 solum
893 1740 1028 1778 quasdam
1051 1740 1209 1769 litterarum
1231 1738 1368 1775 notitias,
1391 1747 1464 1775 quae
1489 1739 1547 1776 jam

15 1791 88 1830 ¹,iam
109 1791 287 1821 discessurae
317 1792 503 1829 viderentur,
532 1792 678 1828 servavit,
709 1792 761 1821 sed
789 1792 874 1822 etiam
908 1790 1021 1822 Christi
1047 1791 1213 1828 religionem
1241 1790 1277 1820 ab
1305 1789 1393 1818 exitio
1420 1788 1545 1818 munivit

31 1846 119 1880 atque
141 1842 233 1872 tuitus
258 1849 313 1872 est.
362 1842 431 1880 Quo
459 1842 574 1879 quidem
603 1844 743 1881 adspectu
769 1844 794 1872 si
821 1843 920 1873 Caroli
943 1852 988 1873 res
1019 1849 1115 1881 gestae
1143 1843 1334 1879 institutaque
1358 1841 1547 1870 consideran·

21 1899 102 1931 jur,
122 1896 233 1924 summa
250 1895 318 1923 cura
338 1901 368 1923 et
388 1894 546 1925 attentione
573 1895 636 1924 sine
659 1895 749 1924 dubio
771 1894 939 1932 dignissima
958 1901 1038 1926 sunt.
1080 1894 1160 1923 Haec
1188 1902 1234 1923 res
1259 1902 1306 1922 me
1326 1901 1442 1929 quoque
1465 1900 1547 1920 com-

0 1941 1 1983 }
34 1944 132 1982 pulit,
151 1952 184 1974 ut
200 1945 286 1974 vobis
298 1966 309 1981 ,
327 1945 392 1974 Viri
415 1945 582 1976 clarissimi!
606 1946 640 1975 ad
656 1947 852 1983 quaestionem
865 1956 881 1976 a
900 1946 986 1976 vobis
1007 1945 1185 1983 propositam
1206 1946 1263 1974 hoc
1277 1945 1475 1981 qualecunque
1500 1941 1547 1971 of·

0 1987 2 2050 ᾗ
37 1995 142 2026 ferrem
167 2005 360 2033 responsum,
391 1998 470 2034 quod
489 1997 528 2028 ita
554 1998 689 2035 institui,
710 2005 742 2027 ut
763 2007 845 2035 quem
869 1997 991 2034 Caroli,
1018 2003 1047 2026 et
1073 2005 1118 2026 res
1140 2002 1253 2033 gestae,
1276 2002 1304 2025 et
1328 1994 1480 2030 instituta,
1502 1992 1546 2021 ef·

0 2056 3 2088 ¹,
38 2045 146 2076 fectum
172 2047 203 2077 in
232 2048 381 2077 ecclesiam
410 2048 606 2080 Christianam
636 2049 810 2087 habuerint,
842 2049 900 2079 illis
924 2049 996 2087 ipsis
1021 2048 1199 2086 exponendis
1224 2049 1271 2077 vel
1295 2045 1468 2080 addiderim,
1495 2044 1543 2072 vel

0 2110 3 2126 z
39 2097 140 2128 mediis
160 2098 195 2128 iis
215 2098 428 2130 immiscuerim.

1 2139 3 2151 ¹
776 2152 806 2183 A
825 2161 844 2183 ι
1377 2147 1547 2181 CAPUT
