1919 2511
343 173 364 206 6
703 162 1453 198 H.G.TYDEMAN

344 264 476 308 politica
504 261 610 294 studia
637 260 672 293 in
701 260 752 292 sui
773 256 906 300 Imperii
929 252 1206 288 Universitatibus
1228 254 1403 298 abrogasse
1427 265 1490 288 nec
1513 256 1566 289 illa
1588 257 1718 301 publice
1739 261 1808 304 iam

344 321 453 352 sinere
479 318 599 351 doceri.
623 332 668 341 ——
689 316 786 359 Quae
810 323 884 353 res⁷
915 322 1019 356 quum
1041 314 1126 346 inter
1153 313 1305 347 homines
1326 315 1457 358 politica
1483 318 1683 360 garrientes,
1716 331 1814 366 mag-

346 386 473 419 nosque
501 384 592 418 reges
620 373 772 406 nasutulo
802 381 863 404 suo
888 370 1022 403 modulo
1053 369 1224 403 metientes
1238 394 1248 411 ‚
1278 370 1487 404 sermonibus
1513 372 1706 417 agitaretur,
1737 387 1807 412 non

345 432 539 471 defuerunt,
570 431 626 474 qui
649 429 732 461 mihi
754 437 886 472 quoque
911 427 1051 460 subinde
1077 427 1127 461 vel
1151 428 1259 469 Jocose
1281 427 1333 461 vel
1356 427 1457 459 etiam
1485 427 1571 461 serio
1597 436 1724 464 metum
1752 431 1810 466 in-

330 478 445 531 5jicere
469 488 604 529 vellent,
629 486 744 519 studiis
770 487 852 519 meis
865 510 875 527 ,
904 492 973 518 tam
995 485 1085 528 gravi
1110 481 1305 518 auctoritate
1331 488 1363 515 et
1394 484 1446 516 cui
1473 485 1582 518 resisti
1610 497 1678 520 non
1703 493 1814 531 posset

346 544 514 577 damnatis
538 548 637 585 atque
665 541 876 585 proscripti8‚
907 542 957 575 vel
977 542 1072 585 igitur
1101 541 1196 574 tacita
1222 545 1253 572 et
1273 539 1435 583 prudente
1458 540 1556 582 hujus
1585 544 1727 586 exempli
1752 553 1813 578 ve-

346 600 516 633 neratione
529 624 538 640 ‚
570 600 621 634 vel
644 599 864 642 praepotentis
889 596 1102 641 Imperatoris
1132 597 1250 629 diserta
1281 606 1362 629 mox
1384 596 1596 640 significanda
1621 598 1812 641 voluntate,

352 657 553 689 claudendas
582 655 711 688 scholas
732 655 801 687 illas
824 664 918 687 meas
940 661 972 687 et
993 655 1035 688 ad
1059 655 1208 698 vulgares
1231 653 1312 685 alias
1336 659 1368 686 et
1392 654 1553 686 innocuas
1574 653 1813 698 Jurispruden-

351 713 414 744 tiae
438 717 548 755 partes
571 721 738 744 recessum
763 712 833 744 fore
857 712 1094 755 quaerendum.
1118 729 1162 737 —
1185 713 1338 752 Quarum
1358 709 1492 753 quidem
1514 709 1713 753 ineptiarum
1734 720 1814 754 per-

344 772 476 808 taesus,
512 765 653 810 regessi,
677 768 762 799 serio
792 778 845 799 me
872 772 904 799 et
933 767 1080 810 publice,
1113 767 1174 800 sed
1196 767 1297 800 semel
1318 777 1390 799 esse
1418 777 1666 810 responsurum.
1713 770 1815 810 cujus

345 823 535 865 praestandi
563 833 631 855 non
654 824 870 865 opportunior
894 834 957 855 nec
982 823 1125 866 optatior
1151 823 1236 854 ullus
1257 822 1338 855 mihi
1364 825 1549 866 contingere
1566 829 1678 866 posset
1699 825 1810 866 100115,

341 889 446 921 quam
465 889 530 922 quo
554 878 619 911 hac
641 880 731 911 tanta
754 879 861 913 vestra
882 879 1002 922 talique
1024 878 1225 911 Auditorum
1247 879 1386 920 corona,
1414 879 1589 912 defendam
1615 885 1715 923 atque
1735 881 1811 913 vin-

342 934 468 968 dicem:
505 935 662 979 quidquid
692 935 732 967 de
763 935 885 967 31155ίᾶ
917 934 982 977 sit,
1012 934 1180 968 doctrinas
1208 933 1357 978 politicas
1390 935 1426 967 111
1455 935 1644 968 Academiis
1677 935 1814 979 Belgicis

346 991 483 1024 omnino
500 1001 571 1023 esse
593 991 770 1024 docendas.
1476 1000 1477 1003 ’

388 1047 464 1079 Hoc
485 1045 583 1089 igitur
603 1051 836 1089 argumentum
856 1045 899 1078 ad
924 1056 985 1078 nos
1009 1056 1143 1087 omnes,
1176 1047 1261 1079 cives
1287 1046 1422 1090 Belgas,
1446 1056 1646 1090 magnopere
1659 1047 1814 1093 :pertine-⁴

350 1113 387 1135 re
401 1127 411 1144 ‚
435 1107 552 1145 sponte
574 1103 763 1145 intelligitis,
787 1101 978 1135 Auditores!
1002 1120 1044 1125 —
1073 1104 1118 1134 Et
1136 1102 1177 1135 de
1204 1103 1326 1136 Russia
1349 1104 1503 1146 quidem,
1525 1109 1558 1136 et
1580 1115 1649 1137 non
1668 1105 1813 1138 locorum

345 1160 450 1201 spatio
473 1159 617 1203 coelique
640 1160 744 1202 magis
763 1158 854 1202 plagii
870 1169 972 1202 quam
993 1158 1066 1191 aliis
1086 1158 1186 1192 rebus
1204 1159 1360 1193 omnibus
1377 1158 1507 1193 diversa
1527 1165 1558 1192 et
1585 1159 1653 1193 fere
1676 1164 1812 1192 contra-

344 1215 393 1246 ria
413 1216 497 1248 vasti
519 1215 603 1247 illius
630 1213 759 1258 imperii
786 1214 999 1258 absoluteque
1024 1214 1169 1258 regnati,
1200 1215 1434 1260 populariSque
1456 1217 1561 1250 nostri
1581 1217 1673 1260 regni
1693 1216 1813 1260 Belgiei

344 1268 549 1310 conditione,
581 1281 665 1314 quae
692 1269 793 1303 faciat
823 1277 860 1303 ut
891 1276 922 1303 et
945 1270 993 1303 ibi
1023 1271 1161 1304 fortasse
1188 1274 1320 1314 minus,
1349 1283 1412 1305 nec
1441 1273 1553 1305 minus
1579 1278 1693 1306 tamen
1722 1271 1812 1315 apud

343 1334 406 1358 1105
428 1323 495 1357 sint
526 1324 692 1357 docendae
727 1326 894 1359 doctrinae
915 1327 1086 1370 politicae,
1111 1329 1308 1372 parciusque
1333 1328 1429 1361 nobis
1456 1330 1497 1362 sit
1519 1327 1810 1372 reprehendendus

346 1383 532 1414 Russorum
569 1383 753 1424 Imperator
781 1381 816 1416 in
851 1385 920 1416 suis
950 1384 1104 1416 institutis
1122 1408 1131 1425 ,
1162 1394 1269 1426 neque
1303 1384 1460 1417 continuo
1497 1383 1680 1416 credendus
1699 1407 1708 1425 ,
1741 1384 1809 1417 Vim

342 1446 472 1480 quoque
507 1435 616 1468 facere
644 1437 725 1470 velle
746 1438 867 1470 nostris
890 1456 932 1463 —
954 1438 1043 1472 hanc
1071 1440 1167 1483 igitur
1198 1441 1367 1472 Orationis
1397 1449 1492 1472 meae
1521 1444 1650 1483 partem
1663 1464 1672 1481 ,
1703 1450 1811 1483 angu-

343 1494 401 1525 stis
423 1492 520 1535 spatii
544 1492 666 1525 finibus
690 1483 981 1537 0110111115011Ρ1115,
1014 1495 1161 1538 proferre
1193 1505 1262 1528 non
1288 1500 1413 1538 potero.
1458 1494 1520 1527 Sed
1551 1505 1613 1528 nos
1643 1494 1732 1538 quod
1762 1499 1811 1527 at-

347 1549 429 1581 tinet
441 1571 451 1588 ,
473 1551 583 1581 nostra
603 1549 793 1592 patriaeque
809 1551 988 1592 plurimum
1010 1553 1168 1584 interesse
1188 1556 1224 1583 ut
1244 1561 1344 1593 porro
1362 1551 1544 1585 doceantur
1560 1556 1594 1584 et
1610 1553 1714 1594 magis
1735 1559 1813 1583 ma-v

344 1605 456 1647 gisque
477 1604 566 1646 apud
597 1614 658 1636 nos
689 1604 927 1638 confirmentur
952 1611 983 1638 et
1006 1606 1209 1639 illustrentur
1238 1607 1408 1640 doctrinae
1431 1617 1515 1651 quae
1542 1608 1586 1640 ad
1609 1618 1681 1640 rem
1706 1606 1810 1649 publi-

347 1669 424 1691 cam
456 1658 541 1691 bene
571 1659 849 1702 cognoscendam,
880 1661 1146 1694 constituendam
1170 1667 1204 1695 et
1231 1661 1531 1695 administrandam
1564 1662 1712 1704 faciunt,
1746 1661 1810 1696 hoc

347 1715 444 1758 igitur
464 1713 553 1758 apud
581 1716 651 1748 Vos
676 1725 744 1748 non
766 1726 860 1760 aegre
880 1716 962 1750 mihi
988 1717 1101 1751 videor
1122 1728 1194 1751 esse
1214 1718 1425 1762 probaturus-

368 1773 543 1813 &Eteninh
567 1773 623 1815 qui
641 1782 757 1805 sumus
780 1774 924 1817 Belgae?
947 1790 990 1798 —-
1012 1774 1159 1817 Populus
1178 1773 1279 1816 liber,
1302 1775 1359 1818 qui
1376 1776 1558 1809 Arausiaeo
1579 1774 1743 1817 Principi‚
1766 1771 1810 1806 ob

346 1827 514 1860 adsertam
539 1828 708 1871 quondam
732 1839 792 1872 per
817 1841 1023 1863 scammum
1048 1832 1164 1873 illum,
1187 1832 1285 1874 hujus
1315 1838 1486 1866 auctorem
1510 1830 1729 1873 Academiae,
1752 1841 1811 1875 pa—

350 1884 430 1915 triae
446 1883 628 1917 libertatem
641 1909 651 1926 ,
677 1891 708 1918 et
725 1887 917 1919 innumeras
930 1888 1130 1921 Nassavicae
1147 1888 1266 1921 domus
1283 1889 1430 1932 Belgicae
1447 1889 1586 1923 virtutes
1598 1913 1608 1930 ‚
1633 1886 1753 1932 quibus
1776 1888 1810 1920 in

348 1937 464 1969 eadem
494 1941 609 1972 salutis
633 1940 781 1985 Belgicae
804 1942 985 1985 palladium
1006 1953 1080 1976 esse
1103 1944 1275 1986 videatur,
1306 1945 1484 1988 imperium
1497 1969 1506 1986 ,
1539 1946 1623 1977 001·ῐέ
1646 1945 1711 1987 lege
1732 1944 1810 1975 scri-

349 1996 400 2036 pta
427 2000 458 2026 et
483 1994 524 2026 ab
550 1997 637 2039 Rege
658 1997 871 2040 comprobata
890 2000 1058 2042 jurataque
1077 1999 1276 2041 detulimus;
1299 2011 1341 2033 ex
1366 2002 1447 2044 qua,
1472 2011 1550 2033 cum
1575 1999 1610 2031 in
1633 1997 1812 2031 sciscendis

347 2049 471 2093 ⁴legibus
486 2075 495 2092 ,
519 2056 590 2083 tum
609 2053 643 2085 in
668 2052 798 2086 tributis
819 2054 1049 2097 imponendis,
1072 2066 1142 2088 non
1174 2066 1267 2089 mero
1290 2055 1388 2099 Regis
1408 2055 1559 2097 arbitriO,
1582 2055 1639 2088 sed
1666 2064 1813 2087 commu·

347 2108 385 2140 ni
409 2109 572 2143 voluntate
595 2110 828 2154 Delegatorum
856 2111 970 2155 populi
990 2112 1210 2155 procedatur,
1244 2117 1276 2146 et
1295 2113 1330 2146 in
1357 2111 1489 2146 cunetis.
1506 2111 1605 2155 paulo
1631 2108 1812 2152 majoribus

1737 2169 1810 2198 tam
