1919 2511
359 112 586 146 RESPON'SIO
617 122 660 144 An
693 109 1008 165 ‘QUAESTIONEM
1039 112 1366 148 THEOLOGICAM.
1575 125 1611 153 41

102 205 167 229 mus
193 197 309 227 candide
333 205 365 226 ac
391 205 457 227 vere
474 197 615 232 tradatur,
637 203 736 232 magna
756 194 829 224 inter
845 200 1000 231 utrumque
1017 198 1216 227 convenientia
1239 199 1365 228 adfuisse
1382 199 1509 228 videatur
1532 198 1547 235 (
1557 199 1608 228 ιδ.

103 250 183 280 Haec
202 256 275 279 vveto
303 256 403 278 caussa
427 245 520 276 fuisse
545 247 683 282 videtur,
712 254 764 275 cur
787 243 867 273 Felix
894 251 922 273 e‘t
947 245 1127 283 Helipandus
1148 248 1247 283 Jesum
1266 269 1276 285 ,
1307 258 1340 277 ex
1371 249 1463 278 Maria
1488 256 1606 285 natum,

102 300 268 338 hominem,
291 300 456 337 adoptivum
481 297 538 328 Dei
559 298 664 328 Filium
692 296 830 326 dicerent.
871 294 946 325 Cum
970 297 1076 333 reliqui
1102 301 1257 334 mortales,
1285 300 1413 336 adoptivi
1442 300 1498 328 Dei
1529 299 1611 329 libtri

103 353 255 388 dicantur,
275 352 373 390 Jesum
395 350 509 379 fratrem
532 358 628 378 eorum
643 369 654 385 ,
683 347 761 384 quod
787 347 821 376 ad
846 347 995 376 humanam
1017 356 1094 377 suam
1121 349 1260 386 originem
1279 359 1311 378 ac
1337 357 1464 379 naturam
1481 350 1584 379 *attinet
1599 371 1611 385 ‚

101 406 184 436 etiam
205 404 372 440 adoptivum
400 403 454 433 Dei
481 403 571 431 filium
600 400 759 430 vocandum
791 400 932 436 putabant
963 398 1040 434 (2).
1080 400 1175 429 Facile
1203 409 1236 428 ex
1263 400 1309 429 his
1334 401 1487 436 sequitur,
1519 401 1613 430 omnis

101 457 162 486 litis
187 455 325 492 originem
349 454 381 484 in
401 463 475 483 voce
499 454 645 492 adoptione
663 450 744 481 sitam
769 451 883 488 fuisse,
906 460 977 489 quae
997 453 1166 481 catholicam
1192 455 1340 482 ecclesiam
1361 453 1541 488 offenderet,
1558 454 1613 482 Fe-

101 507 153 538 lici
176 514 247 537 vero
275 513 386 535 summo
410 504 473 542 jure
500 510 635 542 usurpata
650 503 811 533 videretur.
852 504 966 542 Quodsi
983 504 1092 541 igitur,
1113 505 1148 533 ab
1172 507 1296 541 utraque
1316 513 1395 542 parte
1414 506 1526 535 initium
1552 515 1614 536 cer·

101 559 217 590 taminis
240 558 305 588 inde
329 557 438 586 factum
461 556 585 592 fuisset,
603 555 702 591 unde,
725 554 867 584 Cicerone
890 561 1028 590 auctore,
1058 554 1219 584 faciendum
1246 563 1310 592 est,
1339 564 1371 585 ut
1392 565 1512 593 caussa,
1538 566 1614 593 ¹quae

102 611 163 646 sit,
181 610 256 639 bene
277 608 452 644 definiatur,
471 607 574 636 deinde
598 613 691 635 autem
715 614 775 635 non
800 612 909 635 tantum
931 606 1064 635 Latinam
1088 606 1167 635 Sacri
1199 607 1318 636 Codicis
1345 608 1507 637 versionem
1524 629 1535 644 ,
1562 610 1614 637 sed

100 661 196 698 ipsum
221 659 395 689 Hebraicum
423 665 451 686 et
472 658 616 687 Graecum
637 658 798 693 exemplum
819 656 1037 694 adhibuissent,
1058 660 1162 694 procul
1181 659 1269 687 dubio
1288 661 1379 688 multo
1405 658 1519 688 facilius
1543 668 1617 689 con-

100 719 218 743 ventum
236 711 341 740 fuisset
358 719 389 740 ac
413 716 619 746 perspectum,
640 709 674 737 de
692 707 789 738 verbis
814 709 920 744 modo,
947 718 1007 739 non
1032 718 1102 738 vero
1125 710 1160 738 de
1188 710 1274 738 rebus
1299 710 1344 746 agi
1361 710 1444 749 (3).
1486 710 1616 746 Apparet

100 763 198 800 itaque
216 784 226 798 ,
255 771 350 798 neque
371 760 518 791 veritatem
536 780 546 796 ‚
571 767 669 796 neque
684 759 877 789 Christianam
900 760 1072 796 ecclesiam,
1100 759 1174 789 lucri
1198 761 1267 795 quid
1296 768 1345 789 aut
1371 761 1556 790 emolumenti
1578 770 1614 790 ex

101 813 270 851 Adoptiana
297 811 494 842 controversia
513 811 570 840 sibi
595 811 818 848 comparavisse.
862 812 923 849 Jam
948 817 1019 839 vero
1052 810 1077 839 si
1105 810 1250 846 quaeritur
1266 832 1277 847 ‚
1309 819 1376 840 num
1403 810 1479 840 forte
1505 811 1615 841 caritati

102 864 305 901 Christianae,
330 863 453 900 pacique
470 862 599 892 omnium
625 862 760 891 ecclesiae
777 861 962 890 occidentalis
988 860 1135 890 sociorum
1160 860 1313 897 nocuerit,
1343 868 1403 890 non
1419 861 1521 891 dubito
1543 862 1614 899 quin

99 915 205 946 lubens
225 916 282 945 hoc
299 924 415 952 negem.
453 914 526 944 Non
549 913 633 942 facile
657 913 740 942 Felix
755 912 891 948 opinioni
916 920 983 941 suae
1009 911 1166 946 valedixit,
1187 911 1303 948 saepius
1328 920 1410 947 eam,
1432 913 1565 949 rejectam
1585 919 1615 942 et

100 967 277 1005 abjuratam,
295 964 422 1003 repetiit.
464 965 521 995 Sed
547 971 640 993 tamen
662 962 727 993 Leo
745 962 803 993 fuit
825 964 956 1001 primus,
979 963 1030 999 qui
1052 971 1173 999 poenam
1191 963 1376 992 anathematis
1396 963 1422 991 ei
1444 964 1611 995 minaretur.

99 1017 146 1047 De
174 1017 312 1047 violentis
335 1016 466 1046 remediis
486 1016 522 1044 ad
548 1024 613 1044 eum
634 1014 822 1044 coercendum
843 1013 947 1049 reliqui
962 1013 1074 1052 judices
1095 1023 1132 1043 ne
1156 1014 1300 1050 cogi-tasse
1326 1013 1439 1050 quidem
1464 1014 1610 1046 videntur.

101 1068 197 1107 Cujus
222 1066 447 1099 mansuetudinis
466 1073 553 1102 atque
571 1065 756 1095 humanitatis
776 1065 915 1095 honorem
932 1065 1100 1102 imperatori
1119 1065 1273 1101 praecipue
1289 1065 1415 1094 debitum
1436 1072 1500 1094 esse
1517 1066 1614 1102 suspi-

101 1128 164 1151 cor.
202 1119 338 1156 Namque
363 1118 438 1148 idem
460 1119 517 1148 hoc
542 1116 688 1156 ingenium
715 1118 826 1155 spirant
849 1119 910 1156 ejus
940 1116 977 1146 ad
997 1116 1154 1154 Hispaniae
1176 1116 1333 1153 episcopos
1355 1117 1485 1152 litterae,
1507 1117 1614 1153 quibus

100 1171 174 1200 hanc
190 1167 276 1199 fidem
297 1179 377 1200 suam
392 1179 456 1200 esse
471 1170 578 1199 fatetur
590 1190 601 1206 ,
621 1176 709 1206 ‘quam
723 1169 808 1198 fidem
826 1175 945 1206 'quoque
962 1174 1106 1205 acceptam
1116 1175 1181 1197 esse
1201 1176 1232 1197 se
1245 1175 1359 1204 sperare
1370 1168 1428 1198 ait:
1450 1177 1535 1198 unam
1552 1177 1614 1197 esse

100 1222 208 1258 fidem,
229 1229 318 1252 unum
340 1217 541 1259 baptismum,
562 1226 651 1249 unum
677 1218 771 1249 Deum
791 1226 946 1255 nostrum,
969 1220 1069 1257 Jesum
1096 1218 1266 1255 Christum,
1295 1219 1389 1247 Deum
1415 1227 1537 1256 verum,
1567 1228 1616 1249 ve·

99 1264 169 1302 'rum
189 1280 218 1301 et
241 1273 409 1309 hominem,
429 1277 527 1302 vetum
548 1268 641 1301 Deum
661 1275 688 1301 et
709 1268 810 1302 vetum
829 1270 882 1303 Dei
904 1272 1017 1302 filium,
1037 1271 1070 1301 in
1090 1271 1212 1307 utraque
1236 1272 1338 1300 natura
1363 1279 1450 1300 unum
1472 1272 1615 1300 eumdem-

100 1333 158 1362 que
180 1325 362 1354 mediatorem
385 1324 440 1354 Dei
456 1329 485 1352 et
501 1323 650 1352 hominum
663 1344 673 1359 ,
693 1323 837 1353 hominem
849 1345 860 1360 ,
879 1323 979 1361 Jesum
998 1322 1161 1352 Christum.
1203 1322 1286 1352 Hanc
1311 1321 1395 1351 fidem
1414 1322 1547 1350 omnibus
1565 1322 1615 1351 fir.

99 1367 185 1406 miter
207 1385 272 1406 esse
288 1376 457 1410 tenendam,
478 1383 509 1404 se
529 1374 703 1411 episcopos,
725 1375 889 1404 carissimos
911 1374 1014 1404 fratres
1036 1382 1131 1409 suos,
1159 1373 1288 1409 hortari,
1310 1379 1342 1401 ut
1366 1378 1455 1401 semet
1472 1372 1528 1409 ipsi
1548 1381 1615 1402 cor-

100 1429 221 1467 rigant,
239 1436 268 1458 et
290 1429 325 1457 ad
349 1428 485 1457 unitatem
503 1434 618 1457 sanctae
640 1427 695 1456 Dei
720 1427 856 1457 ecclesiae
881 1433 912 1454 se
932 1430 1101 1454 convertere
1118 1423 1278 1460 festinent,
1299 1423 1325 1452 si
1349 1423 1417 1459 quid
1436 1431 1517 1452 antea
1532 1424 1614 1453 aliter

100 1479 132 1508 in
149 1479 271 1515 quodam
295 1479 385 1508 verbo
413 1478 567 1509 senserint.
606 1478 767 1507 Nominum
789 1486 953 1514 vocumque
976 1476 1183 1506 contentiones
1204 1485 1236 1505 ac
1262 1476 1405 1505 novitates
1426 1483 1489 1505 esse
1505 1476 1613 1506 evitan-

98 1529 164 1561 das.
203 1527 380 1565 Apostolum
401 1529 475 1558 enim
494 1529 616 1564 testari,
638 1538 699 1559 non
724 1538 786 1558 esse
804 1529 978 1558 haereticum
1003 1527 1059 1557 nisi
1084 1535 1119 1556 ex
1141 1527 1341 1557 contentione.
1384 1526 1469 1563 Ipsos
1495 1534 1607 1560 autem,

101 1579 152 1616 qui
173 1588 294 1609 numero
320 1579 407 1616 pauci
432 1579 491 1608 sint
509 1600 520 1616 ,
554 1589 614 1610 non
636 1588 736 1617 putare
763 1579 892 1614 debere,
921 1587 952 1607 se
988 1577 1142 1614 quicquam
1170 1578 1268 1607 verius
1301 1577 1430 1607 invenire
1455 1574 1608 1614 potuisse,

101 1637 186 1666 quam
211 1629 290 1664 quod
308 1636 404 1658 sancta
423 1629 615 1666 universalis,
636 1639 687 1667 per
709 1637 802 1660 toturn
821 1630 926 1659 orbem
943 1629 1069 1664 diffusa,
1093 1630 1214 1658 ecclesia
1234 1635 1345 1663 teneat3
1368 1628 1422 1655 sub
1445 1628 1531 1666 hujus
1553 1630 1610 1658 ala-

97 1688 164 1709 tum
189 1678 314 1716 tegm'me
340 1679 544 1714 quiescendum
570 1688 661 1717 esse,
694 1690 731 1711 ne
759 1682 840 1718 ipsos
867 1681 949 1710 avida
975 1680 1083 1709 diaboli
1112 1680 1277 1715 rapacitas,
1305 1679 1330 1707 si
1360 1678 1441 1708 foris
1461 1681 1608 1718 inveniat,

97 1730 223 1761 nefando
254 1736 370 1767 gutture
394 1731 524 1761 devoret.
564 1731 755 1761 Redeundum
780 1732 878 1768 itaque
911 1731 947 1759 ad
975 1729 1053 1766 pium
1080 1729 1178 1758 matris
1203 1729 1365 1767 gremium,
1393 1739 1424 1759 se
1453 1731 1610 1769 adjutorem

100 1790 200 1812 eorum
222 1789 303 1814 esse,
332 1778 433 1810 salutis
458 1781 615 1811 catholicae
638 1782 775 1819 pacisque
801 1782 1012 1812 auxiliatorem.
1054 1781 1189 1817 Denique
1217 1789 1397 1811 communem
1422 1788 1450 1811 et
1474 1791 1553 1813 suam
1580 1790 1609 1813 et

98 1841 199 1864 eorum
223 1832 388 1863 societatem
409 1842 473 1863 esse
495 1833 598 1863 debere
623 1834 654 1863 in
676 1833 803 1864 Domino
825 1833 897 1871 Jesu
919 1832 1054 1863 Christo.

1565 1886 1612 1916 De

135 1967 171 2000 (ι
184 1965 199 1999 )
218 1965 404 1998 Ketzergescb.
421 1973 442 1994 t.
453 1965 500 1995 IX.
516 1971 544 2001 p.
559 1966 618 2000 667.
633 1974 711 2000 quern
725 1968 841 2002 sequitur
854 1962 1034 1993 Schrockhius
1055 1965 1074 1992 1.
1088 1964 1107 1992 1.
1124 1971 1152 1998 p.
1169 1972 1218 1999 495
1230 1983 1239 1997 ‚
1260 1964 1322 1998 496.

135 2013 200 2048 (α)
222 2012 283 2041 vid.
297 2011 441 2040 schrockh.
459 2019 479 2040 t.
495 2013 513 2041 l.
529 2021 556 2047 p.
567 2019 636 2048 470,
651 2017 713 2048 471.
808 2010 855 2048 (a
866 2015 882 2046 )
904 2013 957 2045 Ep.
974 2013 1002 2040 6.
1017 2016 1059 2046 ap.
1074 2012 1161 2045 Bouq.
1184 2021 1212 2046 p.
1227 2012 1288 2039 622.

112 2063 116 2066 '
912 2058 936 2088 1³
