1919 2511
393 161 620 194 RESPONSIO
647 170 691 193 AD
719 160 1031 200 QUAESTIONEM
1058 162 1276 195 MEDICAM.
1547 167 1582 204 63

79 253 157 275 mero
179 254 248 275 sano
266 251 488 276 connectuntur.
529 245 611 274 Illius
633 253 688 282 ope
704 243 959 274 contra-extensio
981 243 1106 274 efficitur
1124 244 1242 282 (211).
1282 245 1429 275 Praeterea
1445 247 1522 277 aliud
1537 257 1584 277 re·

76 296 198 332 quiritur
221 297 354 332 mantile,
383 297 461 332 quod
490 296 666 332 superiorem
693 296 825 331 scapulae
852 301 959 331 partem
985 295 1107 331 retinet,
1135 302 1163 324 et
1187 297 1222 324 ad
1245 297 1320 325 latus
1345 298 1513 333 oppositum
1535 299 1582 327 de·

74 347 203 381 scendit,
227 347 306 382 quod
328 355 392 375 cum
416 349 526 382 altero,
549 346 713 375 inferiorem
741 348 874 382 scapulae
898 354 1005 382 partem
1032 346 1155 383 figente,
1177 346 1326 376 sufficiens
1351 349 1467 384 praebet
1492 349 1582 385 impe-

70 397 246 432 dimentum,
270 397 425 433 quominus
442 397 514 426 illud
538 398 625 425 latum
651 405 685 425 os
711 397 904 426 extensionem
932 397 1043 426 humeri
1067 397 1172 427 illatam
1194 404 1348 434 sequaturg,
1367 405 1492 428 ceterum
1519 399 1579 428 chi-

70 455 173 484 rurgus
196 447 349 482 observet,
378 457 450 484 quae
480 449 514 476 de
541 447 698 477 directione
723 447 834 476 humeri
859 454 889 477 et
912 448 1093 484 coaptatione
1121 457 1210 485 supra
1237 449 1401 479 monuimus
1423 450 1578 479 secundum

67 498 176 534 Boyer.

107 548 169 585 Hey
187 549 296 586 judicat
317 558 380 578 raro
405 551 507 587 magna
525 558 599 586 opus
628 557 691 577 esse
714 548 890 578 extensionis
911 549 964 585 vi,
986 551 1011 579 si
1026 559 1113 588 caput
1136 551 1213 581 ossis
1229 551 1339 580 humeri
1358 550 1387 580 in
1408 551 1494 580 axilla
1512 551 1580 580 sub-

72 599 154 629 sistat
174 602 299 637 (212),
319 600 404 629 sicuti
426 609 478 637 per
500 609 604 636 casus,
626 608 700 636 quos
726 600 789 635 ipse
811 599 994 636 observavit,
1016 603 1133 637 probat.
1174 604 1254 632 Illam
1279 601 1465 639 repositionis
1489 602 1581 631 facili-

70 655 155 679 tatem
178 645 311 681 attribnit
335 652 447 680 Auctor
471 651 568 688 potius
589 651 699 679 cuidam
727 652 923 679 musculorum
949 651 1067 682 inertiae
1097 654 1224 691 (213),
1253 653 1283 682 in
1314 654 1374 689 qua
1406 660 1578 689 versantur,

71 708 130 731 non
152 703 253 738 magna
278 703 391 731 admota
411 702 451 732 vi.
494 702 557 731 Ubi
582 702 656 731 ossis
679 701 790 730 humeri
807 708 894 738 caput
918 704 971 732 sub
999 712 1039 732 m.
1062 705 1200 740 pectorali
1222 704 1388 740 delitescit,
1409 705 1576 733 methodum

73 752 180 781 Whitii
197 753 311 789 laudat3
332 753 357 781 si
381 761 449 782 vero
471 753 556 782 altius
578 753 668 782 costis
690 752 824 788 insistat,
847 761 931 789 saepe
946 754 1125 790 pressionem
1143 755 1172 784 in
1192 761 1279 791 caput
1302 756 1428 784 luxatum
1451 756 1580 793 profuis-

68 811 100 831 se
118 810 200 833 notat
220 804 333 833 Auctor
352 804 478 840 (214),
501 803 594 832 minus
613 812 683 832 vero
702 802 856 833 violentam
878 804 1084 835 extensionem.

107 853 228 883 Ceteras
261 861 355 884 autem
385 854 542 890 reponendi
568 854 740 889 methodos,
769 863 838 889 quas
864 861 1002 884 memorat
1029 855 1096 892 Hey
1123 856 1266 892 (215),
1295 855 1401 892 mitto,
1428 856 1505 886 unde
1534 857 1576 886 ni-

68 904 170 934 mirum
196 904 308 942 liquet,
335 905 416 934 illum
438 913 497 934 non
525 911 630 934 certam
655 905 820 934 methodum
849 905 879 933 in
901 905 976 934 ossis
1004 906 1115 935 humeri
1137 907 1322 936 restitutione
1349 914 1483 937 secutum
1508 907 1580 936 fuis-

66 964 97 984 se
118 957 203 994 <216
213 959 242 995 ).

463 1037 493 1073 §-
517 1035 564 1066 16.
607 1038 640 1069 C.
660 1038 725 1067 Bell
743 1036 882 1074 (1815).
923 1037 1030 1066 Sauter
1050 1038 1186 1074 (1816).

94 1120 240 1157 'Corpore
264 1119 335 1149 bene
361 1118 494 1155 firmato,
514 1120 631 1155 scapula
653 1125 680 1148 et
702 1119 862 1155 clavicula,
884 1119 971 1149 sicuti
998 1119 1111 1157 saepius
1134 1122 1322 1157 notavimus,
1343 1121 1429 1157 fixis,
1451 1122 1575 1152 mantilis

67 1180 143 1208 ope,
171 1171 320 1200 humerum
349 1179 438 1207 supra
470 1170 611 1206 condylos
638 1169 809 1206 ambientis,
839 1170 872 1199 fit
898 1170 1026 1199 extensio
1057 1173 1214 1201 secundum
1240 1173 1304 1202 Bell
1323 1171 1438 1209 (217).
1478 1173 1576 1211 Quum

64 1222 176 1251 humeri
205 1220 295 1250 luxati
319 1220 405 1250 situm
432 1222 532 1250 dextra
558 1229 642 1250 manu
672 1227 764 1249 mutet
790 1220 960 1257 chirurgus,
989 1221 1106 1251 sinistra
1132 1231 1246 1252 summo
1270 1224 1391 1252 humero
1418 1224 1576 1261 imposita,

65 1281 125 1302 earn
148 1272 252 1301 habere
272 1271 357 1300 debet
377 1272 513 1300 humerus
530 1271 714 1301 directionem
726 1291 737 1307 ,
760 1280 842 1307 quam
861 1271 983 1301 habebat
1001 1273 1336 1303 luxationis‘momentm
1376 1273 1465 1302 Addit
1483 1281 1576 1304 autem

63 1324 177 1353 Auctor
199 1323 229 1351 in
252 1321 364 1350 humeri
387 1322 570 1351 restitutione
594 1323 732 1358 prodesse
753 1330 842 1358 posse
861 1321 953 1351 cubiti
974 1323 1145 1361 flexionem,
1169 1331 1197 1353 et
1218 1325 1364 1361 quamdam
1385 1325 1496 1362 humeri
1516 1332 1577 1355 tor-

64 1374 195 1409 sionem,
225 1374 282 1409 qua
312 1374 438 1402 luxatum
464 1380 550 1411 caput
575 1383 590 1402 a
616 1373 723 1402 recenti
747 1372 918 1408 adhaesione
943 1375 1068 1404 solvitur
1094 1376 1213 1414 (218).
1263 1375 1324 1404 Ubi
1345 1384 1435 1411 vero,
1455 1376 1579 1406 humero

65 1424 244 1454 sufficienter
271 1430 412 1457 extenso,
436 1430 469 1452 ut
493 1424 522 1453 in
543 1424 688 1453 cavitatem
712 1424 821 1453 resilire
845 1431 969 1461 posset,
990 1426 1117 1455 nondum
1142 1426 1273 1462 sequitur
1295 1421 1454 1463 repositio,
1476 1428 1574 1457 hume-

62 1485 112 1504 rus
139 1476 253 1512 attolli,
273 1477 340 1510 vel,
363 1474 442 1510 quod
462 1474 536 1503 idem
560 1482 702 1512 praestat,
724 1476 856 1511 scapulae
876 1476 1011 1504 deorsum
1033 1469 1124 1512 premi
1149 1477 1252 1511 debet,
1274 1483 1301 1506 et
1326 1478 1459 1514 superior
1481 1479 1575 1508 trunci

61 1534 127 1564 pars
150 1535 250 1563 parum
275 1527 426 1556 lateraliter
449 1526 585 1554 inclinare
612 1527 708 1556 debet.
748 1526 889 1564 Quamvis
912 1527 974 1556 Bell
1001 1536 1060 1556 non
1088 1533 1196 1563 neget,
1217 1527 1328 1556 humeri
1355 1529 1450 1565 capite
1480 1539 1572 1567 prope

62 1579 195 1615 scapulae
214 1578 363 1608 cavitatem
391 1578 467 1614 sito,
491 1579 603 1615 saepius
622 1579 730 1608 bonum
748 1585 880 1608 eventum
900 1584 1030 1606 secutum
1050 1577 1139 1607 fuisse
1164 1578 1285 1607 subitam
1305 1579 1395 1608 cubiti
1414 1581 1575 1617 depressio-

1489 1642 1573 1671 nem,

93 1710 192 1745 (211)
224 1711 243 1738 l.
267 1718 292 1737 c.
322 1719 349 1744 p.
373 1719 433 1739 201.

95 1756 194 1790 (212)
223 1757 282 1789 lley
310 1759 400 1786 Pract.
425 1759 523 1787 Oserv.
548 1761 572 1784 in
591 1760 712 1792 Surgery.
737 1768 763 1792 p.
784 1760 842 1790 296.
876 1758 961 1786 Lond.
981 1759 1054 1789 1814.

96 1803 197 1839 (213)
222 1806 296 1832 Dicit
318 1807 385 1833 enim
404 1808 523 1834 Auctor:
560 1826 577 1840 „
595 1809 618 1834 lt
637 1809 762 1841 appeared
783 1815 810 1834 to
828 1814 882 1838 me,
902 1812 972 1837 upon
994 1803 1148 1834 reflecdon,
1163 1804 1217 1830 that
1238 1805 1282 1830 the
1302 1807 1432 1838 muscles,
1449 1807 1522 1834 when
1543 1817 1574 1835 so

62 1852 99 1878 far
125 1851 254 1876 stretched
278 1859 302 1877 as
325 1859 353 1878 to
375 1854 407 1878 be
429 1853 556 1879 rendered
580 1855 692 1886 perinthi,
717 1855 798 1886 begin
820 1861 847 1878 [ο
870 1858 939 1877 rcact
962 1849 1009 1875 and
1031 1856 1058 1874 to
1078 1851 1151 1875 resiSt
1177 1850 1218 1875 the
1239 1850 1328 1875 efforts
1348 1852 1420 1877 made
1441 1854 1484 1878 for
1502 1854 1574 1880 their

62 1898 145 1927 futhei·
171 1897 337 1928 elongation”
367 1905 418 1925 cet.
459 1900 574 1925 Eandem
599 1900 635 1925 ob
657 1907 756 1924 causam
783 1899 839 1923 Bell
861 1899 932 1922 etiam
957 1895 1068 1922 suadere
1090 1895 1194 1920 videtur
1217 1897 1241 1921 in
1262 1897 1422 1928 repositione
1443 1899 1521 1930 magis
1541 1900 1570 1925 ad

14 1949 17 1953 ·
64 1944 228 1971 directionem
248 1944 364 1975 humeri,
384 1952 457 1976 quarn
478 1945 508 1970 ad
531 1946 650 1978 majorem
672 1947 828 1971 minoremve
851 1943 1005 1970 extensionis
1024 1943 1076 1967 virn
1096 1942 1275 1969 attendendum
1297 1951 1362 1971 esse.
1389 1945 1439 1972 vid.
1463 1948 1495 1973 C.
1513 1947 1570 1974 Bell

63 1991 129 2022 Syst.
147 1990 172 2016 d.
191 1997 289 2022 operat.
306 1990 423 2021 Chirurg.
452 1992 543 2018 libers.
563 1999 589 2018 v.
611 1992 744 2023 Kosmely.
772 1997 791 2017 t.
811 1998 835 2015 2.
859 1997 883 2021 p.
905 1997 955 2015 2³0
990 1989 1057 2014 Berl.
1079 1989 1148 2020 1815.

96 2034 194 2070 (2¹4)
222 2037 240 2061 1.
259 2042 284 2062 c.
311 2044 337 2068 p.
352 2042 399 2068 313
418 2043 473 2069 seq.
803 2033 902 2067 (215)
931 2035 949 2060 1.
965 2041 990 2060 c.
1017 2042 1045 2066 p.
1060 2040 1104 2065 301
1127 2041 1193 2066 seq..

95 2080 192 2116 (216)
215 2083 254 2109 C.
273 2083 341 2109 Bellt
365 2084 382 2109 l.
401 2090 427 2110 c.
452 2092 480 2116 p.
498 2090 555 2116 213.
792 2081 901 2115 ¹(217)
932 2081 950 2107 l.
967 2087 992 2107 c.
1018 2087 1045 2112 p.
1067 2085 1125 2112 204.

95 2127 191 2163 (218)
217 2130 234 2156 l.
255 2135 281 2156 c.
