1919 2511
10 1971 13 2002 'l

341 115 575 150 'RESPONSIO
597 124 641 146 An
661 111 974 155 QUAESTIONEM
996 110 1334 144 THEOLOGICAM.
1560 120 1594 141 11

74 203 244 236 saxonibus
258 201 437 237 reddiderat,
457 200 566 236 ubique
581 197 768 228 discurrendo
780 216 791 232 ‚
809 204 844 225 -ac
863 196 999 225 caedibus
1019 202 1048 226 et
1066 195 1206 226 incendiis
1231 196 1328 226 omnia
1353 195 1523 232 miscendo,
1544 195 1597 225 Al·

72 240 195 286 -bionem
213 261 300 291 atque
317 252 516 282 Witekindum
530 271 539 286 ,
557 249 733 279 fortissimos
749 247 896 277 Saxonum
913 248 1022 284 duces,
1044 256 1078 277 eo
1095 247 1232 285 perduxit
1243 268 1254 284 ‚
1277 247 1351 277 datis
1374 247 1441 276 fidei
1460 255 1528 276 suae
1543 246 1595 275 ob·

77 306 191 337 sidibus
208 326 220 343 ,
250 311 284 334 ut
310 304 484 341 baptismum
506 301 667 338 reciperent
682 321 693 336 ,
716 307 788 328 cum
811 299 963 335 permultis
995 299 1057 328 suis
1086 298 1199 328 civibus
1215 319 1226 335 ‚
1255 304 1414 336 pacemque
1440 306 1598 333 compone-

72 364 145 388 trent
160 358 238 396 (ι).
286 356 383 393 Quam
409 361 502 384 tamen
524 359 626 390 postea
649 351 778 380 Saxones
805 350 963 380 violarunt.
1014 350 1118 380 Avaris
1138 351 1174 380 ad
1198 349 1388 379 defectionem
1411 348 1596 384 sollicitatis‚

74 410 138 448 ipsi
157 409 239 439 aedes
256 417 350 438 sacras
367 407 397 437 in
410 405 540 436 terminis
558 404 618 434 sui-s
634 403 746 442 positas
760 403 984 436 destruxerunt,
1004 402 1123 433 flammis
1138 402 1337 437 tradiderunt,
1358 400 1499 431 antistites
1511 421 1521 436 ‚
1538 406 1600 428 tum

75 460 253 498 superioris,
274 466 334 490 tum
347 457 492 488 inferioris
509 456 638 490 ordinis,
655 456 764 485 multos
777 461 930 484 necarunt.
958 453 1052 491 Igitur
1068 460 1170 491 postea
1191 462 1279 490 quum
1295 452 1325 482 in
1342 451 1424 482 fidem
1437 451 1577 481 redierant
1588 471 1598 486 ‚

71 512 203 545 Carolus
226 518 321 541 tamen
339 519 369 540 se
385 510 581 540 ulciscendum
600 507 717 544 putabat
736 506 816 544 (a).
858 506 994 542 Denique
1012 506 1180 539 saevissime
1197 504 1356 536 vindicavit
1382 504 1495 535 caedem
1520 505 1596 541 lega-

70 568 172 594 -torum
187 571 328 601 suorum,
347 562 381 592 ab
396 561 520 597 incolis,
541 560 592 597 qui
607 565 685 589 trans
702 558 792 589 Albin
808 559 929 589 fluvium
949 558 1136 596 habitabant,
1156 558 1272 589 factam.

389 611 425 640 In
444 611 596 640 desertores
615 611 681 638 irae
699 610 814 640 laxavit
833 609 956 639 habenas
967 631 979 647 ‚

387 663 502 693 ‘vastari
520 662 579 692 late
598 663 704 700 sparsis
723 660 876 699 legionibus
894 662 977 691 illum

374 715 556 754 praecipiens
575 721 699 743 terram.
739 712 766 741 T
763 722 810 745 um
830 721 928 742 saevus
949 712 1051 752 ubique
1057 712 1181 750 furebat

383 766 481 799 miles,
504 764 605 803 ubique
618 773 706 793 cruor
720 766 792 794 rivis
808 764 999 802 madefecerat
1018 774 1113 802 arva,

377 817 501 847 omnihus
520 823 607 855 atque
627 817 692 846 locis
710 818 874 846 increverat
893 815 1014 845 horrida
1026 816 1131 846 clades.

380 868 511 898 Vulnera
523 888 533 904 ,
557 877 650 904 mors,
671 869 780 904 luctus,
801 869 933 903 clamor,
949 867 1050 906 fuga,
1065 868 1208 905 flamma,
1229 867 1351 907 rapinae

371 921 474 949 omnia
492 919 686 958 complebant,
708 919 792 948 donec
810 921 975 958 compescuit

381 971 464 1000 Albis
480 970 650 1009 gurgitibus
655 970 814 1009 procedere
830 971 942 1009 longius
961 980 1048 1000 arma
1069 972 1085 1009 (
1098 970 1150 1008 3).

74 1023 140 1055 Tot
148 1023 297 1061 sanguinis
309 1023 397 1061 igitur
412 1023 493 1052 hisce
508 1016 592 1052 bellis
602 1022 701 1052 fusum
717 1030 772 1053 est.
803 1023 910 1059 Neque
919 1023 1060 1054 valuisset
1076 1029 1190 1059 tamen,
1211 1021 1316 1058 credo,
1337 1020 1372 1049 ad
1387 1002 1596 1058 attingendum,

73 1085 162 1113 quem
182 1076 306 1105 Carolus
324 1074 450 1112 Magnus
471 1074 610 1112 petebat,
631 1083 775 1111 scopum,
795 1074 854 1104 nisi
875 1081 1022 1111 praeterea
1045 1074 1201 1104 remedium
1216 1073 1316 1109 aliud,
1336 1073 1424 1109 idque
1441 1073 1602 1102 efficacissi-

67 1134 153 1157 ‘mum
162 1146 175 1164 ,
193 1127 460 1163 circumspexisset.
482 1125 645 1155 Saxonibus
656 1126 730 1155 enim
739 1145 751 1162 ,
766 1135 834 1155 cum
852 1126 1023 1155 mulieribus
1033 1135 1064 1155 ac
1081 1125 1180 1155 liberis
1196 1134 1210 1154 e
1220 1124 1314 1162 patria
1323 1124 1454 1153 abductis
1465 1144 1475 1159 ‚
1486 1124 1532 1153 hic
1543 1124 1602 1153 illic

77 1187 162 1216 agros
180 1179 210 1208 in
221 1178 378 1207 Germania
397 1184 425 1206 et
441 1176 538 1206 Gallia
555 1178 633 1206 dedit
646 1177 818 1207 habitandos
837 1176 921 1214 (4).
950 1176 1041 1215 Quod
1058 1176 1172 1213 quidem
1187 1175 1400 1213 sapientissime
1410 1175 1493 1206 fecit.
1524 1176 1600 1205 Nam

79 1232 212 1260 locorum
239 1237 385 1258 sacrorum
405 1229 542 1258 inviolata
563 1235 693 1259 vetustas
716 1231 791 1258 solet
816 1228 908 1264 ipsam
929 1227 1097 1264 religionem
1121 1226 1311 1264 hominibus,
1332 1227 1486 1264 praecipue
1509 1227 1534 1255 si
1555 1228 1605 1262 qui

75 1281 201 1310 rudioris
223 1280 332 1317 ingenii
348 1280 428 1316 sint,
449 1280 566 1309 reddere
582 1281 812 1311 venerabundam
831 1280 942 1317 magis,
963 1286 993 1309 et
1008 1286 1155 1317 sanctam,
1176 1286 1205 1310 et
1231 1279 1279 1317 pie
1305 1279 1466 1310 colendam.
1509 1278 1603 1316 Quam

77 1331 115 1361 ob
130 1340 189 1361 rem
200 1331 349 1369 religionis
368 1331 460 1361 avitae
476 1332 612 1361 memoria
637 1341 672 1361 ex
694 1332 798 1362 animis
813 1332 963 1364 hominum
978 1335 1071 1364 multo
1088 1332 1203 1364 facilius
1221 1333 1341 1364 diluitur
1362 1339 1448 1369 atque
1468 1332 1580 1361 deletur
1591 1347 1601 1362 3

76 1395 167 1422 quum
186 1384 203 1416 a
220 1388 355 1415 lucorum
380 1392 430 1415 aut
455 1387 631 1423 templorum
660 1395 779 1416 suorum
804 1388 945 1424 adspectu
968 1392 997 1414 et
1023 1391 1162 1414 contactu
1184 1391 1372 1414 removentur
1401 1390 1430 1412 et
1457 1383 1606 1412 abducun-

76 1445 136 1468 tur.
157 1452 194 1462 -
211 1437 303 1475 Igitur
318 1443 387 1474 post
400 1437 520 1474 triginta
535 1438 621 1466 trium
643 1446 785 1467 annorum
805 1437 936 1473 bellum,
961 1445 1018 1474 pax
1037 1437 1151 1466 tandem
1174 1436 1219 1465 his
1241 1435 1457 1466 conditionibus
1483 1443 1604 1471 compo-2

80 1491 135 1519 sita
154 1496 215 1519 est:
237 1497 270 1519 ut
289 1490 441 1526 Saxones,
462 1491 545 1518 cultu
565 1489 730 1526 ritibusque
746 1489 848 1526 patriis
867 1488 975 1518 relictis
987 1509 998 1525 ‚
1028 1495 1109 1518 totos
1137 1496 1169 1517 se
1196 1487 1367 1524 doctrinae,
1392 1495 1407 1515 a
1428 1485 1602 1515 Christianis

76 1541 234 1578 generatim
244 1547 376 1579 receptae
387 1562 398 1578 ‚
422 1541 567 1571 traderent
577 1562 588 1578 ,
609 1541 750 1571 immunes
767 1541 941 1572 haberentur
958 1549 975 1571 a
988 1539 1129 1571 censibus
1140 1559 1151 1576 ,
1170 1537 1299 1576 exceptis
1315 1536 1452 1574 decimis,
1472 1546 1545 1573 qnae
1560 1546 1605 1567 sa·

1544 1597 1605 1617 cer-

112 1693 178 1728 (1)
195 1694 291 1721 Franc.
315 1696 383 1723 Anu.
401 1695 477 1724 Fuld.
494 1703 523 1730 p.
535 1702 568 1729 27
586 1702 628 1729 ap.
647 1695 736 1729 Bouq.
773 1696 844 1722 Arm.
869 1695 911 1723 Fr.
926 1694 1003 1722 Lois.
1020 1700 1090 1727 p.44
1106 1691 1248 1728 &tp-Bouq-
1283 1689 1402 1723 Egfflh&
1419 1690 1490 1717 Anna
1508 1699 1536 1724 p.
1551 1697 1602 1724 207

83 1747 126 1773 ap.
144 1741 235 1774 Bouq.
268 1741 368 1768 Chron.
384 1742 471 1768 Muss.
488 1749 516 1774 Ρ.
534 1748 577 1775 71.
613 1741 658 1769 Cf.
676 1743 770 1769 Mc‘iser
785 1750 813 1776 p.
830 1749 892 1776 207.

113 1785 178 1819 (2)
199 1787 295 1818 Eginh.
314 1788 382 1814 Ann.
398 1787 428 1813 ad
444 1795 501 1815 ann.
517 1794 578 1821 795.

114 1831 178 1866 (3)
206 1832 283 1859 Ροὲι.
303 1833 363 1859 Sax.
384 1835 403 1860 1.
417 1835 436 1859 l.
463 1842 502 1860 vs.
518 1836 566 1866 384
587 1842 646 1866 sqq,
688 1835 734 1864 Cf.
752 1836 831 1863 Anu.
846 1835 937 1864 Franc.
956 1834 1032 1863 Fuld.
1056 1837 1132 1868 p.*23
1157 1839 1200 1866 ap.
1218 1833 1308 1866 Bouq.
1356 1832 1456 1860 Adonis
1477 1833 1602 1861 Chronic-

73 1884 109 1910 2p.
125 1885 171 1910 32¹
200 1885 241 1911 ap.
259 1879 347 1910 Bouq.

115 1923 180 1958 (4)
200 1924 297 1950 chron.
318 1924 403 1951 Muss.
425 1932 452 1957 p.
465 1931 497 1958 77
515 1932 557 1958 ap.
574 1926 663 1959 Bouq.
705 1928 773 1955 Ann.
798 1928 889 1957 Franc.
915 1929 992 1956 Fuld.
1009 1935 1036 1962 Ρ.
1050 1928 1085 1955 26
1102 1935 1144 1960 ap·
1165 1926 1253 1958 Bouq
1297 1926 1438 1959 Eginhal'dl
1463 1933 1513 1953 V¹t2
1537 1927 1600 1953 (Ἀΐ-

83 1970 172 2003 Magni
191 1971 241 1998 1.l.
276 1971 322 1998 Cf.
342 1971 458 1997 Schmidt
474 1972 573 2000 Gesch.
596 1973 642 2000 der
660 1974 847 2002 Teutscheul.
863 1977 882 2003 1
900 1984 927 2009 p.
944 1982 997 2009 39,
1017 1983 1051 2008 40
1068 1975 1095 2001 in
1112 1979 1166 2002 not.
1204 1973 1265 2007 Quo
1293 1974 1356 2000 loco
1375 1978 1446 2000 notat
1469 1974 1602 2005 mig·ratm

84 2023 141 2042 num
161 2024 246 2043 earum
264 2017 358 2044 indicia
376 2017 407 2043 ad
432 2024 519 2045 nostra
537 2026 660 2053 tempora
680 2022 834 2054 per-venisse
852 2022 944 2051 videri.

889 2082 952 2111 Ba
