1919 2511
339 144 566 179 RESPONSIO
596 142 638 177 Ab
667 146 973 186 QUAESTIONEM
1006 146 1331 176 THEOLOGICAM.
1554 157 1588 186 53

68 229 106 263 xu
131 238 248 270 quoque
275 239 303 262 et
326 232 525 269 voluptatibus
545 231 719 260 diffluebant.
759 229 874 267 Quibus
901 230 978 260 vitiis
1002 230 1129 258 Carolus
1153 229 1266 259 obviam
1291 230 1330 257 ire
1353 238 1464 259 summo
1489 239 1576 267 opere

64 285 186 315 studuit.
235 285 344 315 Orabat
374 293 424 313 eos
455 290 487 312 ut
520 283 575 312 Dei
611 282 799 312 ministerium
833 281 918 311 bonis
952 281 1132 317 egregiisque
1167 281 1295 309 moribus
1327 289 1460 310 ornarent
1491 282 1574 318 (1).

48 336 265 366 'Sacerdotibus
278 344 383 364 uxores
402 337 500 372 plures
517 334 620 368 ducere
637 334 770 369 vetabat,
792 334 939 362 mulierem
958 341 1158 370 quamcunque
1177 339 1334 361 extraneam
1351 332 1427 360 domi
1447 333 1570 369 habere,

64 389 197 417 tabernas
222 387 333 424 ingredi
353 389 399 416 vel
421 387 455 415 ad
479 386 617 414 edendum
640 386 685 414 vel
702 385 737 413 ad
762 385 916 414 bibendum
939 384 1016 423 (α).
1056 385 1139 413 Hanc
1157 385 1247 421 legem
1272 392 1305 412 ex
1325 383 1464 413 Africano
1484 385 1572 413 veteri

63 441 173 469 c‘an'one
193 439 348 475 repetierat
369 439 409 475 (3
421 439 450 475 3.
489 437 631 466 Monebat
647 436 854 473 presbyteros,
877 443 908 466 ut
921 458 930 470 ,
951 436 976 465 si
994 437 1109 472 quando
1128 436 1162 464 ad
1177 435 1341 465 convivium
1361 436 1571 472 invitarentur,

34 480 137 520 '³haud
159 491 232 520 inter
249 499 280 519 se
303 490 529 524 contenderent,
552 489 601 517 sed
627 487 747 517 maxima
766 497 830 516 cum
857 488 973 517 caritate
991 489 1199 524 loquerentur,
1221 495 1253 515 ac
1273 487 1429 516 sobrietate
1454 488 1572 516 eximia-

0 1973 2 2060 ὗ
26 2052 29 2055 ,

1 2192 5 2400 i

4 2401 7 2511 i

60 545 119 577 que
137 534 404 571 continentia‘Deo
429 542 575 577 placerent
602 539 686 577 (4).
736 539 850 578 Quodsi
876 547 969 569 autem
996 539 1161 577 hujusmodi
1184 539 1323 575 flagitium
1357 547 1545 576 cognosceret
1561 561 1572 575 ‚

57 593 271 630 temperantiam
296 601 328 622 ac
350 593 445 622 bonos
470 601 565 621 mores
591 591 703 629 egregie
725 592 905 628 vindicabat,
928 599 1001 627 quae
1026 592 1086 629 eJus
1110 591 1189 627 rigor
1212 597 1298 627 atque
1316 591 1455 619 severitas
1477 598 1506 620 ut
1523 600 1573 627 ap·

60 648 90 673 te
113 640 312 680 declarentur,
334 653 384 681 age
407 643 504 681 paucis
527 644 608 673 binas
631 643 797 673 histor-iolas
816 644 903 682 hujtls
928 642 1087 680 argumenti
1105 643 1266 679 tradamus,
1289 651 1304 671 a
1322 641 1472 671 monacho
1499 643 1569 672 San·

55 689 186 726 Gallensi
209 686 362 726 nier'noriae
386 696 515 733 proditas
531 685 624 733 (51)-

75 748 246 785 ‘Episcopo
274 747 406 783 cuidam,
435 747 485 783 qui
509 753 678 783 supremum
704 746 779 775 diem
807 746 938 783 obierat,
968 746 1091 777 Carolus
1117 754 1315 774 successorem
1334 745 1410 774 dedit
1433 745 1568 774 clericum

48 799 266 829 nobilissimum
299 807 327 828 et
365 798 601 828 eruditissimum.
652 797 712 835 Qui
744 797 851 827 laetitia
886 806 975 827 ovans
1012 799 1154 834 extemplo
1186 797 1353 826 convivium
1388 797 1568 833 magnificum

48 851 173 887 paravit.
215 851 272 880 Sed
295 850 417 887 dapibus
443 857 665 887 praegravatus,
687 858 766 878 mero
786 849 1000 886 ingurgitatus,
1031 849 1159 884 vinoque
1180 850 1333 884 sepultus,
1362 855 1452 876 noctu
1472 849 1506 876 ad
1528 848 1570 875 vi-

50 901 133 939 gillas
159 902 256 932 venire
285 901 424 939 neglexit.
465 901 513 930 Ad
543 910 628 938 quem
661 900 748 938 igitur
771 909 837 929 cum
864 900 943 929 vices
965 907 1154 937 pervenerant
1178 906 1211 928 ut
1238 900 1455 935 responsorium
1485 899 1567 935 (6):

51 972 71 988 ,‚
91 953 236 982 Domine!
268 952 292 981 si
313 953 406 981 adhuc
430 954 544 989 populo
566 959 619 981 tuo
641 960 704 981 sum
729 951 939 980 necessarius''
967 958 1108 985 cantaret,
1138 950 1304 979 diuturnum
1328 949 1384 978 fuit
1410 949 1568 981 silentium,

47 1003 141 1042 Quam
159 1004 197 1032 ob
219 1013 277 1033 rem
296 1005 439 1039 Carolus,
461 1003 512 1040 qui
533 1003 628 1032 aderat
670 1023 689 1039 „
709 1001 845 1031 tandem'’
861 1002 958 1038 inquit
999 1022 1019 1038 „
1040 1001 1194 1038 aliquando
1215 1008 1296 1030 canat
1314 1000 1463 1036 aliquis!'⁷
1494 1000 1566 1029 Erat

44 1061 139 1083 autem
162 1054 284 1084 cler1cos
308 1055 384 1084 inter
407 1054 506 1092 palatii
526 1054 638 1090 homo,
660 1054 739 1082 tenui
766 1055 832 1082 loco
861 1060 964 1089 ortus,
993 1053 1097 1082 litteris
1120 1061 1180 1082 non
1202 1053 1271 1082 satis
1296 1052 1442 1087 imbutus,
1471 1050 1565 1080 omni-

44 1105 100 1134 bus
124 1105 254 1136 exosuS.>
283 1105 379 1144 enjus
405 1105 582 1143 paupertatis
604 1105 800 1134 misericordia
832 1105 956 1136 Carolus
978 1112 1091 1141 semper
1118 1110 1215 1132 motus
1241 1102 1346 1133 fuerat.
1393 1103 1449 1132 Hic
1475 1102 1564 1139 igitur

43 1160 144 1186 canere
169 1157 267 1193 coepit
292 1164 423 1194 etsuo,
446 1165 622 1194 quocunque
647 1157 779 1192 tandem,
805 1157 892 1185 inodo
918 1164 1031 1185 carmen
1053 1155 1177 1191 cecinit3
1206 1155 1265 1183 imo
1289 1154 1445 1183 orationem
1470 1153 1564 1183 domi·

40 1207 132 1237 nicam
153 1208 273 1237 addidit.
313 1208 397 1246 Quae
419 1216 465 1237 res
491 1208 599 1238 Carolo
624 1207 743 1237 mirifice
767 1207 894 1245 placuit,
915 1207 954 1236 ita
975 1213 1007 1236 ut
1030 1206 1157 1236 crastino
1184 1206 1229 1235 die
1252 1205 1283 1235 in
1301 1213 1380 1242 eum,
1406 1205 1559 1234 luxurioso

41 1257 94 1288 ino
111 1266 212 1288 rursus
236 1259 391 1295 deposito,
414 1259 614 1296 episcopatum
639 1259 797 1289 conferret·

51 1309 139 1339 ··2Alii
159 1308 298 1339 defuncto
321 1310 454 1346 pontifici
469 1311 605 1348 ,iuvenem
628 1318 824 1340 successorem
846 1309 1009 1339 substituit.
1050 1309 1132 1345 Cui,
1153 1309 1188 1338 ab
1209 1307 1381 1344 imperatore
1402 1307 1559 1344 redeunti,

40 1369 129 1398 quum
154 1361 259 1399 gradus
283 1361 447 1396 adferrent,
468 1367 501 1390 ut
526 1369 591 1390 cum
615 1362 753 1399 gravitate
779 1368 807 1390 et
828 1362 980 1391 honestate
1003 1360 1164 1398 episcopali
1185 1360 1216 1389 in
1241 1359 1379 1389 caballum
1401 1359 1557 1388 adscende·

37 1419 81 1443 ret
93 1420 113 1450 ,'
134 1413 183 1443 ille
210 1422 293 1450 aegre
320 1413 415 1443 ferens
436 1423 467 1443 se
487 1412 637 1441 infirmum·
656 1414 754 1450 etjam
775 1419 944 1448 provectum
961 1418 1050 1441 aetate
1068 1411 1166 1441 haberi
1180 1432 1192 1447 ,
1222 1419 1238 1440 e
1258 1412 1324 1440 solo
1342 1410 1371 1439 in
1391 1418 1494 1446 equum
1516 1410 1556 1438 ita

37 1464 139 1494 ieviter
155 1464 324 1500 adscendit,
345 1471 379 1493 ut
406 1473 506 1501 parum
533 1464 667 1501 abesset,
691 1464 761 1500 qu-in
782 1463 812 1493 in
834 1464 1000 1493 ulteriorem
1024 1469 1132 1500 partem
1156 1461 1309 1492 decideret.
1352 1462 1441 1499 Quod
1462 1469 1550 1496 quum

37 1514 161 1545 Carolus
186 1523 202 1543 e
226 1515 334 1551 palatio
360 1515 499 1552 vidisset,
522 1525 584 1544 eum
598 1537 608 1551 ,
630 1516 665 1544 ad
688 1524 720 1544 se
740 1521 894 1551 vocatum,
927 1514 1007 1543 hisce
1033 1514 1133 1543 verbis
1154 1515 1298 1542 allocutus
1316 1520 1388 1542 rest:
1433 1533 1450 1548 „
1470 1511 1553 1540 Bone

37 1564 100 1595 vir!
123 1567 198 1594 celer
216 1574 245 1594 es
269 1572 299 1594 et·
317 1563 419 1603 agilis,
442 1567 544 1603 pernix
564 1574 592 1596 et
613 1574 747 1604 praepes.
789 1566 902 1602 Utique
925 1565 989 1602 ipse
1010 1572 1043 1593 tu
1056 1565 1155 1600 nosti,
1177 1565 1275 1593 multis
1295 1564 1436 1593 bellorum
1462 1562 1553 1591 turbi-

37 1616 124 1647 nibus
149 1616 328 1646 serenitatem
356 1617 468 1653 imperii
494 1618 587 1647 nostri
612 1617 730 1655 agitari:
762 1617 870 1646 idcirco
897 1625 972 1653 opus
999 1623 1043 1645 est
1074 1616 1143 1644 mihi
1162 1615 1228 1645 talis
1259 1615 1381 1644 clericus
1408 1615 1436 1644 in
1461 1613 1553 1642 comi-

36 1674 97 1697 tatu
122 1676 199 1699 meo.
239 1667 314 1696 Esto
340 1667 431 1705 igitur
452 1660 566 1697 interim
595 1669 693 1698 socius
722 1677 852 1697 meorum
872 1667 1019 1704 laborum,
1053 1675 1118 1696 cum
1148 1673 1204 1696 tam
1228 1664 1360 1696 celeriter
1381 1665 1551 1694 adscendere

36 1719 133 1760 possis
158 1718 188 1748 in
210 1718 350 1748 caballum
370 1720 475 1748 tuum”
497 1721 575 1758 (7).
1246 1746 1252 1749 .

50 1770 131 1799 -Sed
152 1771 221 1800 haec
241 1771 392 1801 hactenus.
434 1772 600 1808 Utrumque
625 1772 704 1808 quod
727 1771 876 1801 attulimus
903 1770 1067 1806 exemplum
1092 1769 1249 1799 clarissime
1278 1768 1389 1798 indicio
1409 1775 1474 1803 est⁷
1493 1768 1548 1798 Ca-

34 1823 128 1851 mlum
157 1822 186 1851 in
205 1822 319 1851 clericis
339 1831 399 1852 non
425 1824 519 1852 solum
545 1822 731 1860 requisivisse
750 1831 861 1852 morum
881 1822 1060 1851 honestatem
1087 1827 1114 1850 et
1132 1820 1326 1857 probitatem,
1349 1820 1400 1848 sed
1422 1820 1471 1848 has
1490 1818 1549 1847 vir-

1504 1877 1551 1899 tu-

67 1952 104 1985 (r
122 1955 133 1987 )
153 1955 240 1982 Cone.
259 1956 380 1989 Aquisgr.
397 1963 420 1984 a.
435 1958 495 1990 789.
515 1965 540 1984 c.
556 1964 598 1991 70.
615 1965 657 1992 ap.
675 1955 732 1985 B'al.
750 1966 777 1991 p.
794 1964 852 1990 237.

67 2000 136 2034 (ει)
152 2002 218 2034 Cap.
233 2010 256 2028 a.
272 2002 330 2035 769.
347 2010 373 2029 c.
387 2009 413 2035 5.
427 2011 450 2029 a.
463 2005 517 2030 inc.
537 2010 562 2032 c.
576 2012 608 2036 2,
628 2011 653 2037 3.
673 2013 701 2038 p.
715 2004 776 2038 690.
793 2011 836 2037 ap.
857 2003 943 2035 Bouq.
968 2012 971 2015 ⁴
1058 2000 1118 2034 (3)
1139 2002 1225 2028 mansi
1243 2007 1263 2027 t.
1277 2000 1340 2027 ΧΠ.
1358 2008 1385 2033 μ
1402 2000 1460 2032 874.
1480 2006 1509 2025 n.
1521 2005 1548 2032 3.

66 2046 137 2082 (4)
156 2049 221 2081 Cap.
232 2048 259 2076 6.
278 2056 320 2082 ap.
343 2049 429 2075 Mansi
448 2055 467 2076 t.
480 2050 556 2076 xm.
581 2059 608 2084 p.
627 2052 702 2077 1182.
874 2046 941 2084 (5)
961 2047 993 2074 L.
1006 2047 1029 2074 Ι.
1048 2055 1073 2073 c.
1088 2054 1114 2080 5.
1132 2055 1161 2080 p.
1179 2054 1236 2078 199.
1253 2054 1296 2079 ap.
1311 2048 1398 2078 Bouq.

67 2092 132 2130 (6)
151 2096 249 2122 Cantus
268 2097 315 2123 iste
334 2103 386 2123 erat
406 2097 462 2123 cani
482 2098 573 2123 solitus
591 2104 650 2130 post
668 2097 816 2125 lectionem.
957 2091 973 2128 ζ
980 2091 1024 2128 7)
1041 2094 1117 2120 Mon.
1135 2092 1263 2120 San-Gall.
1283 2094 1302 2120 1.
1320 2093 1340 2120 Ι.
1356 2093 1418 2120 e.6.

783 2143 854 2181 Ga
