1919 2511
316 158 366 189 ‘16³
667 160 704 190 C.
760 157 941 190 PRUYS
976 161 1061 189 vA'N
1097 165 1180 188 nnn
1218 156 1452 190 HOEVEN

318 243 503 286 pertineant
527 245 612 279 vitae
630 245 827 278 institutum.
872 246 971 277 Hanc
989 244 1099 286 itaque
1114 242 1301 276 diaetetices
1320 242 1528 285 disciplinam
1543 240 1613 284 ipsa
1631 241 1691 274 sua
1709 251 1787 275 cum

318 300 453 332 veritate
477 307 548 334 tum
573 300 781 344 simplicitate
812 300 946 332 medicis
975 297 1121 333 veritatis
1143 309 1182 331 ac
1203 297 1421 342 simplicitatis
1442 297 1623 330 cultoribus
1653 298 1788 341 potissi-

322 366 414 388 inum
435 363 607 400 acceptam
627 357 697 389 fore
719 363 752 389 et
774 355 1042 389 commendatam
1064 353 1250 397 putandum
1272 359 1331 386 est.

361 415 530 454 Jamvero,
553 412 712 457 quoniam
736 423 893 456 germana
919 420 1058 453 vereque
1084 409 1227 443 liberalis
1253 408 1408 443 medendi
1432 411 1566 444 scientia
1592 417 1731 445 naturae
1756 415 1788 444 et

320 466 548 504 observatione
568 474 601 501 et
618 469 884 512 interpretatione
907 473 939 499 et
960 466 1142 499 imitatione
1161 465 1361 507 continetur,
1386 476 1527 509 quarum
1550 469 1639 501 nulla
1662 472 1788 510 potest,

320 523 383 556 nisi
403 524 445 556 ab
465 536 522 566 eo,
546 526 602 569 qui
618 523 777 568 simplicis
798 525 930 567 verique
949 532 1085 555 sensum
1101 523 1162 555 rite
1178 521 1374 563 excoluerit,
1397 527 1485 554 reete
1507 523 1574 556 fieri
1586 548 1595 564 ‚
1619 522 1696 567 quia
1713 533 1792 556 om·-

321 581 372 612 nis
399 580 482 623 haec
506 588 645 615 naturae
664 580 837 623 discipHna
862 584 1002 612 naturae
1021 584 1092 611 tum
1120 579 1290 612 veritatem
1316 577 1417 610 habet
1435 583 1507 610 tum
1528 579 1790 622 simplicitatem,

318 635 437 680 quique
457 637 544 671 hanc
560 639 722 671 rationem
743 641 855 669 tenere
877 635 1030 677 cupiunt,
1054 633 1097 666 ad
1117 633 1201 668 illius
1220 644 1374 667 normam
1392 640 1424 667 et
1441 635 1591 667 animum
1613 635 1732 668 debent
1759 641 1791 669 et

319 698 465 726 mentem
481 704 578 727 suam
596 703 813 737 componere,
830 688 948 734 ecquid
961 689 1079 730 Vobis,
1098 690 1203 731 A.A.,
1217 696 1304 722 recte
1323 689 1435 722 fecisse
1453 689 1584 732 videar,
1605 702 1682 724 cum
1701 691 1793 725 hunc

320 752 476 793 simplicis
492 760 630 784 sensum
649 748 775 783 cunetis
793 745 930 780 medicis
948 744 1166 778 excolendum
1184 756 1255 778 esse
1272 745 1467 779 statuerim?
1507 749 1636 779 Verum
1653 747 1696 780 ad
1716 759 1793 781 ma-

319 811 388 850 jora
407 807 585 841 tendimus.
631 808 725 847 Hoc,
748 803 837 848 quod
855 801 1180 844 commendavimus,
1204 808 1342 835 naturae
1359 803 1506 836 studium
1525 803 1688 847 numquid
1703 805 1792 839 aliud

320 874 386 910 est,
411 878 512 912 quam
531 873 623 900 arcta
645 864 810 909 quaedam
834 872 913 895 cum
935 861 1052 893 natura
1076 870 1138 891 nec
1156 857 1345 891 intermissa
1366 859 1569 892 consuetudo
1594 865 1625 892 et
1650 860 1794 894 familia-

322 926 423 958 ritas?
468 923 595 966 Quodsi
621 922 725 955 multa
750 919 845 953 nobis
869 929 909 950 ac
931 916 1102 959 praeclara
1128 915 1218 949 bona
1243 915 1285 948 ab
1311 917 1513 959 optimorum
1533 922 1563 949 et
1581 926 1794 953 summorum

321 983 467 1016 virorum
489 979 726 1014 consuetudine
746 983 843 1021 atque
866 973 1085 1007 familiaritate
1105 977 1137 1005 et
1155 982 1291 1016 sperare
1311 978 1343 1005 et
1362 978 1556 1016 exspectare
1577 974 1666 1016 licet,
1689 986 1794 1018 quae-

319 1049 400 1071 nam
421 1037 517 1071 nobis
539 1042 696 1071 eventura
721 1034 762 1067 ab
787 1034 852 1066 hac
870 1037 1009 1064 naturae
1035 1031 1244 1076 optimaeque
1262 1041 1480 1074 summaeque
1503 1032 1741 1065 consuetudine
1762 1037 1795 1065 et

322 1094 541 1130 familiaritate
558 1094 784 1139 sperabimus,
803 1088 1080 1133 exspectabimus.
1123 1089 1226 1121 Hunc
1246 1093 1332 1120 certe
1349 1097 1521 1119 summum
1539 1088 1614 1120 inde
1632 1088 1796 1131 percipie-

323 1164 399 1186 mus
422 1152 584 1194 fructum,
608 1157 646 1184 ut
663 1147 945 1194 quemadmodum
966 1144 1023 1189 qui
1041 1156 1119 1178 cum
1145 1143 1274 1188 magnis
1299 1149 1473 1178 versantur
1490 1145 1585 1185 viris,
1609 1144 1674 1177 nisi
1691 1151 1796 1187 repud

323 1216 398 1254 guet
414 1220 551 1253 prorsus
568 1208 689 1252 ingenii
707 1206 791 1239 ratio
801 1230 810 1247 ,
834 1204 877 1237 ad
894 1204 1039 1247 aliquam
1058 1212 1173 1235 eorum
1190 1198 1439 1233 similitudinem
1456 1199 1656 1232 conformari
1672 1201 1797 1242 solent,

325 1269 371 1299 sic
388 1276 448 1299 nos
467 1276 614 1309 quoque,
639 1265 666 1296 si
684 1274 751 1296 non
770 1271 964 1305 perversam
983 1261 1120 1293 omnino
1137 1257 1326 1300 malamque
1345 1256 1435 1288 nacti
1452 1255 1614 1288 fuerimus
1631 1256 1794 1297 indolem,

325 1325 398 1357 hac'
414 1333 491 1356 cum
517 1322 636 1354 natura
662 1321 738 1352 init-21
763 1318 918 1351 societate
944 1322 976 1349 et
1005 1316 1236 1358 conjunctione
1263 1313 1305 1345 ad
1329 1313 1414 1346 illius
1440 1322 1596 1347 normam
1622 1313 1795 1356 compositi

323 1381 492 1428 quandam
513 1377 616 1422 ipsius
640 1377 861 1419 adsequemur
883 1372 1128 1417 perfectionem.

355 1440 474 1482 'Atque
498 1435 554 1468 hic
577 1434 710 1478 quidem
736 1431 895 1474 simplicis
919 1440 1055 1462 sensum
1079 1427 1214 1461 medicis
1240 1425 1486 1458 commendanti
1508 1424 1589 1458 mihi
1616 1424 1659 1458 ob
1683 1424 1796 1458 oculos

324 1500 475 1530 versatur
497 1491 706 1536 praeclarum
729 1488 808 1521 illud
832 1485 957 1519 summi
983 1485 1101 1518 medici
1120 1483 1332 1526 ejusdemque
1356 1482 1589 1525 simplicissimi
1608 1482 1793 1525 exemplar,

324 1549 547 1588 nirro'cmirss‘s.
593 1548 677 1589 Quis
696 1556 858 1588 umquam
875 1545 929 1576 illo
948 1548 1006 1575 aut
1025 1543 1131 1584 major
1147 1540 1226 1580 suit,
1249 1544 1307 1571 aut
1327 1536 1529 1581 simplicior?
1576 1540 1615 1570 In
1635 1548 1700 1581 quo
1717 1538 1795 1582 qui-

324 1612 401 1643 dem
423 1612 515 1641 tanta
532 1605 594 1637 fuit
615 1602 734 1646 ingenii
751 1602 799 1635 w‘s
821 1606 853 1633 et
876 1599 1086 1643 magnitudo,
1109 1602 1146 1630 ut
1164 1606 1266 1639 quam
1283 1595 1443 1628 incultam
1461 1594 1529 1626 fere
1549 1600 1722 1638 acceperat
1739 1606 1796 1627 ar-

325 1674 411 1707 tem,
442 1661 589 1705 ejusdem
611 1658 790 1702 perfectam
813 1654 983 1699 quandam
1005 1653 1151 1695 speciem
1171 1652 1283 1683 animo
1305 1650 1502 1693 complexus
1519 1660 1591 1682 esse
1611 1650 1795 1683 censendus

327 1725 387 1764 sit,
404 1709 508 1753 'tanta
533 1709 840 1756 ver02'siniplicitas,
870 1717 908 1743 ut
928 1711 984 1754 qui
1006 1720 1085 1742 eum
1105 1707 1206 1751 legat,
1230 1707 1292 1740 sibi
1314 1717 1382 1740 non
1404 1707 1524 1751 legere,
1549 1714 1665 1740 verum
1688 1707 1796 1751 ipsam

327 1782 482 1811 ‘naturam
505 1772 681 1806 observare
704 1769 863 1803 videatur.

353 1838 354 1841 ’
371 1834 480 1874 Hujus
502 1831 597 1873 igitur
615 1826 740 1859 summi
759 1824 878 1857 medici
899 1822 1022 1866 scripta
1042 1823 1201 1855 nocturna
1221 1826 1348 1855 versate
1367 1831 1488 1862 manu,
1513 1825 1640 1854 versate
1659 1819 1793 1863 diurna,

329 1893 486 1934 quotquot
499 1885 684 1918 ‘medicinae
701 1880 838 1915 nomina
857 1880 1009 1921 dedistis,
1030 1881 1171 1911 Juvenes
1189 1877 1476 1921 praestantissimi!
1521 1878 1597 1908 Hoc
1614 1881 1748 1909 auctore
1765 1883 1796 1910 et

326 1943 540 1992 praeceptore
557 1940 714 1983 simplicis
734 1937 868 1981 verique
886 1936 1022 1968 excolite
1042 1941 1197 1976 sensum,
1222 1933 1279 1977 qui
1297 1934 1458 1976 optimam
1478 1932 1589 1965 docuit
1607 1938 1746 1965 naturae
1765 1939 1797 1966 et

326 1997 551 2036 observandae
569 2003 599 2028 et
616 1995 880 2039 interpretandae
902 1998 933 2025 et
951 1991 1131 2025 imitandae
1153 1989 1326 2023 rationem.
1373 1992 1482 2031 Quem
1498 1989 1527 2020 si
1544 1987 1649 2020 Vobis
1666 1988 1707 2021 de
1722 1999 1797 2022 me-

322 2059 399 2091 liori
424 2056 501 2088 nota
529 2051 846 2092 commendaverim,
879 2051 1036 2094 cujusque
1070 2051 1099 2082 si
1125 2049 1199 2080 mea
1226 2047 1331 2080 Vobis
1359 2047 1560 2079 institutione
1586 2046 1796 2090 probaverim

330 2113 555 2156 disciplinam,
588 2115 668 2142 tunc
702 2108 838 2140 demum
870 2118 1071 2141 BoenimAvii
1101 2105 1207 2140 nostri
1220 2129 1230 2146 ,
1272 2104 1377 2137 nostri
1407 2104 1543 2147 inquam
1572 2114 1795 2144 amrmemus,

377 2176 379 2178 ’
1718 2169 1796 2203 per-z

1914 934 1919 952 ι
1912 858 1919 922 „as-
1914 784 1919 834 „ma
1914 760 1919 771 -.
1917 727 1919 730 i
