1919 2511
384 185 613 216 RESPONSIO
641 193 684 214 AD
715 183 1025 223 QUAESTIONEM
1054 184 1268 215 MEDICAM.
1554 195 1589 222 37

77 272 102 301 ri
120 270 208 301 luxati
224 270 260 300 ad
275 275 382 306 partem
401 269 566 299 inferiorem
588 267 693 297 indicat
705 287 715 302 ,
737 272 764 295 et
780 267 814 295 ad
831 266 903 296 illud
925 268 1119 304 reponendum
1146 274 1240 297 narrat
1260 266 1364 296 auxilia
1389 272 1451 306 (30
1464 275 1499 308 )‚
1521 277 1593 304 quae

71 324 130 359 jam
148 321 361 356 recensuimus,
384 326 572 349 memorantes
591 318 778 355 Hippocratis
801 320 958 355 reponendi
974 321 1090 348 modum
1112 328 1162 356 per
1178 319 1305 355 digitos,
1328 328 1378 355 per
1400 322 1523 356 calcem,
1546 322 1590 349 δικ

75 384 123 403 του
150 384 353 409 namma-(400,
375 380 427 408 per
449 371 611 408 pistillum,
632 378 684 407 per
709 371 834 405 scalam,
855 380 907 408 per
926 371 1047 408 amben,
1077 371 1104 400 si
1123 371 1217 407 velis,
1238 379 1290 408 per
1314 370 1507 407 crepidinem,
1531 380 1588 407 quo

72 423 189 454 nomine
211 424 313 453 amben
330 422 519 461 Hippocratis
537 421 690 459 insignivit
706 421 860 457 Aegineta.

689 505 720 541 §-
743 504 773 533 6.
812 504 972 535 Avtcenna.

70 597 74 601 “
110 587 240 618 Breviter
254 587 421 623 videamus,
444 597 516 625 quae
533 587 654 625 protulit
669 587 818 617 Avicenna
837 586 967 616 scribens
991 587 1025 615 de
1050 588 1127 617 ossis
1153 587 1264 615 humeri
1289 587 1453 616 laxatione:
1476 586 1586 616 ratione

69 639 168 669 habita
189 639 375 668 concavitatis
400 641 528 676 spatulae
553 638 639 676 (31)
669 638 837 674 humerique
855 637 1096 674 ligamentorum,
1126 638 1209 667 facile
1233 639 1313 667 illum
1343 646 1429 674 posse
1451 637 1585 666 dislocari

69 690 168 720 'censet
183 690 330 719 Avicenna
346 693 419 730 (32)
434 711 444 726 ,
466 691 517 719 sed
534 699 625 726 aeque
643 690 727 719 facile
746 689 776 719 in
794 688 1166 725 corporibus‘infantilibus
1178 710 1187 724 ‚
1215 696 1243 717 et
1260 687 1446 717 'mollioribus
1466 689 1587 724 reponi,

67 742 111 771 ita
129 749 161 772 ut
179 743 242 772 sola
262 742 420 772 encheiresi
439 744 569 781 (qualem
591 743 786 779 Hippocrates
805 740 959 778 proponit)
976 749 1051 777 opus
1068 741 1117 769 sit.
1161 759 1180 775 „
1198 739 1229 768 Si
1249 748 1318 768 vero
1338 740 1535 769 vehementior
1549 740 1587 769 sit

69 793 240 830 dislocatio‚
262 793 455 830 intromittat,
477 795 634 824 secundum
653 794 821 823 Avicennae
845 791 1036 827 sententiam,
1057 797 1229 820 restaurator
1247 791 1346 827 pedem
1367 791 1396 819 in
1417 793 1489 820 latus
1507 791 1587 820 infit-

70 845 130 882 mi,
153 853 179 875 et
204 847 365 875 calcaneum
392 855 483 883 prope
505 854 590 883 caput
616 845 751 884 adJ'utorii
776 844 797 873 i.
820 853 847 872 e.
869 842 1001 877 humeri,
1023 849 1072 871 aut
1095 842 1202 878 pilam,
1224 842 1355 870 extendat
1381 842 1446 871 dein
1471 851 1584 872 manum

68 897 200 926 manibus
223 897 284 926 suis
304 898 459 926 secundum
480 898 698 932 rectitudinem,
723 896 806 932 quasi
829 895 900 924 velit
929 894 1069 922 eradicare
1086 902 1145 922 eam
1164 902 1179 922 e
1195 895 1326 929 spatula,
1349 900 1379 921 et
1395 894 1512 923 inclinet
1529 904 1586 924 tna·

69 956 138 978 num
158 957 238 976 suam
263 956 416 984 parumper
440 949 474 977 ad
499 948 657 985 interiora,
688 955 716 977 et
740 946 935 983 ingredietur,
958 952 986 974 et
1007 945 1062 974 iste
1086 951 1130 973 est
1151 944 1257 973 rectior
1281 944 1431 974 modorum
1458 946 1584 975 omnium

66 998 206 1027 etlevior
226 1007 323 1027 eorum
347 1002 408 1037 (33
421 1000 470 1035 ).”
1355 986 1359 988 ⁷

104 1048 285 1078 Mentionem
311 1050 384 1079 enim
410 1051 491 1080 etiarn
514 1051 583 1081 facit:
610 1051 760 1082 Avicenna
785 1053 820 1081 de
844 1052 931 1081 modo
959 1052 1108 1080 humerum
1130 1052 1258 1080 luxatum
1281 1051 1438 1087 reponendi
1459 1060 1509 1087 pet·
1525 1052 1582 1079 hu-

64 1109 176 1130 merum
207 1101 325 1130 alterius
351 1101 498 1139 hominis,
530 1112 580 1139 per
605 1103 850 1140 instrumentum,
882 1104 960 1141 quod
984 1103 1134 1133 manubrio
1163 1102 1269 1133 sarculi
1297 1102 1389 1132 simile
1411 1102 1500 1139 dicit,
1529 1103 1584 1131 sub

65 1152 202 1195 titinius,
224 1153 246 1183 i.
268 1161 295 1184 e.
316 1153 403 1185 axilla
423 1153 650 1195 impellendum,
672 1163 701 1188 et
719 1158 810 1186 scalae
831 1165 898 1194 ope.

377 1396 670 1427 CAPUT
749 1395 1263 1427 SECUNDUM.

89 1489 361 1511 RECENTIORUM
389 1492 607 1519 AUCTORUM,
636 1493 696 1518 QUI
724 1492 766 1512 DE
792 1491 947 1512 AUXILIO
972 1491 1137 1511 MANUALI
1163 1493 1226 1511 VEL
1257 1489 1557 1511 INSTRUMENTALI

176 1537 218 1556 AD
247 1538 415 1558 LUXATUM
442 1539 621 1560 RUMERUM
648 1539 955 1563 RESTITUENDUM,
983 1538 1256 1564 SCRIPSERUNT,
1283 1538 1471 1557 REGI-:histo-

266 1644 296 1680 §-
320 1651 347 1673 1.
387 1643 539 1673 Fabricius
561 1644 598 1674 ab
617 1643 841 1684 Aquapendente
861 1642 1000 1683 (1537).
1023 1643 1061 1674 P.
1084 1643 1216 1673 Forestus
1236 1643 1376 1681 (1653).

56 1690 101 1772 J
101 1738 144 1758 am
169 1739 237 1760 vero
259 1732 294 1761 ad
316 1739 443 1770 tempora
467 1734 646 1767 accedimns,
676 1734 783 1771 quibus
807 1734 891 1763 etiam
913 1735 1004 1772 major
1031 1735 1082 1763 lux
1104 1732 1276 1770 Chirurgiae
1316 1730 1490 1769 affingebat,
1515 1741 1580 1761 ana-

61 1782 172 1818 tomia,
196 1792 279 1819 quam
303 1784 385 1813 etiam
411 1785 522 1814 Arabes
544 1786 703 1823 neglexisse
728 1785 883 1822 videntur,
908 1786 962 1815 rite
990 1788 1122 1819 tractata,
1161 1787 1304 1815 Permulta
1330 1784 1403 1813 enirn
1429 1785 1480 1812 hac
1502 1783 1529 1811 in
1551 1790 1580 1810 re

62 1834 206 1870 praestitit
227 1835 376 1865 Fabricius
400 1837 415 1873 (
428 1840 468 1873 ι)
491 1838 563 1874 qui,
584 1838 725 1874 expositis
748 1839 783 1867 iis
799 1859 810 1874 ‚
839 1846 911 1875 quae
930 1844 1062 1874 spectant
1088 1837 1163 1866 ossis
1190 1834 1298 1865 humeri
1327 1834 1577 1867 articulationem,

62 1891 91 1914 et
114 1885 228 1914 modum
240 1905 251 1922 ‚
273 1895 331 1922 quo
350 1893 459 1917 tantum
474 1890 633 1920 secundum
652 1898 732 1919 suam
753 1892 924 1920 sententiam
945 1890 982 1919 ob
1000 1890 1095 1920 vicina
1111 1889 1330 1927 propugnacula
1348 1887 1461 1925 prolabi
1478 1892 1575 1923 potest

1534 1947 1578 1968 ca-

99 1996 184 2031 (30)
203 2000 221 2026 1.
238 2007 264 2026 c.
288 2008 312 2028 c.
329 2008 385 2035 114.
402 2011 429 2035 p.
445 2004 505 2036 603.

98 2042 152 2076 (3¹
167 2044 181 2077 )
202 2046 245 2071 δῖε
263 2055 341 2073 vocat
359 2051 500 2082 scapulam.
671 2049 753 2085 (32)
774 2051 875 2079 Canon.
894 2053 913 2079 1.
930 2060 957 2086 4.
983 2052 1039 2078 fen.
1051 2057 1076 2083 ς.
1095 2058 1121 2078 c.
1136 2058 1162 2084 9.
1180 2058 1208 2084 p.
1229 2050 1288 2083 169.
1304 2051 1403 2077 Vener.
1424 2048 1498 2081 1564.

98 2088 182 2122 (33)
203 2093 219 2118 ¹-
238 2099 261 2117 C·
282 2100 308 2124 ρ.
327 2101 382 2126 107.
740 2116 743 2117 .
972 2111 975 2112 γ
1080 2090 1084 2094 “

100 2132 164 2168 (¹)
183 2137 243 2163 Vid·
265 2137 373 2166 Praefat.
389 2141 478 2167 Albini
500 2141 532 2168 de
547 2142 585 2170 H.
599 2142 718 2169 Fabricio
734 2143 766 2169 ab
785 2143 994 2177 Aquapendente
1013 2144 1039 2169 in
1059 2143 1129 2170 illius
1149 2143 1230 2177 Oper.
1247 2142 1347 2169 omnib.
1365 2142 1442 2169 Anat.
1466 2146 1492 2166 et
1507 2139 1576 2173 Phy-

64 2180 125 2208 siol.
144 2181 229 2215 Lugd.
245 2184 303 2212 Bac.
321 2187 393 2218 1738.
796 2222 823 2253 Ε

845 2231 860 2261 3
