1919 2511
404 158 633 191 RESPONSIO
654 166 697 189 AD
717 156 1027 198 QUAESTIONEM
1049 157 1262 190 MEDICAM.
1531 169 1568 198 27

64 244 136 273 hanc
156 242 267 272 humeri
294 242 496 272 directionem:
528 242 602 272 linea
622 240 734 270 humeri
757 240 919 276 verticalis,
942 249 1013 276 quae
1038 241 1067 270 in
1089 242 1212 271 normali
1240 241 1352 271 articuli
1376 249 1450 271 statu
1477 243 1566 272 verti-

61 295 117 324 cali
133 295 266 331 scapulae
291 294 501 331 respondebat,
522 294 656 330 parallela
682 298 727 321 est
745 291 880 327 obliquae
897 291 1055 320 articularis
1079 292 1183 328 siuns,
1204 302 1220 322 a
1240 302 1380 330 processu
1396 295 1564 323 coraco'ideo

62 345 184 381 ductae,
205 345 244 374 ita
265 351 297 374 ut
316 345 428 374 humeri
451 344 524 374 linea
547 341 693 374 verticalis
717 342 823 371 mediae
846 342 1001 371 claviculae
1022 343 1140 380 oblique
1161 344 1295 373 insistere
1316 344 1445 374 videatur
1465 346 1565 382 (19).

99 397 147 426 Ex
167 397 223 425 hoe
240 395 352 425 humeri
378 401 486 424 mutato
507 394 566 423 situ
589 393 673 423 facile
693 399 793 430 patet,
816 392 907 428 qualis
932 393 1030 422 debeat
1054 403 1117 423 esse
1142 397 1364 431 musculorum,
1391 395 1503 424 humeri
1527 404 1574 424 ar-

61 447 183 477 ticulum
198 446 400 480 ambientium,
422 445 590 475 directionis
611 443 751 481 mutatio,
774 451 846 480 quae
871 444 928 482 jam
948 453 964 473 a
981 444 1067 474 nobis
1091 445 1174 475 etiam
1196 446 1226 475 in
1251 446 1304 475 hac
1322 445 1477 476 luxationis
1505 454 1569 482 spe-

64 497 108 527 cie
134 498 301 535 exponenda
321 504 377 527 est.

99 548 149 580 M.
172 548 316 578 Deltoidci
346 549 420 577 situs
445 547 590 584 mutatio,
619 547 679 576 sive
706 545 843 574 fibrarum
871 553 978 576 mutata
1008 547 1147 582 directio,
1167 548 1210 577 sic
1241 556 1272 577 se
1296 547 1406 578 habet.
1433 553 1573 585 punctum

64 599 254 635 insertionis,
277 600 356 636 quod
373 600 402 629 in
426 601 494 629 sana
516 598 631 628 articuli
650 596 817 627 conditione
842 605 900 626 erat
919 598 949 628 in
973 599 1049 628 linea
1069 599 1220 635 vertica1i‚
1241 609 1257 629 a
1287 600 1380 629 media
1407 599 1468 628 basi
1485 600 1571 637 hujus

66 650 190 679 musculi
214 650 394 686 triangularis
414 650 521 686 ducta,
544 651 573 679 in
597 648 743 678 laxatione
768 655 869 676 versus
893 649 1033 678 anteriora
1059 649 1136 680 cadit
1156 658 1318 681 antrorsum
1341 658 1418 681 extra
1443 651 1520 681 illam
1543 651 1578 680 li-

62 708 143 729 neam
166 700 378 737 imaginariam,
399 701 476 730 unde
501 701 662 730 necessario
683 699 737 735 fit,
761 699 840 734 quod
862 699 941 729 illius
961 701 1086 731 musculi
1113 702 1202 733 fibrae
1225 704 1307 733 etiam
1332 704 1450 740 oblique
1467 710 1581 733 antror-

63 759 128 780 sum
152 751 310 789 dirigantur
331 756 344 788 (
356 753 436 790 20),
457 753 539 791 cujus
563 751 729 781 directionis
751 750 862 788 prImus
881 752 986 787 gradus
999 773 1009 788 ‚
1031 760 1064 782 ut
1083 753 1122 783 ita
1137 754 1247 791 dicam,
1268 753 1400 783 obtinere
1421 754 1532 784 videtur
1549 754 1579 783 in

62 801 211 832 laxatione
233 811 329 832 versus
343 802 505 839 inferiora,
526 812 591 833 cum
619 812 670 840 per
696 803 773 832 illam
800 803 956 833 luxationis
982 806 1127 842 speciem,
1155 813 1188 835 ut
1207 807 1355 843 vidimus,
1385 807 1448 837 talis
1473 808 1580 837 intelli-

63 854 155 891 genda
179 855 237 890 sit,
259 854 289 883 in
312 856 369 891 qua
393 863 453 884 non
475 856 570 885 solum
593 861 680 892 caput
699 855 774 883 ossis
797 855 907 884 humeri
932 865 1033 886 versus
1058 857 1215 895 inferiora,
1237 859 1288 887 sed
1310 859 1392 888 etiam
1423 859 1508 888 simul
1531 868 1580 894 pa·

64 913 127 933 rum
150 912 299 934 antrorsus
322 912 432 934 motum
463 913 516 937 est.

101 956 151 985 M.
174 956 461 986 Coraca-brachium
481 964 562 986 ortus
585 966 601 986 a
621 966 762 994 processu
785 958 978 994 coraco'r'tieo,
1002 958 1052 995 qui
1077 966 1184 996 partem
1205 966 1348 990 externam
1372 960 1473 997 capitis
1505 960 1579 989 ossis

64 1007 193 1043 humeri,
214 1007 354 1036 anteriora
372 1016 474 1036 versus
493 1008 598 1042 luxati‚
617 1009 755 1045 respicit,
777 1009 892 1037 eandem
909 1009 970 1038 fere
994 1017 1108 1043 servat,
1130 1019 1213 1046 quam
1235 1017 1315 1040 antea
1332 1011 1471 1047 habebat,
1491 1012 1584 1043 direc-

64 1058 153 1088 tionis
184 1058 299 1088 lineam.
341 1057 470 1087 Multum
499 1060 551 1088 hac
582 1060 612 1090 in
642 1069 672 1089 re
696 1060 791 1089 differt
812 1069 828 1089 a
847 1060 1004 1093 musculis,
1027 1060 1077 1096 qui
1098 1061 1204 1090 arctIus
1228 1062 1380 1091 articulum
1404 1061 1580 1091 circumdant

65 1115 110 1142 et,
136 1109 264 1139 breviori
291 1109 365 1139 inter
389 1110 508 1147 originis
534 1118 562 1140 et
588 1112 755 1141 insertionis
782 1121 889 1149 puncta
914 1114 1071 1150 distantia,
1100 1116 1228 1145 luxatum
1252 1123 1339 1153 caput
1365 1115 1448 1151 sequi
1470 1123 1580 1151 cogun-

64 1165 124 1189 tur.
167 1160 266 1198 HuJ'us
293 1160 390 1196 itaque
415 1161 540 1190 musculi
566 1162 702 1196 directio,
723 1170 856 1199 respectu
884 1165 1013 1194 cavitatis
1042 1167 1206 1203 gleno'ideae
1231 1169 1378 1204 scapulae,
1407 1166 1466 1196 fere
1486 1166 1580 1195 eadem

65 1217 178 1248 manet;
201 1211 269 1244 sed,
289 1211 400 1240 ratione
419 1212 517 1241 habita
533 1213 607 1242 situs
621 1213 789 1243 mutationis
808 1214 894 1251 hujus
911 1216 1093 1253 aliorumque
1108 1219 1321 1251 musculorum,
1341 1217 1425 1247 facile
1446 1224 1579 1252 constat,

66 1263 176 1297 qualem
198 1262 285 1291 situm
310 1271 343 1291 os
366 1263 478 1292 humeri
498 1264 594 1301 ipsum
620 1264 800 1294 nanciscatur
826 1266 924 1303 (ει).

99 1312 151 1341 M.
172 1312 410 1352 Supra-spinatus
428 1315 458 1343 in
473 1315 525 1344 hac
545 1315 700 1348 laxationis
720 1315 815 1352 specie
830 1317 977 1347 maximam
994 1318 1072 1347 subit
1088 1319 1267 1357 tensionem,
1282 1328 1334 1349 nec
1351 1320 1451 1348 mirum
1476 1327 1581 1355 „mus-

65 1381 85 1397 „
104 1361 164 1391 culi
194 1362 341 1400 (enim),
370 1373 386 1393 a.
415 1373 537 1401 quorum
567 1365 677 1402 origine
701 1375 735 1394 os
762 1367 888 1403 recedit,
915 1370 984 1404 plus
1011 1370 1106 1399 minus
1130 1371 1363 1407 protrahuntur,
1396 1371 1575 1399 tenduntuff’

62 1418 111 1441 cet
129 1413 190 1451 (22
200 1413 228 1450 ).
270 1414 351 1452 Quid
372 1422 465 1444 autem
487 1417 523 1445 de
547 1417 634 1453 hujus
663 1417 789 1445 musculi
811 1417 969 1448 directione
998 1419 1053 1448 fit?
1084 1422 1255 1457 musculus,
1287 1421 1338 1457 qui
1362 1420 1580 1450 horizonta-liter

64 1472 81 1492 a
103 1464 156 1493 sua
179 1464 290 1501 origIne
314 1467 350 1495 ad
377 1467 462 1496 finem
487 1468 517 1498 in
539 1468 640 1497 tubere
664 1468 765 1507 maiori
793 1469 869 1498 ossis
894 1469 1003 1498 humeri
1038 1471 1190 1505 tendebat,
1211 1472 1246 1500 ad
1273 1473 1426 1509 marginem
1450 1472 1579 1508 superio-

64 1522 125 1544 rem
139 1515 279 1545 *cavitatis
307 1519 442 1555 scapulae
460 1527 524 1548 cum
544 1520 724 1556 pervenerit,
746 1520 840 1556 capite
863 1522 977 1550 humeri
1000 1531 1128 1559 vacuae,
1150 1523 1305 1552 reflectitur
1327 1524 1363 1552 ad
1384 1524 1490 1552 dictum
1508 1531 1581 1552 mar-

66 1565 167 1601 ginem
182 1586 193 1602 ,
210 1567 378 1599 insertionis
393 1577 533 1607 punctum
550 1578 686 1608 secutus,
707 1572 784 1602 unde
808 1572 861 1609 fit,
881 1573 960 1610 quod
985 1574 1135 1604 tendinosa
1154 1583 1220 1611 pars
1241 1583 1307 1604 curn
1329 1575 1449 1604 cavitate
1467 1576 1580 1611 glenoi'-

64 1616 118 1646 dea
137 1620 273 1655 angulum
293 1619 400 1650 formet
418 1629 545 1652 acutum.

102 1661 199 1707 Caput
227 1671 314 1702 breve
333 1673 381 1704 M.
401 1674 532 1713 Bicipitis
558 1676 694 1712 eandem,
717 1685 800 1713 quam
815 1676 1042 1707 memoravimus
1065 1677 1094 1706 in
1118 1677 1256 1707 Coraco—
1261 1677 1420 1713 brachiali,
1441 1677 1576 1707 directio-

62 1728 128 1749 nem
156 1729 290 1758 respectu
316 1724 447 1753 cavitatis
472 1727 638 1762 gleno'ideae
663 1729 812 1765 sequitur,
842 1729 882 1758 ita
905 1736 937 1758 ut
966 1737 1031 1757 cum
1065 1728 1117 1758 illo
1148 1729 1319 1766 humerum,
1347 1729 1446 1758 cubito
1477 1737 1574 1766 parum

63 1770 165 1809 flexo,
195 1779 353 1803 extrorsum
387 1776 503 1814 trahat,
533 1787 592 1814 quo
622 1778 705 1808 etiam
730 1780 885 1810 conferunt
903 1781 953 1811 M.
974 1779 1126 1809 delcoidms
1151 1787 1179 1810 et
1204 1783 1451 1820 supra-spinatus
1471 1782 1532 1818 (23
1544 1781 1573 1817 ).

1494 1832 1575 1861 Lon-

101 1902 187 1945 (19)
213 1906 400 1939 Cooper1.c.
426 1917 453 1943 p.
474 1917 517 1944 41.
543 1912 651 1945 Caspari
679 1915 698 1940 1.
717 1921 743 1941 c.
770 1922 798 1947 p.
818 1922 874 1942 112.
1072 1912 1156 1948 (20)
1183 1915 1290 1948 Caspari
1316 1916 1334 1942 1.
1353 1922 1390 1940 c..

96 1944 182 1983 (2¹)
210 1951 278 1977 Idem
294 1953 482 1987 1-c.p.111.
506 1958 550 1983 ubi
565 1957 638 1985 dicit.
674 1977 692 1992 „
711 1961 791 1986 dieser
808 1959 979 1994 (humerus)
998 1961 1082 1987 erha‘lr
1099 1973 1133 1981 —
1151 1962 1192 1987 ein
1211 1962 1337 1995 Querlage
1354 1963 1417 1988 iiber
1434 1960 1474 1987 die
1492 1961 1571 1988 Sehne

68 1993 112 2020 des
130 1997 321 2029 Subscapularis
338 2000 388 2025 und
407 2001 484 2027 Teres
502 2004 591 2036 major.

100 2039 182 2075 (22)
210 2042 291 2070 Mem.
309 2044 340 2070 de
357 2045 456 2074 l'A.cad
475 2048 571 2082 Royal.
589 2058 643 2080 cet.
667 2058 686 2080 t.
704 2060 729 2085 5.
753 2060 782 2087 p.
798 2054 857 2081 812-

101 2084 181 2121 (23)
209 2090 312 2122 Caspari
340 2092 360 2119 1.
376 2099 401 2120 c.
428 2101 454 2126 p.
478 2101 535 2122 112·

898 2144 964 2174 D2
