1919 2511
337 118 362 150 '4‘
971 115 1170 158 (Ξ)

340 209 571 253 Philosophiae
602 215 634 243 et
660 208 849 242 Mathescos
880 208 915 240 in
946 207 1010 241 hac
1037 207 1220 241 Academia
1248 206 1438 248 Professor,
1471 204 1533 238 sub
1560 205 1660 238 finem
1681 205 1803 238 saeculi

341 265 459 298 decimi
484 266 614 309 septimi
638 264 772 307 habuit,
806 275 910 308 quum
935 265 1006 307 quis
1034 265 1069 297 in
1088 264 1282 298 Facultate
1304 261 1583 305 philosophica,
1614 261 1701 304 quod
1724 267 1806 294 tuuc

340 322 439 364 plane
469 332 593 355 novum
632 327 736 362 esset,
768 321 894 353 solenni
924 332 1031 352 monn
1067 331 1259 353 Mmonum
1299 319 1439 351 summis
1468 317 1510 350 ab
1549 328 1588 350 eo
1619 316 1802 349 honoribus

340 376 530 409 afficeretur
556 378 629 419 (*).
684 379 745 409 Est
780 375 940 409 nimirum
973 387 1012 408 ea
1043 387 1174 419 quoque
1203 386 1275 417 res,
1308 385 1409 418 quam
1446 384 1503 417 ego
1531 384 1621 406 nanc
1653 374 1805 406 omnium

339 433 466 474 primus
496 443 632 474 eorum,
666 434 722 476 qui
751 432 946 475 Theologiae
973 430 1213 475 professionem
1234 432 1268 464 in
1297 431 1362 463 hae
1391 429 1570 462 Academia
1601 435 1804 471 tenuerunt,

340 498 494 531 peragam
509 513 518 530 ,
542 498 627 522 nova
654 488 808 532 quidem,
829 489 864 520 in
887 488 939 519 his
957 492 1042 519 certe
1060 486 1245 530 regionibus
1266 486 1414 519 inaudita
1438 485 1518 528 (†)‚
1542 485 1601 517 sed
1621 491 1670 518 est
1687 485 1806 518 eadem

340 544 559 587 antiquissimi
585 554 677 576 usus.
730 545 806 577 Fuit
838 549 989 586 tempus,
1018 552 1123 586 quum
1149 543 1273 574 summi
1299 541 1334 574 in
1366 541 1542 584 Theologia
1569 540 1711 574 honores
1741 541 1806 575 ad-

338 598 476 631 modum
503 599 692 642 frequenter
723 599 963 632 conferrentur.
1015 601 1055 631 In
1081 598 1259 631 Academia
1284 597 1461 630 Parisiensi
1475 622 1485 639 ,
1518 598 1673 630 omnium
1691 600 1805 630 Euro-

336 663 497 696 paearum
522 656 649 698 prima,
673 655 743 696 vel,
775 654 804 687 si
831 654 958 698 priores
985 653 1180 687 exstiterunt
1202 665 1278 688 vere
1304 655 1349 686 ita
1377 653 1504 695 dictae,
1532 653 1585 685 his
1613 653 1718 686 ferme
1744 664 1807 686 ae-

338 709 443 752 quali,
475 712 543 752 jam
574 712 706 744 saeculo
734 710 862 743 decimo
894 711 989 742 tertio
1016 709 1212 752 Theologiae
1237 712 1397 742 Doctores
1424 710 1551 742 solenni
1580 710 1647 742 ritu
1678 714 1806 742 creatos

338 775 425 806 esse,
450 766 630 799 memoriae
656 766 824 810 proditum
848 771 910 798 est.
967 768 1032 797 Per
1054 766 1116 797 tria
1136 765 1289 807 deinceps
1311 765 1444 798 saecula
1468 771 1500 798 et
1527 766 1616 810 quod
1638 766 1803 807 excurnt,

338 819 436 862 hujus
462 822 596 855 Ordinis
621 825 783 855 Doctores
806 820 896 854 haud
917 821 1057 862 minori,
1088 831 1191 863 quam
1221 821 1362 861 caeteri,
1392 821 1461 853 imo
1488 822 1682 864 plerumque
1705 821 1804 864 paulo

338 878 455 919 majori
478 878 603 911 honore
622 879 767 910 fuerunt.
823 877 890 918 Qui
912 883 1024 909 autem
1046 876 1099 909 his
1123 875 1350 919 temporibu5‚
1373 876 1408 909 in
1431 875 1612 910 Parisiensi
1632 877 1687 912 illa
1713 875 1806 909 aliis-

337 942 421 974 que,
446 943 523 965 cum
546 934 702 974 Gallicis,
733 932 934 965 Britannicis
958 938 1055 976 atque
1083 932 1203 965 Italicis
1218 956 1230 972 ‚v
1257 937 1329 964 tum
1359 933 1458 964 etiam
1481 930 1691 964 Germanicis
1715 942 1804 965 non-

337 988 454 1028 nullis,
477 988 691 1032 'Fheologiam
714 989 814 1021 simul
836 994 868 1021 et
894 987 1141 1031 Philosophiam
1163 987 1400 1020 Scholasticam
1430 986 1690 1030 profitebantur,
1723 988 1804 1031 legi-3

336 1041 399 1075 bus
423 1049 454 1076 et
480 1044 629 1077 formulis
661 1045 900 1077 Ecclesiasticis
924 1044 1082 1078 serviliter
1102 1043 1270 1084 adstricti,
1304 1042 1462 1086 politioris
1485 1042 1701 1075 humanitatis
1726 1048 1801 1078 stu.-

338 1098 391 1131 dia
418 1110 539 1142 parum
565 1100 746 1142 curabant,
772 1101 839 1133 imo
867 1111 944 1134 vero
971 1111 1040 1133 non
1065 1100 1164 1143 pauci
1189 1099 1264 1132 odio
1289 1098 1478 1140 habebant,
1502 1104 1535 1131 et
1556 1099 1692 1132 omnino
1717 1108 1802 1142 sup-

338 1154 480 1198 primere
505 1155 722 1191 conabantur.
780 1157 910 1190 Sensim
935 1164 1013 1191 vero
1037 1155 1138 1189 literis
1163 1154 1414 1199 elegantioribus
1438 1153 1590 1189 restituta
1612 1157 1704 1197 luce,
1738 1166 1798 1188 ea-

1702 1211 1810 1245 dem--⁴

376 1316 430 1359 (³⁸⁸)
452 1316 567 1349 Habita
588 1323 634 1348 cst
648 1318 723 1349 haec
750 1316 848 1348 oratio
871 1316 921 1347 dle
943 1317 1033 1348 tertio
1053 1317 1129 1349 Julii
1150 1319 1223 1349 anni
1243 1330 1388 1350 MDcxcrxy
1414 1331 1511 1363 quum
1534 1321 1678 1352 Jormnes
1703 1319 1798 1357 Gale,

334 1359 541 1392 Londinensis
552 1385 559 1399 ‚
583 1362 705 1392 Artium
721 1360 911 1391 Liberaliun]
927 1361 1072 1403 Magister
1088 1368 1120 1392 et
1132 1362 1352 1405 Philosophiae
1374 1364 1493 1394 Doctor
1513 1370 1678 1394 crearetur.
1725 1364 1801 1393 Post

334 1404 476 1434 Auctoris
499 1416 516 1434 e
540 1404 601 1435 vita
629 1416 788 1436 excessum
815 1417 840 1435 a.
865 1415 988 1435 mnccrx.
1017 1416 1087 1435 eam
1114 1416 1151 1435 ex
1176 1407 1317 1436 omnium
1340 1407 1418 1437 votis
1446 1406 1545 1437 edidit
1570 1407 1617 1437 vir
1645 1417 1801 1444 summuS,

334 1457 550 1477 HERMANNJJS
574 1458 772 1486 Boniinavn,
792 1448 845 1491 qui
860 1449 1071 1490 gravissimam
1086 1454 1117 1479 et
1133 1450 1361 1481 ornatissimam
1377 1451 1491 1492 egregii
1506 1451 1580 1489 viri,
1598 1450 1689 1481 amici
1705 1449 1802 1493 ipsius

335 1491 579 1532 conjunctissimi
591 1516 601 1529 v
615 1491 825 1522 laudationem
847 1491 970 1534 adjecit.

376 1534 431 1575 (†)
454 1534 500 1564 De
525 1534 764 1566 Academiarum
786 1541 961 1566 exterarum
983 1535 1141 1567 nonnullis
1167 1536 1267 1567 obiter
1288 1543 1380 1575 noto,
1403 1549 1428 1567 a.
1448 1548 1582 1567 MDCLVH.
1608 1537 1803 1568 Fridericzmt

334 1576 577 1616 Spanlzemizcm,
601 1578 785 1621 Theologiae
808 1584 882 1609 tnnc
901 1579 934 1609 in
954 1579 1121 1610 Academia
1144 1579 1399 1622 Heidelbergensi
1414 1581 1640 1617 onfcssmem,
1665 1580 1803 1622 primum

335 1619 378 1649 ihi
396 1619 434 1650 ab
451 1620 618 1652 instaurata
634 1621 683 1652 illa
699 1623 907 1653 'Universitate
926 1622 1094 1654 Ductorem
1107 1622 1301 1665 Theologum
1316 1625 1401 1654 More
1418 1624 1571 1665 Majorum
1592 1624 1802 1661 renuntiasse3

335 1662 368 1692 in
391 1663 635 1706 Cantabrigiensi
655 1665 852 1697 Biclzartlmn
875 1666 1067 1704 Bentleium,
1093 1678 1119 1697 a.
1142 1678 1296 1698 Moccxxv.
1321 1673 1442 1710 septem
1464 1667 1556 1698 simul
1578 1667 1614 1697 in
1632 1666 1802 1709 Theologia

334 1705 484 1737 Doctores
503 1713 641 1738 veterum
657 1720 743 1739 more
763 1710 922 1740 creavisse.
969 1709 1083 1740 Habita
1098 1722 1115 1740 a
1134 1711 1238 1752 priore
1255 1711 1314 1741 hoc
1331 1717 1439 1753 agente
1463 1711 1577 1748 oratio⁷
1602 1710 1652 1741 De
1665 1710 1803 1741 Doctore

339 1748 512 1792 Tlieol'ogo,
537 1757 635 1782 exstat
657 1752 689 1782 in
717 1753 854 1794 Operum
879 1755 946 1795 ejus
965 1752 1001 1783 T.
1020 1753 1060 1783 II.
1112 1753 1246 1784 Alterius
1273 1753 1465 1784 oratiuncula
1489 1754 1656 1797 praemissa
1676 1759 1724 1784 est
1743 1753 1803 1784 Te-

335 1793 428 1823 rentii
443 1794 630 1833 Comoediis,
655 1795 745 1826 abeo
762 1796 976 1838 Cantabrigiae
1000 1796 1091 1826 editis
1114 1809 1141 1828 ευ
1162 1797 1250 1839 r726.
1266 1797 1489 1828 Amstelodami
1511 1809 1600 1839 1727.
1646 1798 1699 1828 Jo.
1713 1797 1802 1828 Lazi-

335 1837 453 1866 remeius
474 1837 672 1869 Moslzemius
698 1839 730 1869 in
751 1840 917 1871 Academia
939 1839 1035 1878 Julia,
1067 1840 1130 1870 sive
1151 1840 1411 1879 Helmstadiensi,
1444 1854 1469 1872 a.
1494 1841 1617 1872 circiter
1647 1842 1738 1883 1740.
1770 1840 1803 1871 in

336 1879 532 1910 conferendis
556 1883 683 1913 summis
704 1883 765 1914 ritu
792 1884 919 1926 antiquo
948 1883 981 1913 in
1003 1883 1171 1926 Theologia
1196 1883 1365 1915 honoribus
1380 1909 1387 1923 ‚
1417 1885 1588 1915 orationem
1616 1883 1727 1914 hahuit
1750 1884 1802 1915 De

334 1924 544 1961 caerimoniis,
568 1926 601 1955 in
620 1927 760 1957 creandis
782 1926 812 1957 S.
830 1927 860 1957 S.
883 1926 1070 1969 leeologiae
1086 1926 1277 1959 Doctoribus
1291 1953 1298 1966 ,
1328 1939 1391 1958 zcszc
1408 1929 1441 1958 in
1459 1928 1637 1959 Academiis
1654 1928 1801 1968 receptis,

337 1972 443 1996 contra
469 1968 624 2008 quosdam
649 1980 758 1999 earnm
787 1971 1027 2011 vituperatores.
1079 1970 1188 2001 Exstat
1211 1971 1292 2002 inter
1315 1971 1407 2013 hujus
1434 1971 1491 2002 viri
1517 1971 1699 2009 Orationes,
1728 1981 1804 2013 quas

337 2018 399 2040 una
420 2020 493 2041 cum
508 2009 833 2044 commutationibus-
849 2013 1007 2045 nonnullis
1031 2014 1181 2057 exipsius
1197 2014 1312 2046 chartis
1336 2014 1435 2046 edidit
1457 2016 1491 2047 J.
1514 2015 1555 2046 P.
1579 2015 1686 2046 Miller
1712 2013 1807 2057 1751.
