1919 2511
428 136 657 170 RESPONSIO
689 141 733 167 An
761 135 1072 175 QUAESTIONEM
1098 137 1378 171 LITERARIAM.
1602 149 1655 172 ιη

432 219 540 256 Vides,
560 219 646 256 bone,
666 221 729 257 ait,
749 219 899 257 agrkola,
920 219 993 257 quid
1003 218 1180 258 prffecerint

435 271 495 299 Abs
514 278 541 299 te
561 272 709 299 institutus
728 279 838 305 annus,
858 275 886 298 et
903 269 1011 298 cultum
1030 270 1116 299 solum
1124 278 1137 298 .·

437 322 566 351 Parente
585 328 694 359 semper
711 329 755 350 me
773 320 846 356 tibi,
867 326 895 349 et
912 328 1020 358 semper
1038 327 1092 349 tua

433 371 573 400 Obnoxiis
592 371 634 400 ad
649 378 717 401 vota
737 371 958 410 tempestatibus.

433 423 524 452 Nunc
543 424 568 451 si
584 424 698 461 placet,
720 423 868 453 videamus
886 431 993 451 annum
1013 421 1087 451 hunc
1100 423 1286 461 proximum:

429 472 456 501 T
454 483 473 502 u
492 480 600 510 arato,
620 481 654 503 tu
672 477 802 510 sarrito,
822 481 856 503 tu
876 479 967 502 oceato
987 479 1019 501 ut
1038 472 1125 502 soles:

428 524 481 554 Me
500 527 559 554 sine
578 533 697 564 superne
715 535 832 564 regere,
854 531 882 554 et
901 524 1027 553 arbitrio
1045 532 1106 552 meo

427 575 531 605 Ventos
551 577 642 610 ciere,
663 576 790 605 nubilum
802 597 812 612 ,
834 582 862 604 et
880 575 981 606 sudum
1001 574 1092 604 dare.-

427 625 499 654 Mea
511 625 588 661 faxo
607 625 705 655 videas
724 627 802 655 ratio
821 635 908 663 quam
927 632 1054 663 praestet
1073 632 1152 655 tuae.

429 675 509 705 Haec
524 676 686 715 juppiter,
705 677 754 705 cui
771 686 858 714 quum
878 679 1023 706 annuisset
1044 679 1192 713 rusticus,

429 729 514 758 Anno
534 731 692 767 insequenti
711 738 808 758 versus
827 729 896 759 ordo
913 736 1069 766 temporum

430 779 522 808 Laeto
544 781 662 818 replevit
681 788 774 809 vacua
791 784 931 817 proventu
950 778 1066 807 horrea.

431 830 483 858 Ex
501 830 551 859 illo
570 832 663 860 omisit
682 831 761 860 homo
780 831 841 858 Deo
858 828 1072 867 praescribere,

427 880 553 919 Bonique
571 888 691 918 cuncta,
713 890 785 919 quae
803 880 852 910 iile
865 886 1019 920 praestat,
1040 880 1174 909 consulit.

179 986 314 1015 Rusticus
338 989 367 1012 et
395 982 549 1021 Juppiter.
590 982 716 1019 Egregia
735 982 804 1011 haec
830 981 940 1011 Fabula
954 982 1048 1019 ipsius
1069 989 1187 1017 quoque
1202 980 1304 1011 Fa³5rni
1321 979 1457 1016 videtur,
1478 986 1553 1009 certe
1578 980 1653 1010 inter

139 1037 298 1074 Aesopicas
321 1042 382 1065 non
406 1034 532 1070 legitur,
554 1033 634 1068 quod
655 1032 820 1062 confirmari
840 1033 954 1062 videtur
978 1042 994 1062 a
1023 1031 1190 1062 Debillonio
1215 1031 1250 1059 ad
1279 1030 1340 1059 fab.
1359 1037 1390 1066 5.
1413 1030 1482 1061 Lib.
1500 1031 1571 1061 Vn.

176 1087 332 1118 Conduxit.
373 1085 407 1114 Id
428 1091 472 1114 est
498 1083 631 1113 redemit,
674 1083 795 1120 Saepius
814 1084 872 1113 hoc
892 1092 980 1113 sensu
998 1085 1120 1113 verbum
1142 1081 1296 1112 conducere
1314 1082 1460 1118 occurrit,
1483 1083 1562 1112 velut
1580 1083 1656 1119 apud

141 1139 265 1168 Terent.
280 1136 408 1173 Adelph.
432 1135 501 1164 Act.
521 1136 564 1163 ΙΙ.
587 1133 633 1163 Sc.
652 1142 680 1172 ᾳ.
701 1142 748 1163 vs.
768 1140 818 1169 17.
850 1154 869 1169 „
887 1134 1002 1163 Navem
1019 1133 1207 1169 conductam,
1225 1133 1274 1162 hoc
1286 1133 1375 1163 seio.”
1416 1132 1519 1162 Cicero
1535 1141 1588 1169 pro
1606 1133 1654 1162 M.
1688 1138 1690 1140 “

141 1189 246 1220 Coelio
270 1196 336 1224 cap.
355 1195 386 1223 7.
427 1205 446 1221 ,.,
462 1183 605 1214 Conduxit
635 1185 666 1212 in
691 1184 831 1221 Palatio,
859 1193 915 1214 non
941 1194 1065 1223 magno,
1092 1184 1242 1214 domum.'’
1283 1183 1458 1221 Oppositum
1484 1189 1527 1211 est
1547 1183 1650 1212 locare„

140 1239 234 1270 Conf.
257 1238 333 1267 Ern.
358 1237 389 1266 in
413 1236 466 1267 Cl.
492 1236 558 1266 Cic.
580 1243 653 1265 voce
674 1235 795 1266 conduco
818 1243 847 1265 et
873 1236 928 1266 viri
952 1237 1033 1266 docti
1054 1237 1089 1266 ad
1112 1236 1228 1266 Phaedr.
1249 1234 1319 1264 Lib.
1335 1234 1389 1264 IV.
1414 1233 1473 1263 fab.
1491 1241 1541 1269 24.
1562 1234 1653 1263 vs060

178 1289 241 1327 ,ρμὶ
261 1288 365 1326 templa
386 1302 425 1310 —
452 1288 523 1317 sola.
562 1286 695 1315 Imitatur
713 1286 823 1316 Noster
844 1287 926 1325 Virg.
945 1287 1023 1318 Aen.
1047 1287 1117 1317 Lib.
1134 1287 1189 1320 1V.
1209 1295 1253 1317 vs.
1271 1288 1343 1323 269.

427 1339 489 1377 Ipse
507 1337 601 1367 Deztm
621 1338 675 1367 tibi
693 1347 736 1368 me
754 1340 834 1368 claro
853 1339 981 1368 demittit
1002 1338 1115 1377 Olympo

426 1390 597 1428 Regnator,
617 1390 721 1418 coelum
739 1396 768 1419 et
788 1396 886 1420 terras
903 1392 953 1429 qui
972 1392 1087 1419 numine
1105 1396 1232 1428 torquet.

181 1441 321 1471 Nubilum
341 1446 369 1469 et
384 1440 483 1470 sudum
504 1440 587 1470 dare.
630 1441 702 1470 Scil.
724 1442 851 1471 coelum.
893 1441 960 1471 Cic.
987 1443 1023 1471 ad
1044 1442 1113 1472 Div.
1137 1442 1208 1471 Lib.
1223 1440 1306 1471 XVI.
1331 1448 1398 1476 cap.
1419 1439 1466 1468 18.
1498 1458 1516 1475 „
1534 1439 1650 1468 Horolo-

146 1516 163 1532 „
180 1496 260 1532 gium
287 1493 402 1522 mittam
421 1498 449 1520 et
471 1491 580 1527 libros,
600 1492 625 1520 si
646 1493 705 1520 erit
730 1492 869 1524 sudum.”
908 1495 1027 1523 Plautus
1044 1492 1115 1522 Mil.
1138 1493 1225 1522 Glor.
1251 1492 1319 1521 Act.
1335 1492 1361 1520 1.
1389 1489 1441 1519 Se.
1460 1497 1485 1518 1.
1508 1498 1554 1518 vs.
1576 1498 1607 1519 2.

429 1544 556 1578 Curate,
579 1549 612 1572 ut
630 1543 758 1582 splendor
776 1554 834 1574 meo
853 1547 892 1574 sit
910 1546 1000 1583 clypeo
1019 1543 1146 1578 clarior,

427 1601 518 1633 Quam
537 1594 601 1622 solis
621 1593 703 1622 radii
719 1603 773 1623 esse
791 1596 878 1631 olim,
898 1604 961 1624 cum
981 1593 1081 1623 sudum
1102 1593 1162 1627 Ὦ,
1182 1593 1281 1622 solent.

142 1650 263 1678 sueton.
285 1645 399 1674 Neron.
418 1653 483 1680 cap.
505 1651 551 1681 13.
583 1664 603 1681 „
621 1644 691 1674 Cum
716 1644 855 1675 destinato
877 1652 933 1684 per
958 1644 1078 1674 edictum
1103 1644 1149 1673 dte
1172 1650 1330 1673 ostensurus
1344 1643 1445 1682 populo
1463 1647 1577 1682 propter
1594 1650 1650 1670 nn»

146 1716 173 1732 „⁴
183 1696 268 1725 hilum
288 1696 483 1727 distulissetss’*
524 1727 529 1731 .

392 1874 653 1906 FABULA
709 1875 1161 1906 NONAGESIM'A
1218 1875 1408 1905 NONA.

617 1969 705 1994 LEO,
753 1971 876 1990 LUPUS
924 1972 967 1991 ET
1017 1971 1172 1992 VULPES·

431 2045 559 2083 Aegrum
579 2045 684 2074 leonem
704 2045 901 2084 quadrupedes
917 2046 1056 2082 invisere,

431 2096 562 2126 Cessante
580 2097 639 2126 sola
659 2097 761 2136 vulpe,
772 2098 838 2135 sam
858 2107 947 2127 omnes
967 2099 1093 2127 iverant.

1606 2130 1655 2162 lbi
