1919 2511
289 161 326 192 54
576 149 861 190 JOANNIS
919 149 1234 182 HERMANI
1288 149 1512 183 KROON

466 333 726 365 FABULA
783 333 1332 373 QUADRAGESIMA
1388 333 1604 365 PRIMA.

803 429 894 449 UxoR
932 429 1116 449 SUBMERSA
1151 430 1193 449 ET
1227 430 1296 452 vla.

579 505 636 535 Vir
654 514 763 534 mersae
783 506 881 534 uxoris
900 505 1001 543 rapido
1020 511 1146 534 torrente
1164 505 1289 535 cadaver

578 556 711 586 Adversa
730 556 884 595 quaerebat
904 565 1002 594 aqua:
1023 564 1102 593 quem
1121 557 1209 585 turba
1229 566 1340 586 monere

576 608 689 637 Institit
708 617 879 643 accurrens,
901 614 934 636 ut
952 614 1101 645 quaereret
1121 617 1203 637 amne
1221 609 1348 638 secundo.

575 659 766 697 Nequaquam
778 680 788 695 ,
809 659 857 687 ille
875 659 988 696 inquit:
1007 668 1070 687 mea
1090 661 1163 688 enim
1183 659 1250 689 dum
1269 662 1376 690 viveret
1397 668 1491 696 uxor,

576 710 645 739 Tam
666 719 774 739 morosa
785 709 870 747 fuit,
889 717 949 739 tam
969 711 1092 739 aliorum
1111 719 1217 751 semper
1234 713 1387 742 abhorrens

581 763 711 793 IWoribus
731 772 765 793 ac
776 764 890 801 factis,
913 769 944 792 ut
964 773 1038 791 nunc
1057 772 1162 801 quoque
1181 769 1294 792 mortua
1314 762 1374 792 labi

575 814 687 844 Debeat
705 814 786 844 hand
804 815 914 852 aliter,
934 824 1020 853 quam
1045 814 1168 844 adversa
1181 813 1311 852 fluminis
1333 814 1424 843 unda.

579 915 696 946 Morosa
715 921 741 944 et
760 915 864 946 discors
883 916 929 946 vel
945 921 1059 945 mortua
1079 915 1178 952 litigat
1197 923 1283 944 uxor.

330 1021 409 1050 Uxor
435 1018 575 1048 submersa
595 1025 622 1047 et
644 1017 711 1047 Vir.
752 1017 867 1047 Festiva
886 1018 955 1047 haec
979 1017 1088 1047 Fabula
1108 1016 1202 1052 ipsius
1225 1017 1325 1047 Fa'e'rni
1346 1024 1408 1047 esse
1434 1015 1569 1050 videtur,
1590 1022 1605 1043 a
1626 1022 1684 1050 quo
1705 1023 1800 1044 recen-

292 1071 379 1101 tiores
404 1078 463 1099 eam
485 1069 699 1098 desumserunt.
739 1068 827 1097 Certe
847 1068 924 1098 inter
945 1075 1057 1098 veteres
1083 1067 1245 1097 fabularum
1265 1067 1453 1097 collectiones
1477 1065 1584 1095 frustra
1603 1065 1761 1101 quaeritur.

329 1122 459 1152 Adversa
477 1129 564 1159 aqua.
605 1119 654 1149 Sic
668 1117 784 1149 adverso
796 1119 914 1156 flamine
931 1119 1137 1157 virg.Georg.
1148 1119 1174 1150 1.
1191 1128 1237 1151 vs.
1255 1127 1324 1150 201.
1339 1125 1367 1148 et
1384 1117 1456 1148 Liv.
1472 1115 1541 1147 Lib.
1552 1115 1660 1146 XXIV.
1677 1123 1799 1153 cap.40.

329 1177 419 1205 Amne
445 1173 571 1204 secundo.
612 1172 697 1210 Virg.
716 1173 828 1210 Georg.
848 1172 917 1202 Lib.
936 1172 989 1202 111.
1010 1180 1058 1201 vs.
1075 1179 1144 1209 447.

888 1222 1005 1263 udisque
1023 1224 1101 1253 aries
1119 1223 1150 1250 in
1166 1223 1285 1260 gurgite
1303 1222 1380 1252 villis

434 1315 436 1317 ,
614 1275 789 1312 Mersatnr‚
810 1276 965 1314 missusque
983 1273 1101 1304 secando
1120 1272 1218 1312 defluit
1237 1275 1317 1303 amni

291 1332 332 1363 sic
347 1331 433 1369 fluvio
454 1326 570 1359 secundo
590 1325 666 1375 fflen.⁶
685 1326 756 1357 Lib.
773 1325 841 1357 VII.
863 1335 909 1357 vs.
929 1335 1002 1365 494.

430 1510 689 1544 FABULA
746 1506 1293 1548 QUVADRAGESIMA
1351 1504 1668 1537 SECUNDA.

792 1605 941 1626 rzzzs
993 1604 1044 1625 εἰ·
1095 1602 1294 1624 cantus.

583 1683 779 1723 Comprensam
792 1682 867 1720 feles
882 1681 995 1721 gallum
1015 1689 1101 1719 quum
1119 1680 1239 1710 tradere
1257 1680 1352 1709 ‘ventri

577 1734 686 1771 Jejuno
702 1735 785 1764 vellet
797 1754 809 1770 ,
823 1735 900 1771 jure
921 1740 954 1762 ut
965 1732 1068 1769 fecisse
1086 1730 1180 1761 videri

579 1784 674 1814 Posset
685 1806 696 1822 ,
715 1792 743 1814 et
761 1785 834 1814 hanc
853 1792 959 1815 noxam
979 1785 1067 1823 specie
1085 1784 1194 1814 velaret
1212 1783 1322 1812 bonesti
1333 1801 1345 1817 ,

588 1836 749 1867 Accusabat
768 1846 849 1874 eum,
871 1835 947 1876 qaod
960 1836 1097 1876 pervigili
1115 1842 1201 1874 atque
1221 1834 1330 1864 molesto

577 1887 720 1918 Turbaret
739 1895 909 1919 nocturnam
929 1887 1072 1917 hominum
1090 1887 1214 1916 clamore
1231 1887 1363 1924 quietem.

577 1940 753 1978 Defendente
771 1941 842 1978 illo,
861 1950 889 1970 se
907 1949 936 1970 se
956 1940 1096 1969 utilitatis
1114 1946 1210 1968 eorum

581 1991 620 2021 Id
634 2001 735 2023 caussa
746 1992 869 2030 facere,
891 1999 923 2022 ut
943 1993 1044 2022 moniti
1064 1990 1246 2022 adventantis
1265 1987 1323 2018 Eoi

581 2043 635 2073 Ad
649 2054 703 2074 sua
721 2046 835 2083 quisque
854 2051 969 2085 operum
988 2043 1088 2074 studia
1106 2040 1262 2072 exercenda
1281 2037 1410 2069 redirent
1421 2059 1432 2074 ‚

579 2093 664 2125 Hunc
683 2104 798 2126 rursum
817 2097 842 2125 is
862 2103 987 2127 naturae
1005 2096 1128 2132 hostem,
1148 2091 1323 2132 infandoque
1341 2097 1468 2121 sororum

1737 2136 1805 2165 Con-
