1919 2511
268 154 307 209 γὸ
527 171 815 211 JOANNIS
874 169 1187 201 HERMANI
1245 168 1500 203 KRO0N⁷

556 256 647 293 Quum
668 257 785 285 securim
805 255 835 283 in
855 263 936 282 amne
956 262 1062 283 mersus
1082 254 1226 283 extulisset
1246 263 1365 284 auream
1377 275 1387 291 ,

554 306 695 335 Haeccine
714 313 753 334 est
773 312 825 334 tua
837 326 847 341 ,
869 306 981 334 amice?
1001 303 1096 341 dixit,
1118 312 1177 334 tum
1197 306 1245 334 ille
1265 312 1338 335 totus
1355 307 1494 343 gestiens,

554 357 632 385 Haec
652 366 713 385 mea
732 361 792 395 ipsa
804 379 811 389 ,
833 358 898 391 ait,
915 356 1039 395 profecto
1059 363 1118 392 est,·
1139 357 1206 385 haec
1225 365 1287 385 mea
1305 357 1367 394 ipsa
1385 357 1536 394 ipsissima.

558 408 642 435 Hanc
661 408 738 436 Dens
759 413 870 435 tantam
885 415 1001 445 perosus
1022 408 1138 435 hominis
1157 407 1382 446 impudentiam,

559 457 684 485 Tradere
704 466 823 485 auream
844 459 961 486 securim
982 467 1036 487 non
1055 459 1195 487 recusavit
1216 457 1313 493 modo,

557 507 692 536 Ferreum
712 507 762 535 sed
778 507 896 536 reddere
916 509 961 537 illi
978 510 1130 548 propriam
1150 509 1206 547 ejus
1226 509 1326 538 noluit.

557 609 620 645 Qui
641 608 738 636 Ionum
758 610 852 638 colunt
872 616 897 638 et
918 619 1036 648 aequum
1057 618 1135 649 saepe
1154 610 1230 639 ditat
1250 611 1297 639 hos
1319 609 1395 640 Deus
1409 621 1419 637 :

556 660 764 690 Fraudulentos
785 660 973 700 improbiusque
992 669 1070 701 saepe
1088 668 1188 702 contra
1204 668 1362 700 pauperat.

313 761 454 798 Lignator
471 768 496 789 et
517 761 692 789 Mercurius.
734 762 813 791 Coll.
843 762 925 798 vulg.
952 762 1013 792 No.
1028 771 1077 798 44.
1104 763 1184 792 Flor.
1209 762 1272 791 No.
1294 769 1359 797 127.

310 811 434 848 Propter
456 820 574 841 amnem.
616 814 659 841 Ita
683 813 851 847 plerumque
870 814 900 843 τὸ
915 819 1033 851 propter
1051 813 1249 848 construitur,
1275 821 1325 848 per
1342 811 1456 848 ellipsin
1473 812 1696 849 praepositionis
1714 813 1756 842 ad
1762 825 1774 849 ‚-

280 871 308 890 ν.
326 870 352 891 c.
369 863 445 898 apud
462 862 560 891 Cicer.
581 863 609 891 in
624 862 734 896 Bruto,
759 872 822 900 cap.
836 864 864 894 6.
896 885 913 899 „
921 871 1039 902 propter
1055 864 1182 893 Platonis
1199 870 1324 892 statuam
1342 862 1509 891 consedimus
1521 863 1540 875 ”
1562 870 1590 891 et
1608 864 1691 901 Vis-g.
1709 864 1776 894 Ecl.

277 913 302 939 V
308 912 359 941 lli.
387 921 432 941 vs.
454 915 500 949 87.
534 933 551 948 ,.,
570 914 690 951 Propter
715 923 807 951 aquae
831 917 925 944 rivum
943 915 1034 945 viridi
1051 912 1210 955 procumbit
1229 916 1261 943 in
1284 915 1391 943 arvo.'’
1431 914 1476 943 Re
1497 921 1591 943 tamen
1619 923 1684 943 vera
1707 915 1778 943 illud

270 971 388 1002 propter
415 973 476 992 esse
507 965 670 993 adverbium
702 972 878 994 contractum
897 975 931 995 ex
946 968 1077 1005 propiter
1108 967 1215 1004 optime
1241 964 1374 1002 probavit
1402 965 1601 1001 exemplisque
1622 965 1778 993 illustravit

269 1015 331 1052 Juc.
358 1015 525 1044 Perizonius
550 1016 584 1043 ad
608 1016 707 1045 Sauct.
736 1016 866 1048 Minerv.
890 1018 961 1047 Lib.
976 1018 1002 1047 Ι.
1028 1027 1092 1054 cap.
1111 1028 1141 1054 4.
1168 1018 1230 1046 No.
1253 1027 1280 1047 1.
1311 1025 1378 1053 pag.
1403 1024 1469 1053 145.

312 1066 465 1095 Urinatus.
507 1066 536 1095 In
560 1076 660 1102 aquam
682 1076 712 1095 se
741 1077 881 1105 mergens.
930 1070 1011 1098 Hanc
1034 1075 1126 1097 autem
1154 1074 1240 1096 artem
1269 1075 1330 1095 sese
1354 1067 1499 1103 mergendi
1531 1073 1558 1095 et
1585 1075 1619 1095 ex
1643 1075 1779 1102 aquarum

274 1117 365 1145 fundo
382 1125 426 1144 res
449 1117 611 1152 deperditas
634 1118 790 1147 extollendi
811 1118 973 1154 antiquitus
999 1120 1080 1148 multi
1100 1119 1233 1148 calluisse
1251 1118 1404 1153 videntur,
1426 1125 1510 1153 quam
1535 1117 1583 1152 qui
1612 1119 1779 1148 exercebant

274 1169 434 1194 minatores
459 1167 646 1203 dicebantur,
677 1176 813 1204 quorum-
827 1168 974 1197 hominum
996 1170 1096 1204 pulcra
1119 1175 1162 1198 est
1182 1168 1338 1204 descriptio
1361 1167 1436 1204 apud
1465 1166 1618 1197 Manilium
1649 1167 1718 1197 Lib.
1737 1168 1777 1200 V.

273 1226 318 1246 vs.
343 1217 411 1254 428.

560 1271 621 1299 Illis
641 1272 672 1298 in
686 1279 771 1309 ponto
783 1273 943 1309 jucundum
963 1282 1005 1305 est
1021 1284 1159 1315 quaerere
1178 1279 1293 1313 pontum
1305 1293 1316 1308 .,

560 1320 687 1359 Corpora
707 1325 758 1360 qui
778 1332 913 1362 mergunt
933 1325 1037 1362 undis4
1058 1327 1202 1364 ipsumque
1222 1324 1272 1353 sub
1292 1323 1385 1352 antris

558 1373 657 1401 Nerea
669 1393 680 1409 ,
700 1381 726 1402 et
746 1384 898 1412 aequoreas
916 1385 1057 1406 conantur
1076 1378 1164 1406 visere
1183 1374 1316 1411 nymphas
1329 1393 1339 1409 ,

556 1422 777 1462 Expertautqne
796 1429 886 1455 maris
901 1428 1025 1466 praedas
1045 1435 1072 1457 et
1093 1433 1180 1465 rapta
1199 1424 1340 1464 prOfW'dO

556 1472 725 1511 Naufragio
745 1482 830 1513 atque
847 1478 920 1505 imas
939 1478 1020 1507 avidi
1038 1484 1207 1507 scrutantur
1227 1484 1344 1504 arenas.

312 1522 482 1560 Expiscatus
503 1529 553 1551 est.
595 1523 626 1551 Id
653 1532 696 1552 est
721 1526 881 1564 quaesivit,
904 1530 1073 1566 exploravit.
1129 1529 1195 1558 Cic.
1221 1529 1255 1557 ad
1280 1528 1398 1557 Divers.
1419 1526 1489 1556 Lib.
1507 1527 1560 1556 IX.
1598 1531 1716 1565 „nescio
1735 1539 1776 1558 me

276 1596 293 1610 „
315 1576 350 1602 ab
368 1575 416 1603 illo
435 1575 528 1603 omnia
549 1577 756 1613 expiscatum.'’

312 1625 380 1653 Viri
395 1641 430 1647 -—
452 1626 595 1663 simplicis.
636 1627 667 1655 ld
686 1635 730 1657 est
750 1631 881 1666 candidi,
904 1632 1025 1670 sinceri,
1050 1641 1107 1668 quo
1131 1641 1218 1661 sensu
1237 1632 1350 1668 saepius
1372 1631 1448 1667 apud
1469 1629 1565 1658 Cicer.
1584 1630 1728 1665 occurrit,
1745 1639 1773 1661 v.

274 1685 300 1704 c.
328 1676 362 1703 de
385 1675 482 1704 Amic.
512 1684 578 1711 cap.
598 1676 644 1706 18.
687 1699 704 1713 ‚,
729 1680 885 1718 Simplicem
913 1690 1065 1722 praeterea
1079 1704 1088 1717 ,
1118 1691 1144 1712 et
1168 1692 1337 1712 communem
1365 1689 1391 1709 et
1413 1682 1623 1709 consentientem
1650 1695 1687 1702 —
1711 1681 1779 1718 eligi

276 1746 294 1760 Ἡ
310 1733 370 1763 par
392 1725 461 1753 esst'
491 1732 518 1753 et
546 1725 616 1757 Lib.
631 1727 656 1756 Ι.
684 1729 718 1757 de
739 1730 800 1759 Off.
826 1740 891 1768 cap.
916 1741 964 1769 30.
999 1754 1017 1768 „
1032 1741 1096 1761 sunt
1125 1734 1167 1761 ln‘s
1194 1732 1342 1769 (versutis
1371 1738 1398 1759 et
1422 1731 1556 1765 callidis)
1580 1732 1634 1759 ulie¹
1655 1733 1773 1760 multum

277 1798 295 1811 ‚‚
315 1777 462 1814 dispares,
483 1777 616 1813 simplices
645 1784 671 1805 et
693 1781 825 1816 aperti.”
853 1782 1030 1820 Simplicibus
1048 1791 1139 1811 aurem
1165 1789 1355 1818 opponuntur
1382 1782 1547 1818 multiplices
1571 1789 1601 1809 ut
1628 1783 1703 1817 apud
1725 1783 1777 1811 Ci-

273 1837 333 1856 cer.
353 1829 373 1855 l.
396 1826 491 1855 Amic.
517 1828 537 1855 1.
571 1847 588 1862 „
608 1837 693 1866 neque
708 1831 780 1858 enim
791 1830 880 1866 fidum
903 1839 991 1870 potest
1010 1843 1063 1863 esse
1081 1834 1229 1871 multiplex
1243 1835 1385 1870 ingenium
1406 1840 1433 1862 et
1452 1834 1640 1863 ιονιικοςωη,υ
1681 1834 1771 1863 Conf.

273 1879 389 1908 Ernesti
409 1878 437 1906 in
458 1877 528 1906 clavi
550 1879 689 1909 Cice-on.
710 1882 831 1911 vocibus
849 1885 967 1922 simplex
985 1892 1012 1913 et
1034 1886 1193 1923 multiplex.

314 1931 469 1967 Ipsisstma.
514 1930 606 1958 Habet
628 1939 659 1958 ex
680 1931 782 1961 Plauto
803 1934 830 1962 in
854 1934 936 1965 Trin.
957 1938 1025 1967 Act.
1043 1939 1097 1966 lV.
1121 1938 1170 1966 Sc.
1188 1947 1218 1965 2.
1239 1945 1283 1965 vs.
1300 1936 1349 1972 46.

462 1980 561 2019 Ipsus,
581 1983 717 2019 inquam,
740 1983 905 2013 Charmides
925 1996 996 2016 sum.
1019 2004 1052 2009 —
1072 1988 1153 2024 Ergo
1173 1989 1283 2024 ipsusne
1302 1988 1353 2015 es?
1375 1976 1599 2024 —‘lpsissimns.

274 2032 370 2068 Auget
389 2040 458 2060 vero
479 2032 609 2061 Faernus
631 2034 765 2064 dictionis
787 2035 969 2067 festivitatem
990 2039 1093 2068 addens
1114 2041 1188 2076 ipsa.

1699 2179 1776 2207 FA-
