1919 2511
4 2080 9 2243 z

7 2267 14 2511 ἱ

399 168 629 202 RESPONSIO
656 177 700 200 AD
728 166 1042 208 QUAESTIONEM
1066 166 1290 201 PHYSICAM.
1568 180 1602 203 11

84 263 160 293 aqua
174 255 207 285 fit
225 253 400 291 insolubile,
422 254 552 290 adeoque
574 252 752 290 impeditur,
776 250 835 288 quo
858 252 952 281 minus
970 251 1018 280 illa
1038 250 1142 280 fertilis
1163 257 1254 280 terrae
1276 257 1342 286 pars
1356 270 1367 286 ,
1389 258 1461 287 aqua
1486 253 1600 289 soluta,

86 309 247 345 plantarum
275 306 362 335 intret
385 306 508 335 radices.
547 305 639 343 Quod
661 310 755 333 autem
776 303 811 332 de
827 303 936 332 salibus
956 302 1105 332 metallicis
1130 302 1276 337 diximus,
1298 301 1370 329 idem
1399 303 1474 331 valet
1496 304 1529 331 de
1549 304 1603 340 hy-

87 358 228 395 drogenio
250 356 404 386 sulfurato.
444 356 511 386 Hoc
535 356 610 386 enim
637 355 720 384 etiam
741 361 898 384 extractum
917 363 952 383 ex
968 354 1114 384 solutione
1129 354 1159 384 in
1178 361 1252 389 aqua
1271 361 1407 389 praeceps
1431 354 1533 389 datur,
1554 362 1602 383 ne·

87 417 145 444 que
172 407 236 437 dein
263 408 296 437 ab
319 417 351 437 ea
381 416 481 437 rursus
506 407 616 445 suscipi
644 413 754 444 potest.
800 407 847 436 Ex
872 415 930 442 quo
953 405 1169 442 experimento,
1194 404 1318 440 primum
1345 403 1427 432 etiam
1449 405 1484 433 ab
1506 405 1604 434 eodem

85 457 191 488 Kortio
216 459 283 496 (1)
312 458 469 495 instituto,
496 466 527 489 et
553 469 569 489 a
596 467 641 488 me
670 458 769 487 eodem
794 463 900 487 eventu
928 456 1074 493 repetito,
1103 455 1239 492 explicari
1271 461 1368 491 potest
1392 462 1528 484 constans
1554 456 1603 485 illa

86 508 274 546 observatio,
296 510 377 539 humi
405 520 439 541 ex
465 511 538 540 locis
564 518 678 546 semper
703 508 827 537 humidis
850 509 896 537 vel
920 507 1076 545 paludibus
1103 507 1250 537 desumtae
1267 507 1410 536 tantillum
1425 515 1498 542 aqua
1516 515 1603 543 posse

84 558 174 589 solvi.
224 559 337 589 Scimus
370 563 444 589 enim
476 561 616 598 ejusmodi
641 561 759 597 paludes
786 560 908 588 multum
938 558 1068 587 exhalare
1090 557 1260 595 hydrogenii
1285 557 1438 594 sulfurati3
1463 564 1492 586 et
1518 566 1604 594 quare

85 609 152 639 talis
172 609 278 639 humus
306 611 472 648 saepissime
493 612 562 641 adeo
584 612 623 640 sit
647 610 802 646 infertilis,
826 618 861 639 ex
880 609 944 639 aliis
961 609 1070 640 caussis
1083 629 1094 646 ,
1116 609 1230 647 egregie
1245 615 1339 638 tamen
1356 618 1392 639 ex
1410 609 1497 647 hujus
1520 609 1603 638 etiam

88 659 120 689 in
138 659 221 689 humi
241 668 395 691 extractum
417 663 530 692 actione
550 663 686 699 explicari
706 667 816 699 potest.

124 704 281 741 Enimvero
297 713 388 743 veluti
406 714 515 743 salibus
534 713 684 743 metallicis
704 719 733 742 et
749 711 930 749 hydrogenio
948 711 1112 747 sulfurato,
1134 711 1176 741 sic
1196 710 1277 740 etiam
1299 711 1359 740 acre
1379 711 1466 748 hujus
1485 710 1605 740 extracti

85 762 194 792 solutio
213 770 338 793 mutatur
357 773 390 793 ac
407 765 551 794 turbatur.
589 764 706 801 Nempe
728 772 793 792 cum
813 763 870 792 aeri
888 756 1078 799 exponaturJ
1090 763 1194 791 humor
1212 762 1340 792 tunicula
1360 762 1477 799 quadam
1496 761 1608 798 obtegi-

83 819 151 850 tur,
173 822 244 850 quae
269 817 461 845 concutiendo
489 815 555 844 dein
580 815 674 852 cadit,
697 821 726 844 et
755 821 911 843 extractum
941 821 1002 850 est;
1028 814 1106 849 quod
1128 814 1347 850 phaenomenon
1371 813 1479 842 tamdiu
1504 813 1606 841 obser-

83 870 186 899 vatur,
207 866 343 900 quamdiu
360 875 432 901 aqua
460 872 617 895 extractum
643 867 771 895 solutum
796 871 875 894 tenet
901 865 986 902 (2).
1027 865 1117 902 Quoi
1143 865 1177 893 de
1203 864 1283 893 humi
1308 872 1433 893 extracto
1461 863 1604 892 Thaetius

83 921 114 944 et
137 915 291 944 Einhofius
316 916 514 952 scripserunt,
542 925 596 953 ego
622 917 706 945 etiarn
730 915 803 945 vidi.
854 916 900 944 De
926 917 1086 951 plantarum
1111 922 1204 944 autem
1231 915 1364 944 extractis
1400 923 1472 950 aqua
1500 914 1605 942 solutis

83 965 158 994 idem
181 967 237 1004 Jam
259 966 463 997 observaverat
479 974 507 996 et
526 968 663 996 docuerat
686 967 872 1002 Fourcroyus
893 963 908 997 (
920 969 976 1005 3).
1017 965 1071 994 Uti
1094 974 1162 1002 ergo
1181 974 1279 995 omnes
1306 965 1482 995 conveniunt
1498 965 1528 993 in
1548 973 1603 999 eo,

86 1022 119 1045 ut
143 1016 216 1046 hanc
242 1018 361 1046 extracti
386 1018 572 1047 mutationem
592 1017 757 1046 adscribant
781 1016 852 1045 aeris
880 1016 1043 1053 oxygenio,
1073 1016 1114 1045 sic
1137 1016 1313 1046 dissentiunt
1336 1017 1371 1045 de
1393 1016 1520 1050 ratione,
1550 1024 1606 1051 qua

86 1067 261 1104 oxygenium
282 1068 312 1097 in
328 1074 485 1097 extractum
510 1069 550 1097 ita
567 1074 643 1105 agat.
682 1067 758 1096 Nam
782 1066 830 1096 alii
853 1067 962 1096 hancce
990 1067 1108 1097 extracti
1132 1067 1399 1104 praecipitationem
1424 1067 1486 1096 fieri
1509 1066 1606 1095 existi-

81 1124 180 1154 mant,
203 1118 337 1154 quoniam
354 1119 526 1156 oxygenium
545 1128 577 1148 se
593 1118 650 1155 ipsi
675 1124 802 1147 extracto
826 1118 923 1156 jungit
943 1118 1031 1156 (4);
1053 1118 1100 1147 alii
1122 1119 1178 1148 hoc
1204 1119 1424 1155 phaenomenon
1447 1118 1489 1147 sic
1515 1117 1609 1154 expli-

84 1169 207 1206 carunt,
227 1177 260 1199 ut
279 1170 438 1199 scriberent
461 1169 635 1207 oxygenium
658 1169 785 1205 arripere
813 1169 931 1198 extracti
955 1168 1123 1197 carboniutn
1144 1176 1173 1198 et
1195 1170 1237 1198 sic
1261 1169 1353 1198 facere
1370 1169 1481 1198 acidum
1504 1169 1606 1198 carbo-

83 1220 202 1257 nicum‚
231 1228 260 1250 et
274 1220 454 1258 hydrogenio
477 1227 505 1250 et
523 1220 667 1257 oxygenio
686 1220 815 1257 iunctis,
837 1228 939 1255 aquam
960 1218 1099 1254 formari,
1119 1220 1196 1248 unde
1214 1220 1334 1249 extracti
1348 1220 1471 1256 partium
1486 1222 1609 1257 copula·

85 1272 167 1302 tione
188 1278 314 1308 mutata,
335 1272 392 1301 hoc
409 1281 468 1301 non
485 1271 594 1301 diutius
615 1271 650 1300 ab
669 1279 743 1307 aqua
768 1271 815 1300 vel
832 1270 942 1307 suscipi
965 1271 1011 1299 vel
1029 1269 1146 1299 retineri
1166 1276 1280 1307 posset.
1322 1270 1404 1300 Hanc
1427 1277 1521 1300 autem
1541 1280 1606 1300 sen-

86 1322 203 1352 tentiam
218 1322 305 1352 novis
327 1322 528 1359 experimentis
543 1321 679 1359 probavit
695 1320 865 1350 Saussurius
883 1323 969 1359 (5),
990 1328 1018 1350 et
1042 1321 1136 1351 bacin
1159 1330 1189 1350 re
1206 1321 1376 1351 Einhofium
1393 1322 1459 1359 (6)
1480 1331 1602 1351 consen-

85 1373 202 1404 tientem
226 1373 324 1402 habet.
363 1373 404 1403 Et
421 1382 518 1402 revera
543 1382 607 1402 cum
633 1382 737 1410 operae
761 1372 901 1409 praetium
924 1372 1071 1401 videretur
1088 1379 1116 1402 et
1133 1372 1185 1401 hac
1210 1373 1244 1401 de
1270 1382 1301 1401 re
1325 1372 1475 1402 instituere
1495 1373 1606 1410 experi-

84 1431 202 1462 menta,
229 1426 301 1454 duas
330 1433 480 1461 campanas
514 1424 626 1460 sumsi,
658 1432 778 1460 quarum
803 1425 918 1452 alteram
940 1423 1002 1452 aere
1024 1423 1205 1461 hydrogenio
1230 1425 1345 1453 alteram
1370 1425 1433 1453 aere
1462 1424 1606 1461 oxygenio

85 1475 226 1513 implevi,
254 1482 283 1504 et
317 1474 347 1504 in
378 1475 501 1510 utraque
530 1475 617 1511 posui
644 1481 802 1503 extractum
835 1473 915 1502 humi
943 1483 1017 1510 aqua
1047 1476 1194 1511 solutum,
1223 1482 1309 1511 atque
1336 1475 1479 1511 reliquum
1513 1476 1607 1504 aerem

85 1535 161 1563 aqua
190 1526 371 1564 purissima,
400 1532 429 1554 et
462 1532 528 1554 ante
554 1525 780 1562 experimentum
812 1526 923 1554 nullum
956 1525 1030 1554 acidi
1058 1525 1206 1555 cai-bonici
1242 1526 1381 1554 indicium
1409 1532 1607 1562 monstrante,

89 1577 210 1607 exclusi.
251 1577 323 1606 Post
345 1577 457 1613 aliquot
478 1577 540 1606 dies
566 1586 639 1613 aqua
665 1578 694 1606 in
716 1585 902 1613 companam,
927 1585 1000 1612 quae
1027 1577 1171 1614 oxygenio
1196 1577 1314 1613 impleta
1338 1582 1415 1613 erat,
1442 1578 1606 1614 paullulum

87 1628 295 1664 adscenderat,
317 1634 346 1657 et
366 1627 477 1663 aliquid
498 1628 618 1657 extracti
635 1635 694 1657 erat
710 1627 887 1664 depositum.
927 1628 963 1657 In
982 1629 1069 1657 altera
1095 1634 1188 1656 autem
1211 1627 1390 1664 hydrogenio
1415 1628 1532 1664 impleta
1558 1636 1608 1657 ne-

92 1687 149 1717 que
168 1679 226 1710 hoc
244 1687 340 1716 neque
359 1678 432 1708 illud
455 1678 609 1709 observavi
616 1687 628 1716 ;
649 1679 780 1708 humoris
807 1685 918 1714 tamen,
939 1679 1051 1708 scilicet
1071 1679 1191 1709 extracti
1203 1679 1360 1709 solutionis
1373 1698 1385 1715 ‚
1404 1679 1476 1708 odor
1495 1679 1607 1715 aliquo-

1548 1737 1611 1760 mo-

118 1813 136 1848 (
148 1821 160 1842 1
177 1812 194 1848 )
209 1813 275 1841 Vid.
292 1812 376 1839 Korte
392 1814 411 1840 1.
428 1814 449 1840 l.
469 1820 531 1847 pag.
546 1820 590 1847 93.

124 1858 192 1894 (η)
208 1860 271 1887 Vid.
288 1859 409 1885 Saussure
426 1860 481 1888 1.1.
507 1868 535 1893 p.
551 1867 608 1894 ¹72·
643 1859 750 1887 Einhof
770 1862 797 1887 in
819 1860 952 1888 Hermbst.
968 1859 1089 1888 'Archiw
1111 1861 1144 1888 B.
1161 1860 1198 1888 11.
1222 1867 1281 1893 pag.
1295 1866 1353 1893 344.
1379 1861 1405 1886 in
1429 1860 1531 1895 Journal
1556 1866 1608 1887 von

92 1904 204 1934 Gehlen.
222 1907 254 1933 B.
271 1907 319 1934 VI.
339 1914 400 1939 pag.
414 1912 475 1940 377.
509 1906 607 1932 Thaer.
625 1907 677 1939 Op.
695 1907 763 1934 land.
781 1908 816 1933 B.
832 1908 869 1934 11.
886 1914 946 1940 pag.
961 1914 1019 1935 110.
1054 1908 1154 1934 Crome
1171 1908 1192 1935 1.
1208 1908 1226 1934 1.
1244 1914 1304 1939 pag.
1319 1906 1381 1939 361.

126 1951 144 1986 (
155 1954 194 1986 3)
213 1952 274 1979 vid.
292 1953 427 1984 Fourcroy
444 1954 469 1978 in
487 1953 599 1978 Annales
617 1952 650 1978 de
671 1953 774 1979 Chimie
792 1959 856 1981 tom.
872 1953 906 1980 V.

126 1997 143 2030 (
152 1997 196 2032 4)
214 1998 275 2025 Vid.
291 1999 439 2031 Fourcroy‚
458 1999 511 2031 Op.
528 1998 596 2025 laud.

128 2043 192 2077 (5)
209 2045 271 2071 Vid.
286 2045 411 2071 Saussure
428 2046 447 2072 l.
464 2046 482 2071 1.
501 2052 560 2077 pag.
579 2044 626 2077 136
643 2049 667 2071 et
684 2051 761 2079 seqq.

131 2089 176 2124 (6
185 2089 203 2124 )
221 2090 282 2118 Vid.
301 2091 411 2118 Einhof.
427 2092 453 2117 in
470 2093 523 2124 Op.
540 2089 608 2118 laud.
