1919 2511
326 135 359 162 18
855 132 1273 163 ADNOTATIO',

327 220 389 249 dem
414 219 574 249 dominatur
596 220 624 250 in
648 221 792 257 Populum
817 229 920 257 suum,
951 229 1009 256 quo
1034 220 1099 257 ipse
1124 220 1153 249 in
1184 221 1369 250 coronatione
1403 222 1456 250 sua
1483 222 1517 250 ad
1541 222 1611 258 legis
1643 230 1711 252 suae
1738 224 1796 253 ob·

328 274 496 302 servantiam
520 273 684 310 astringitur
704 279 899 308 sacrament03
924 271 1003 308 quod
1027 270 1127 307 Reges
1145 271 1258 306 quidam
1282 272 1401 308 Angliae
1421 281 1502 309 aegre
1520 272 1660 309 ferentes,
1687 281 1792 310 putan-

329 330 372 352 tes
400 324 522 359 proinde
551 333 582 353 se
611 333 670 353 non
699 324 787 352 libere
809 323 947 352 dominari
972 323 1001 351 in
1027 322 1186 358 SubditOS,
1216 329 1246 352 ut
1266 323 1374 353 faciunt
1397 324 1493 360 Reges
1526 326 1656 361 regalrter
1680 332 1788 354 tantum

328 373 545 410 principantes,
577 375 627 410 qui
657 375 736 411 Lege
768 374 877 408 Civili,
909 380 936 402 et
963 373 1114 409 potissime
1140 374 1282 410 praedicta
1312 375 1383 412 legis
1406 376 1486 404 illius
1507 377 1633 404 Maxima
1660 378 1791 412 regulant

328 425 443 455 Plebem
470 435 568 462 suam,
599 436 656 462 quo
681 427 737 462 ipsi
761 427 795 455 ad
822 435 919 454 eornm
942 425 1056 454 libitum
1078 426 1145 463 Jura
1170 432 1296 458 mutant,
1317 435 1391 455 nova
1414 428 1564 460 condunt,
1586 436 1692 463 poenas
1717 427 1795 456 infli-

328 482 400 511 gunt
433 483 461 504 et
487 485 570 505 onera
598 477 749 513 imponunt
779 477 909 505 Subditis
945 476 1028 512 suis;
1058 476 1185 513 propriis
1216 486 1332 512 quoque
1365 478 1510 512 arbitriis,
1539 478 1791 513 contendentium,

329 534 394 554 cum
417 527 528 562 velint‚
558 526 694 555 dirimunt
724 527 806 556 litesz
838 535 925 562 quare
955 525 1048 554 moliti
1073 533 1140 555 sunt
1171 527 1226 563 ipsi
1252 529 1456 564 Progenitores
1503 528 1582 563 Tui,
1613 530 1668 557 hoc
1694 530 1798 566 jugum

331 576 480 613 politicum
512 577 656 614 abjicere,
683 584 714 606 ut
746 577 932 606 consimiliter
958 584 986 605 et
1015 577 1071 613 ipsi
1100 577 1128 606 in
1154 579 1314 616 subjectum
1345 581 1487 616 Populum
1519 580 1649 617 regaliter
1682 587 1791 609 tantum

328 630 487 665 dominari,
508 631 558 658 sed
578 631 675 666 potius
697 630 863 659 debacchari
886 636 1010 666 queant3
1032 639 1091 658 non
1112 630 1303 665 attendentes,
1326 632 1404 666 quod
1426 631 1550 666 aequalis
1572 638 1616 660 est
1638 630 1790 666 utriusque

329 679 418 717 Regis
435 681 583 717 potentia,
605 688 637 709 ut
656 681 684 709 in
703 681 846 716 praedicto
869 681 1027 716 Tractani,
1048 680 1082 709 de
1103 681 1228 709 Natura
1243 682 1328 719 Legis
1346 683 1485 711 Naturae
1506 683 1646 717 docetur,
1668 688 1697 711 et
1713 681 1792 717 quod

328 739 387 759 non
413 732 513 768 jugum
527 751 537 767 ,
559 732 609 759 sed
629 732 744 760 libertas
771 738 834 767 est,
855 732 975 768 politice
1000 740 1096 768 regere
1123 733 1283 767 Populum,
1313 733 1450 761 securitas
1473 742 1589 769 quoque
1609 732 1726 761 maxima
1745 740 1796 761 ne-

330 781 397 810 dum
415 782 517 818 Plebi»,
546 782 595 810 sed
621 788 648 810 et
669 782 726 817 ipsi
747 781 840 818 Regi,
862 783 992 812 allevatio
1019 783 1101 811 etiam
1122 791 1187 811 non.
1202 783 1315 812 minima
1333 784 1525 815 solicitudinis
1548 785 1649 813 suae.''

341 888 347 898 ¹·
363 885 433 921 Pag.
454 894 485 922 9.
506 899 541 905 ··-
558 885 592 913 dc
607 888 718 922 populo
729 906 739 921 ‚
761 895 839 923 quem
857 887 970 923 plebem
987 893 1098 917 vocant.
1119 903 1156 908 —
1177 886 1391 915 Hallucinatum
1409 887 1460 914 hac
1479 886 1630 915 notionum
1643 884 1792 913 confusio-

328 944 365 964 ne
390 944 705 972 WAGENARIUM,
736 936 812 966 Vad.
835 938 914 966 Hist.
935 937 976 966 T.
995 938 1079 966 VIII.
1102 946 1133 973 p.
1152 939 1206 966 2c8
1219 958 1229 972 ‚
1252 938 1280 965 in
1301 945 1503 966 wrmzsssu
1529 936 1695 965 defensione
1713 936 1792 972 Ley·

327 988 467 1015 cestriana
485 987 545 1015 sive
555 987 732 1017 incusatione
749 988 818 1018 00.
830 989 912 1017 Holl.
924 988 1070 1018 referenda
1081 1009 1092 1024 ,
1113 994 1190 1017 recte
1201 994 1300 1017 monet
1320 997 1339 1015 K
1348 997 1366 1016 L
1377 997 1396 1015 υ
1406 996 1416 1016 1
1427 997 1447 1016 T
1458 996 1468 1016 1
1478 997 1499 1016 U
1508 997 1539 1023 s,
1561 988 1639 1015 Hist.
1649 988 1701 1015 der
1714 987 1792 1016 Holl.

329 1037 489 1075 Staatsreg.
519 1037 560 1067 T.
580 1039 617 1067 Π.
649 1048 679 1075 p.
698 1041 774 1075 2810,
803 1041 857 1068 281
869 1049 878 1067 :
907 1040 956 1067 sed
981 1040 1062 1076 ipse,
1089 1039 1118 1068 in
1145 1040 1238 1075 ampla
1271 1040 1457 1075 caeteroquin
1489 1047 1516 1067 et
1546 1040 1674 1068 accurata
1698 1047 1792 1067 rerum

328 1088 596 1125 Leycestrianarum
617 1091 752 1119 relatione
766 1112 781 1124 ,,
799 1099 868 1126 quae
889 1097 981 1119 totum
1001 1091 1071 1119 illud
1091 1091 1160 1120 Vol.
1179 1090 1217 1119 ΙΙ.
1240 1090 1360 1126 implet,
1382 1090 1573 1119 doctrinarum
1591 1089 1798 1118 democratica.

329 1147 390 1167 rum
408 1139 451 1167 sui
470 1140 605 1176 temporis
625 1141 763 1177 horrore,
785 1142 871 1170 credo
888 1143 943 1179 (v.
957 1149 1027 1179 pag.
1042 1150 1121 1177 293,
1146 1150 1224 1177 320,
1251 1141 1352 1177 ren),
1375 1142 1431 1170 hoc
1453 1142 1566 1177 quidem
1589 1143 1655 1170 loco
1681 1141 1710 1169 in
1725 1149 1796 1170 con-

329 1191 465 1227 trarium,
486 1200 545 1221 non
564 1193 700 1222 minorem
719 1202 841 1222 errorem
862 1195 961 1229 lapsus
985 1192 1118 1227 videtur,
1139 1192 1172 1220 ad
1192 1192 1350 1220 civitatum
1379 1192 1561 1222 Decuriones
1583 1191 1792 1229 (Vroedschap-

324 1241 402 1279 pen)
421 1242 547 1273 referens
566 1245 611 1272 vel
630 1250 790 1279 torquens,
820 1244 899 1279 quod
922 1244 1054 1280 populari
1079 1245 1137 1273 sua*
1162 1244 1300 1279 notione,
1331 1245 1442 1279 qualem
1475 1253 1562 1280 supra
1587 1244 1617 1272 in
1645 1250 1796 1271 πυκτε-

327 1300 370 1319 sc
381 1301 401 1320 υ
413 1300 431 1320 ο
452 1293 573 1322 vidimus
584 1314 594 1329 ‚
612 1300 639 1322 et
656 1294 732 1330 quali
751 1294 852 1323 nititur
869 1295 961 1324 omnis
980 1304 1025 1324 res
1040 1294 1153 1330 publica
1167 1295 1307 1330 Aninca,
1327 1295 1362 1322 de
1378 1296 1490 1331 Populo
1502 1315 1512 1328 ‚
1535 1303 1560 1322 s.
1578 1294 1794 1322 Civibus-com-

328 1342 452 1375 muniter
468 1343 519 1380 (de
529 1344 689 1381 Gemeente)
710 1346 834 1382 graviter
856 1352 883 1374 et
898 1345 984 1375 nimis
1006 1355 1039 1374 ex
1057 1355 1127 1375 vero
1151 1347 1258 1375 dixerat
1275 1345 1413 1376 Politicus
1434 1346 1559 1382 Anglus.
1579 1359 1614 1366 —
1631 1343 1726 1372 Multa
1742 1343 1792 1372 hic

330 1400 449 1428 possent
463 1395 526 1423 addi
544 1396 578 1424 de
594 1404 756 1425 Κιυιτῐι
776 1397 831 1425 hoc
848 1406 933 1433 opere
945 1418 955 1433 ‚
979 1399 1162 1435 ejusdemque
1174 1399 1282 1432 altero,
1304 1398 1339 1426 de
1357 1397 1499 1432 Supremo
1515 1395 1582 1424 OO.
1600 1395 1682 1423 Holl.
1700 1394 1793 1429 Impe-

328 1443 371 1471 rio
388 1445 514 1480 legitimo
535 1461 570 1467 —-
590 1447 624 1474 de
639 1448 689 1485 (E.
711 1456 730 1476 L
741 1456 761 1475 u
772 1456 790 1475 z
800 1457 819 1476 A
829 1455 847 1476 c
860 1457 870 1476 1
879 1451 907 1484 1)
928 1449 1057 1478 doctrina
1068 1449 1097 1478 in
1107 1448 1228 1477 diatriba
1248 1449 1303 1476 Het
1316 1447 1433 1485 Gedrag
1442 1447 1495 1475 der
1505 1446 1796 1483 Stadhoudcrsgezin-

328 1494 381 1523 den
399 1496 565 1533 verdedigt3
587 1499 621 1526 ab
640 1499 898 1528 Amstelodarnensi
921 1500 1096 1536 Magistraiu
1107 1520 1117 1534 ‚
1146 1506 1264 1527 mortuo
1292 1507 1312 1527 c-
1323 1507 1343 1526 U
1355 1507 1365 1527 1
1376 1507 1394 1526 L
1404 1507 1415 1526 1
1425 1507 1443 1526 E
1454 1506 1473 1526 L
1483 1507 1507 1526 M
1518 1506 1536 1525 o
1558 1497 1599 1526 IV
1619 1496 1737 1531 spiritus
1757 1494 1794 1523 il·

329 1546 374 1573 los
391 1554 460 1573 suos
476 1555 540 1574 mox
555 1547 729 1583 recipiente,
751 1549 912 1584 proscripta
929 1558 968 1577 m.
988 1550 1069 1586 Maj0
1089 1558 1184 1587 17543
1205 1565 1244 1571 —
1261 1550 1311 1577 sed
1327 1556 1452 1585 possunt
1468 1549 1549 1576 etiam
1569 1549 1617 1575 hic
1636 1545 1740 1575 omitti.
1754 1561 1790 1568 -

330 1595 428 1624 Chaos
449 1603 540 1624 autem
562 1596 613 1624 erit
631 1598 724 1626 omnis
743 1599 862 1633 pristina
880 1598 984 1633 patriae
1005 1605 1120 1627 nostrae
1142 1599 1280 1634 historia,
1301 1599 1392 1627 donec
1416 1598 1537 1632 aliquis,
1568 1605 1595 1625 et
1615 1606 1706 1625 rerum
1726 1605 1788 1632 ges-

330 1651 419 1673 tarum
450 1653 477 1674 et
501 1647 635 1682 politicae
663 1648 808 1676 doctrinae
838 1657 960 1684 gnarus,
993 1654 1055 1676 eta
1076 1648 1277 1685 praejudicatis
1309 1648 1494 1684 opinionibus
1525 1654 1553 1675 et
1577 1657 1592 1675 a
1617 1648 1719 1675 timore
1742 1655 1788 1675 va-

330 1706 402 1726 cuus
423 1705 451 1725 et
476 1698 567 1734 liber,
589 1700 759 1728 tractandam
780 1700 893 1728 eandem
911 1699 1176 1734 reformandamque
1191 1698 1246 1726 sibi
1271 1698 1418 1727 sumserit.
1459 1698 1573 1726 Interim
1588 1698 1700 1733 legend1
1716 1698 1788 1726 rele-

333 1748 475 1784 gendique
491 1755 557 1777 sunt
578 1755 713 1778 tractatus
730 1749 1028 1786 historico-politici,
1046 1758 1064 1778 a
1079 1751 1228 1785 praeclaris
1245 1749 1485 1785 principibusque
1504 1749 1572 1777 viris
1596 1748 1744 1784 profecti,
1763 1743 1791 1778 et

331 1800 408 1828 Parti
425 1802 465 1829 VI
482 1800 608 1836 prioris,
629 1802 705 1830 Parti
719 1801 766 1836 ΙΙ,
783 1803 845 1837 111,
858 1801 899 1830 IV
916 1800 1030 1830 alterius
1051 1809 1127 1829 meae
1142 1800 1351 1837 Collectionis‚
1364 1800 1540 1836 *Mnemosyne
1559 1800 1667 1832 dictae,
1678 1799 1789 1829 inserti.

346 1905 347 1911 ¹
368 1900 433 1936 Pag.
459 1909 504 1936 13.
526 1917 564 1923 —
583 1904 651 1939 qm'tz
665 1902 748 1938 fidem
768 1905 801 1931 in
815 1904 890 1932 nobis
903 1903 1024 1942 positam
1044 1920 1081 1926 —
1104 1903 1229 1941 „Qu’ils
1250 1903 1339 1941 (Que
1356 1905 1397 1931 les
1413 1903 1510 1939 Rois)
1531 1903 1626 1931 soient
1637 1904 1702 1939 plus
1719 1910 1789 1931 con-

337 1969 356 1986 „
376 1950 478 1980 fiams!
508 1953 584 1980 leurs
609 1954 736 1982 desseins
760 1955 826 1983 n’en
850 1961 949 1984 seront
972 1964 1021 1990 pas
1045 1954 1138 1983 moins
1162 1955 1273 1990 beaux3
1304 1955 1338 1983 ils
1360 1962 1485 1990 penvent
1506 1962 1603 1990 porter
1622 1955 1698 1983 aussi
1727 1955 1786 1984 loin

336 2020 355 2036 „
377 2001 465 2036 qu'ils
483 2003 510 2030 le
528 2005 643 2032 veulent
660 2001 782 2032 l’amoui·
805 2012 832 2032 et
853 2006 879 2033 la
899 2005 1066 2033 veneratlon
1086 2005 1135 2033 des
1159 2007 1298 2041 peuples3
1321 2005 1340 2033 il
1364 2006 1425 2033 leur
1447 2006 1524 2034 suffit
1541 2006 1631 2034 d'etre
1647 2007 1688 2034 les
1706 2005 1786 2034 meil-

334 2070 352 2086 ,‚
373 2052 468 2088 leurs,
491 2061 600 2082 comme
616 2054 654 2082 ils
677 2061 744 2083 sont
770 2056 811 2084 les
837 2055 973 2091 premiers
992 2056 1041 2084 des
1059 2056 1205 2092 hommes3
1228 2057 1249 2085 il
1271 2058 1331 2085 leur
1350 2056 1427 2084 suffit
1451 2056 1486 2084 de
1518 2057 1700 2085 redescendre
1721 2064 1785 2084 vers

1676 2127 1694 2142 ‚‚
1715 2114 1790 2141 eux,
