1919 2511
310 157 353 181 ’19
635 141 969 176 GERARD}
1023 141 1455 175 SA-NDIFOR'P

312 238 451 273 tandum
463 263 473 281 ,
493 236 572 282 quin
583 259 593 277 ‚
617 237 646 268 si
663 236 751 279 regia
775 240 920 279 potestas
939 234 975 268 ei'
988 235 1030 267 ab
1050 232 1101 268 om'
1112 247 1177 267 ΝΠ»
1188 247 1343 268 o'rENTE
1371 247 1534 268 numne
1547 233 1670 268 diutius
1683 235 1781 270 'fuis-‘-

317 302 367 330 set
382 304 538 329 concessa
551 318 560 335 ,
588 304 722 326 omnem
744 298 924 327 navaturus
942 292 1057 325 fuisset
1082 302 1238 336 operam,
1262 296 1299 325 ut
1321 291 1519 324 Academiae
1540 292 1630 325 fama
1651 292 1776 326 instauu
1795 309 1798 312 >

310 356 403 393 rata,
433 357 542 392 sarta,
565 354 713 393 tectaque
739 349 864 382 fuisset.

377 408 476 439 Hanc
493 406 651 438 nimirum
670 405 772 449 ipsius
796 406 886 450 regni
909 405 1174 449 antiquissimam
1196 403 1467 447 Universitatem,
1491 405 1533 438 ob
1556 406 1680 439 civium
1705 405 1774 439 vir-¹-

310 466 413 495 tutem
440 463 475 495 in
500 461 564 495 hac
586 462 668 494 urbe
694 462 880 503 conditam,
911 467 958 494 tot
985 461 1204 494 celeberrimis
1229 462 1305 495 viris
1333 461 1556 504 celebratam,
1587 473 1656 495 non
1677 470 1794 499 vere·-⁸

309 517 408 551 batur
430 530 508 551 REX
534 530 759 551 LUDovxcUs
781 529 1315 551 ΙὶΕῡῐΑΜ.11111ν’ῑᾱπειΊἋτΕ1114
1333 518 1537 560 proclamare
1560 517 1633 560 (c).

376 575 538 616 Quamvis
555 574 637 607 haec
658 575 826 607 laetiorem
844 579 1020 617 aspectumv
1042 573 1217 615 offerrent,
1245 579 1358 606 tamen
1376 579 1428 605 sat
1445 574 1508 605 cito
1530 574 1642 606 omnia
1661 572 1774 607 obnu-

313 628 522 672 bilabantur,
546 637 577 663 et
601 633 668 673 jam
691 642 716 663 e
730 631 904 675 longinquo
930 630 1128 674 apparebat,
1151 630 1244 664 hanc·
1258 630 1478 664 Academiam-
1490 630 1525 663 in
1549 630 1652 663 altum
1672 629 1774 663 fuisse

307 685 427 719 elatam
439 711 449 727 ,
474 693 509 719 ut
529 685 669 730 graviori
690 688 783 730 lapsu
803 693 924 720 rueret.

372 741 471 775 Brevi
498 744 657 775 nimirum
678 744 789 786 populi
803 745 920 779 Batavi
940 755 1064 777 nomen
1080 744 1165 777 inter
1185 745 1335 778 nationes
1357 753 1425 776 non
1449 742 1590 786 amplius
1612 743 1773 776 audieba-

310 799 387 838 tur,
412 803 444 830 et
463 797 632 830 carissima
657 800 770 830 nostra
793 799 897 841 patria
926 801 1098 832 Gallorum
1122 801 1262 843 imperio
1286 799 1450 842 subjecta,
1480 798 1660 831 Academia
1683 801 1776 843 Lug-

306 852 542 887 duno—Batava
563 853 693 896 penitus
712 855 857 898 neglecta
875 855 1066 897 videbatur,
1100 867 1203 900 quum
1228 862 1342 888 tamen
1371 865 1511 898 magnae
1537 856 1681 888 nationis
1703 857 1775 887 Im·-

306 913 439 951 perator
460 921 693 952 NAPOLEON,
716 911 797 943 alias
817 912 962 955 Belgicas
979 912 1177 945 Academias
1196 912 1426 954 supprimens,
1445 915 1479 942 et
1496 916 1628 944 nostrae
1641 916 1673 945 et
1686 912 1778 945 Gro-

305 963 470 1006 ninganae
495 963 706 1007 concederet,
731 971 768 998 ut
793 973 912 1009 partes>
930 969 1160 1002 Universitatis
1184 966 1364 1001 Francicae
1382 977 1542 999 essemus.

370 1022 532 1062 Quamvis
556 1021 735 1054 Academia
759 1027 871 1055 nostra
890 1022 1061 1056 Leidensis
1088 1025 1222 1056 Summi-
1238 1023 1452 1065 Imperatoris
1476 1021 1607 1055 decreto
1636 1033 1778 1058 conser-

304 1081 381 1111 vata
404 1076 590 1118 videretur,
613 1082 761 1110 attamen
790 1089 861 1111 non.
879 1077 945 1111 nisi
970 1080 1060 1113 inani
1078 1080 1170 1112 titulo
1190 1079 1320 1122 gloriari
1338 1079 1454 1121 potuit.

373 1135 505 1167 Etenim
519 1159 529 1176 ,
551 1135 591 1167 A.
601 1135 642 1168 A.
653 1160 663 1177 ,
673 1153 718 1162 —
742 1141 773 1168 et
788 1135 964 1169 referentes
980 1135 1202 1169 horrescimus
1215 1153 1277 1177 ,—
1294 1135 1444 1178 quamvis
1460 1134 1689 1169 Universitatis
1707 1138 1779 1172 Pa-

313 1189 459 1223 risiensis
479 1189 582 1232 filias,
606 1191 793 1224 Facultates
815 1192 975 1224 nimirum
999 1198 1130 1225 nostras
1152 1192 1388 1231 Academicas‚
1411 1192 1557 1235 speciosa
1575 1203 1717 1236 pompa,
1741 1201 1775 1229 et

307 1246 480 1289 magnifico
505 1253 666 1291 apparatu
690 1249 777 1281 intra
799 1248 900 1282 hoece
926 1250 1104 1292 Templum
1130 1250 1344 1292 inauguratas
1373 1248 1658 1290 conspiceremus,
1683 1255 1773 1283 etex

306 1301 407 1334 hacce
428 1313 543 1335 rerum
565 1305 748 1338 mutatione
776 1305 880 1337 multa
904 1305 1000 1338 nobis
1023 1307 1106 1339 laeta
1131 1311 1163 1339 et
1187 1316 1345 1350 prospera
1372 1305 1655 1349 praesagiremus,
1678 1317 1775 1351 spem

305 1364 438 1399 tamen,
464 1359 495 1390 O
512 1359 642 1392 miseri!
672 1366 823 1393 nostram
848 1360 958 1394 fefellit
984 1368 1120 1397 (ventus
1135 1375 1151 1402 3·
1168 1363 1224 1397 vix
1254 1361 1343 1395 enim
1368 1373 1387 1394 a
1412 1361 1543 1404 publico
1564 1361 1646 1395 festo
1673 1364 1776 1399 redu-

307 1419 361 1446 ces
374 1438 382 1454 ,
407 1424 540 1446 morum
556 1420 588 1446 et
608 1420 826 1456 statutorum,
850 1421 881 1448 et
901 1416 1009 1459 legum
1031 1417 1309 1452 Academicarum
1333 1423 1364 1450 et
1383 1417 1522 1450 docendi
1546 1428 1719 1461 norm-am,
1743 1425 1776 1455 et

308 1471 385 1514 quid
403 1482 470 1504 non
484 1476 653 1514 practerea
663 1496 676 1513 ,
694 1473 824 1515 penitus
843 1477 971 1504 mutata
982 1496 992 1513 ‚
1016 1472 1084 1505 imo
1102 1483 1215 1508 eversa
1234 1474 1442 1517 lugebamus*

371 1529 545 1570 Languore
558 1527 667 1560 lethali
682 1527 818 1572 antiqua
837 1527 1065 1572 celebrataque
1079 1529 1261 1562 Academia
1274 1529 1449 1570 laborans,
1474 1529 1589 1571 procul
1613 1530 1713 1564 dubio
1731 1531 1779 1565 ad*

306 1581 474 1615 interitum
494 1583 654 1628 festinatis
669 1583 835 1626 passubus
858 1585 996 1627 ruisset,
1020 1586 1084 1618 nisi
1105 1585 1332 1618 humanarum
1351 1596 1465 1618 rerum
1487 1597 1675 1620 Anmrno
1699 1589 1775 1631 pla-

307 1638 428 1671 cuisset
454 1637 550 1671 nobis
582 1651 800 1672 n‘nc'ronnm
831 1639 933 1682 dari,
970 1651 1040 1673 non
1070 1642 1299 1684 peregrinum,
1330 1651 1399 1674 non
1429 1651 1450 1673 a
1480 1650 1567 1674 vera·
1590 1642 1772 1678 eruditione

307 1691 451 1726 alienum
465 1719 479 1736 ,
498 1694 557 1727 sed
579 1695 707 1736 virum,
738 1702 868 1740 praeter
899 1697 982 1730 alias
1011 1696 1136 1729 multas
1159 1696 1297 1730 animae
1325 1697 1438 1739 dotes,
1467 1695 1644 1740 sagacitate
1668 1710 1775 1742 pecu-

305 1747 377 1780 havi
403 1750 609 1792 praeditum,
633 1763 733 1795 quam
755 1764 854 1785 nomo
877 1752 940 1786 sibi
964 1759 1023 1786 aut
1049 1754 1180 1795 studio,
1210 1760 1267 1787 aut
1293 1754 1427 1796 labore,
1460 1759 1523 1787 aut
1543 1757 1777 1792 exercitatione

306 1812 500 1847 comparat,
522 1807 580 1840 sed
607 1808 769 1851 singulare
794 1823 924 1842 summ
948 1822 1123 1844 nunnus
1146 1810 1271 1843 donum
1291 1815 1409 1842 est.—
1431 1811 1521 1843 Hinc
1538 1811 1600 1853 ipsi
1616 1822 1684 1845 non
1701 1813 1770 1846 dif-

308 1858 391 1892 ficile
414 1868 502 1903 erat,
525 1862 636 1897 abdita
656 1863 872 1909 abstrusaque
896 1875 958 1900 suo
988 1867 1141 1900 acumine
1168 1867 1332 1910 detegere,
1366 1867 1446 1910 quin
1474 1867 1574 1899 etiarn
1596 1864 1638 1901 'in
1665 1868 1775 1902 artifiz

310 1915 396 1948 ci'ose
423 1919 582 1953 simulatis
596 1943 606 1961 ‚
631 1920 785 1955 fraudem
807 1921 950 1967 sentire,
973 1930 1005 1958 et
1030 1935 1103 1958 rem
1127 1933 1269 1956 omnem
1288 1923 1341 1956 ita>
1365 1922 1520 1967 dingere,
1545 1928 1587 1958 ut*
1603 1923 1680 1959 inde
1704 1912 1777 1958 nif-

1716 1992 1773 2016 m·-

350 2080 404 2112 (2)
424 2083 458 2106 Ex
477 2083 571 2108 decreto
587 2087 658 2118 Regis
673 2089 697 2113 d.
716 2095 725 2112 ι
739 2089 809 2114 Febr.
828 2093 895 2121 1807.
