1919 2511
354 166 372 195 8
716 166 752 196 C.
799 161 981 196 PRUYS
1022 169 1104 194 vAN
1133 171 1213 194 nnn
1251 162 1475 196 HOEVEN

350 259 451 292 quam
466 249 509 284 ad
526 249 699 284 utilitatem
718 249 949 293 compositam,
996 250 1071 289 Quo
1094 247 1264 283 reserenda
1284 255 1333 283 est
1351 260 1429 284 cum
1447 248 1722 293 Theosophorum
1741 253 1816 285 me³

352 306 460 340 dicina
492 309 642 352 magica,
679 307 824 341 Orientis
850 308 936 349 filia,
960 312 1033 339 tum
1065 306 1173 338 omnis
1204 305 1271 338 fere
1298 307 1449 339 omnium
1477 311 1665 349 temporum
1697 305 1816 349 mysti-

353 363 476 395 cismus
506 363 677 406 medicus,
708 365 802 397 euius
839 363 972 407 quidem
1006 372 1046 394 ea
1071 371 1203 405 semper
1233 361 1298 395 fuit
1326 363 1434 404 ratio,
1463 367 1500 395 ut
1537 373 1556 395 a
1588 361 1693 397 divina
1733 364 1818 407 qua-

351 417 430 450 dam
454 420 666 461 revelatione,
695 425 857 463 tanquam
877 418 918 451 ab
941 419 1065 461 optimo
1091 416 1199 459 sonte,
1222 429 1358 451 omnem
1380 418 1532 451 medendi
1556 417 1728 451 seientiam
1754 429 1815 462 pe-

351 473 487 507 tendam
509 482 580 509 esse
607 486 703 509 sacra
729 473 902 509 crediderit
921 480 1037 508 vatum
1054 472 1261 507 medicorum
1283 486 1372 519 gens·
1419 478 1515 517 Quae
1538 475 1619 508 tides
1641 481 1732 508 tanta
1754 475 1817 509 fuit

351 531 386 563 in
407 542 609 574 mmmmm,
633 542 827 573 mmmmm,
850 538 950 575 quem
976 536 1088 564 tamen
1112 531 1241 574 ingenio
1268 527 1468 575 superabat,
1491 531 1669 573 discipulo,
1693 537 1730 563 ut
1753 530 1818 564 sibi

352 587 555 630 Rapha'e‘lem
576 589 738 632 Angelum
759 588 795 621 in
817 588 946 621 somnio
966 586 1122 621 divinitus
1142 586 1346 628 promissum
1370 596 1442 620 esse
1465 584 1650 629 scripserit,
1674 587 1732 630 qui
1754 587 1817 630 ipsi

351 643 385 674 in
405 649 474 675 arte
495 643 649 678 faciunda
668 644 832 683 adstaret;
855 648 948 675 tanta
970 651 1101 685 quoque
1119 641 1155 674 in
1174 642 1213 674 iis
1231 665 1242 683 ,
1265 643 1322 686 qui
1341 653 1420 675 cum
1440 641 1683 685 philosophiam
1706 649 1818 686 quan-1

351 698 431 730 dam
446 700 676 742 profiterentur
690 701 854 744 po'e'ticam
864 724 875 741 ‚
885 698 948 731 sibi
964 706 1136 730 summum
1153 697 1232 730 illud
1247 703 1388 731 naturae
1404 697 1676 742 philosophorum
1692 709 1816 732 nomen

350 753 452 787 tribui
474 756 666 797 voluerunt,
690 762 728 789 ut
750 766 885 789 omnem
905 761 1045 789 naturae
1068 753 1260 795 scientiam,
1282 764 1483 798 omnemque
1509 753 1709 787 medicinam
1732 753 1817 790 divi-1

350 812 484 844 natione
505 811 648 856 quadam
672 813 803 856 assequi
825 822 861 844 se
880 821 978 855 posse
998 816 1122 844 temere
1142 810 1349 844 crediderint.

393 868 491 900 Ratio
506 877 584 902 vero
604 868 804 902 medicinam
818 867 940 902 creavit
957 867 1197 911 dogmaticam,
1216 866 1423 900 dictatoriam
1434 892 1444 910 ,
1463 879 1566 912 quae,
1584 864 1738 914 (paamvis
1757 875 1819 903 suS

350 924 472 967 perba,
495 924 632 958 rationis
655 930 769 958 tamen
791 935 906 967 serva,
927 924 1026 966 huJus
1044 923 1107 957 sub
1130 929 1327 968 potestatem
1351 925 1507 968 redacta,
1531 926 1630 969 hujus
1646 926 1733 970 parit
1750 928 1818 960 im-

350 981 461 1023 perio,
484 980 648 1025 huiusque
670 981 823 1014 cancellis
847 979 1141 1014 circumscribitur.
1189 980 1331 1025 Qualem
1348 982 1465 1025 priscis
1482 983 1688 1026 temporibus
1706 983 1819 1016 colue-

349 1042 429 1070 runt
450 1035 630 1081 sapientiae
655 1037 879 1079 Professoroe,
902 1035 1115 1078 Hippocratis
1136 1037 1308 1080 aequaleS,
1330 1039 1386 1081 qui
1409 1048 1484 1072 vere
1506 1039 1713 1081 DictatoreS,
1737 1038 1818 1083 quid

351 1104 394 1126 ex
411 1100 552 1137 quatuor
571 1095 739 1138 principiis
758 1094 808 1129 vel
827 1102 990 1137 superans
1009 1093 1060 1127 vel
1080 1092 1234 1126 deficiens
1252 1092 1427 1128 adversam
1447 1094 1667 1128 valetudinem
1681 1104 1816 1128 creave-

351 1149 415 1191 rit,
438 1149 503 1183 sibi
520 1156 734 1194 sumpserunt
759 1149 997 1189 indicandum3
1020 1153 1126 1182 aetate
1151 1158 1230 1184 vero
1254 1150 1429 1183 recentiori
1450 1150 1656 1185 medicorum
1683 1150 1817 1189 matthe«,

350 1208 550 1240 mancorum
574 1207 697 1240 familia
721 1218 857 1240 omnem
883 1206 972 1240 hanc
996 1206 1205 1249 disciplinam
1228 1211 1379 1239 nostram
1400 1207 1640 1250 axiomatibus,
1663 1207 1819 1250 proposi⁴

352 1262 498 1296 tionibus
507 1288 517 1306 ,
540 1262 878 1298 demonstrationibus
893 1261 1111 1307 problematib
1117 1272 1219 1306 usque
1236 1255 1581 1297 circumscribentium
1594 1288 1604 1306 ,
1619 1274 1820 1308 omnemque

350 1319 504 1354 medendi
519 1321 713 1354 methodum
730 1321 848 1354 celebri
863 1321 932 1354 illo:
957 1320 1045 1364 quod
1063 1318 1362 1353 demonstrandum
1378 1325 1467 1361 erat,
1485 1319 1711 1353 definientium
1722 1344 1732 1362 ,
1749 1330 1815 1363 quo

351 1382 512 1421 tanquam
532 1379 681 1411 carmine
704 1378 851 1422 quodam
874 1376 1010 1410 morbos
1031 1377 1164 1421 quosvis
1187 1381 1219 1409 et
1237 1376 1407 1409 decantari
1424 1382 1458 1410 et
1478 1376 1583 1420 fugari
1605 1386 1703 1419 posse
1724 1375 1816 1409 arbi-

351 1434 426 1466 trati
449 1438 544 1473 sunt3
571 1440 690 1468 eventu
708 1440 820 1467 tamen
843 1434 1127 1474 ratiocinationem
1146 1444 1214 1466 non
1232 1432 1406 1475 probante.

396 1488 464 1531 Qui
485 1488 659 1532 phantasia
692 1489 901 1533 decipiuntur
926 1489 1074 1531 medici,
1105 1494 1280 1532 eapropter
1307 1499 1375 1522 non
1399 1493 1487 1521 recte
1512 1487 1707 1532 observant,
1731 1496 1818 1534 quoiv

352 1548 444 1579 niam
458 1546 614 1589 quicquid
634 1545 767 1581 videant
787 1557 952 1590 sensuque
973 1546 1173 1590 percipiant,
1196 1544 1325 1588 ingenio
1341 1550 1514 1577 exornant.
1549 1547 1607 1578 Isti
1623 1547 1742 1589 quippe
1761 1556 1818 1578 re-

353 1614 430 1636 rum
448 1601 660 1644 vmirabilium
683 1608 715 1635 et
740 1602 982 1636 incredibilium
1008 1607 1180 1635 venatores
1214 1611 1283 1634 non
1313 1599 1401 1643 quod
1433 1609 1549 1633 verum
1580 1607 1723 1641 curant,
1758 1600 1818 1633 sed

351 1659 441 1704 quod
468 1658 655 1692 inauditum
682 1669 881 1702 novumque.
934 1661 1050 1700 Quum
1082 1661 1194 1689 autem
1229 1656 1286 1699 qui
1315 1654 1478 1687 mirabilia
1505 1661 1650 1688 sectatur
1668 1681 1678 1697 ‚
1712 1666 1815 1699 quam

354 1715 505 1748 facissime
526 1715 667 1756 fallitur,
700 1713 777 1758 quia
800 1726 865 1758 quo
888 1715 992 1757 magis
1017 1712 1182 1746 mirabilia
1210 1718 1308 1754 sunt,
1333 1723 1372 1744 eo
1398 1711 1563 1744 lubentius
1590 1713 1817 1755 amplectitur,

352 1771 472 1804 accidit
500 1771 712 1814 plerumque,
744 1776 781 1803 ut
815 1776 847 1803 et
874 1771 936 1813 ipsi
970 1776 1065 1814 turpe
1091 1769 1246 1803 labantur
1277 1768 1434 1811 simplicis
1462 1768 1595 1811 verique
1634 1778 1735 1801 sensu
1764 1778 1816 1801 or-

354 1827 441 1869 bati,
472 1832 505 1859 et
525 1826 576 1860 vel
605 1825 697 1860 inviti
725 1827 806 1860 fiant
835 1826 1075 1871 miraculorum
1108 1826 1314 1859 medicorum
1342 1828 1505 1857 auctores,
1556 1826 1671 1867 Itaque
1699 1833 1819 1867 quem-

354 1883 536 1917 admodum
560 1883 751 1916 utilissimas
770 1895 843 1926 reS,
867 1896 952 1928 quae
977 1889 1075 1918 notae
1093 1889 1191 1924 sunt,
1215 1886 1394 1926 spernunt,
1416 1880 1545 1912 inutiles
1571 1890 1612 1912 ac
1635 1879 1816 1922 incognitas

352 1934 517 1985 quaerunt
530 1963 540 1980 ,
563 1939 611 1971 sic
634 1950 696 1972 nec
722 1950 836 1973 rerum
860 1940 1042 1984 vulgarium
1070 1947 1102 1973 et
1124 1930 1372 1974 notissimarum
1399 1943 1512 1970 veram
1538 1934 1600 1968 sibi
1622 1945 1816 1978 comparare

353 1995 487 2028 student
511 1995 680 2035 notitiam,
713 1993 929 2038 acerrimique
953 2006 1024 2028 esse
1050 1996 1155 2028 solent
1180 2003 1343 2027 novarum
1361 1991 1588 2025 doctrinarinn
1609 1990 1814 2032 defensores,

352 2061 515 2086 novorum
536 2048 791 2083 medicaminum
818 2051 1025 2094 laudatores,
1049 2061 1161 2087 verum
1186 2061 1255 2084 non
1274 2047 1401 2082 ratione
1422 2048 1626 2090 judicantes,
1650 2047 1708 2080 sed
1734 2053 1818 2080 tem-

351 2117 442 2150 pore.
487 2107 577 2140 Hinc
600 2109 716 2149 po'e'tae
739 2107 783 2141 illi
807 2107 940 2150 medici,
964 2118 1047 2152 quos
1072 2109 1157 2143 leves
1184 2111 1302 2140 ctu-ant
1327 2103 1458 2139 morbos
1483 2109 1515 2138 et
1535 2102 1672 2148 periculi
1695 2114 1816 2147 exper-

1747 2164 1814 2201 tes,
