1919 2511
408 141 644 178 RESPONSIO
672 150 715 179 AD
744 140 1055 183 QUAESTIONEM
1083 139 1309 174 PHYS'ICAM.
1577 149 1620 182 25

99 234 146 263 'me
169 230 217 261 vel
234 228 311 266 aqua
333 227 379 259 vel
395 226 464 258 'a¹e're
477 235 479 238 ⁴
491 227 622 257 subtiles¹
640 227 797 257 ammoniae
813 225 928 257 -odores
944 226 1137 262 deferantur,
1167 226 1219 263 qui
1240 225 1288 255 hic
1311 224 1441 262 inprimis
1458 232 1546 263 ¹agere
1570 226 1620 255 de·

106 283 179 312 bent
194 302 207 319 ‚
233 290 293 312 uno
311 280 629 317 eodemqueltempore
649 278 735 309 fimus
762 277 793 308 in
813 285 898 314 agros
916 276 1058 306 serendus
1074 283 1151 313 est⁹
1180 276 1351 306 dividendus
1370 284 1402 305 ac
1432 276 1486 306 sub
1512 283 1617 306 terram

98 333 249 370 arandus,
271 331 348 368 quod
375 331 553 361 Columellae
571 332 629 368 jam
643 329 823 358 ‘auctoritate
847 328 1057 365 confirmatur,
1078 327 1254 364 scribentis,
1292 347 1317 363 ,,,
1338 327 1488 365 disjectum
1517 327 1618 357 deinde

108 402 129 420 „
148 383 282 420 protinus
307 382 406 412 fimum
432 380 535 412 inarari
561 386 590 409 et
613 379 698 410 obrui
723 379 861 409 convenit
887 387 923 408 ne
946 379 1019 408 solis
1045 378 1138 408 halitu
1162 377 1240 407 vires
1270 377 1382 407 amittat
1398 398 1409 413 ‚
1440 384 1469 407 et
1492 385 1525 407 ut
1551 388 1617 416 per-

107 453 129 470 „
148 433 232 463 mista
259 433 362 462 humus
386 432 531 470 praedicto
556 430 692 460 alimento
715 429 902 467 pinguescat!
933 429 1034 465 Itaque
1059 437 1125 458 cum
1148 428 1179 459 in
1209 436 1280 465 agro
1305 428 1500 465 disponentur
1521 430 1618 458 acervi

109 502 130 519 „
151 482 309 520 stercoris,
336 491 397 514 non
420 483 505 513 debet
526 483 619 521 major
642 480 745 511 modus
771 489 870 512 eorum
891 479 1046 519 dissipari,
1079 487 1163 516 quam
1189 487 1276 516 quem
1302 478 1422 509 bubulci
1447 480 1547 509 eodem
1571 480 1618 509 die

107 541 273 571 „possunt
295 529 418 564 obruere
438 534 479 571 (ι
492 533 546 571 ).”

142 585 276 615 Diximus
299 586 383 616 etiam
407 584 564 615 sulfatibus
590 584 694 614 mutari
719 584 783 614 illas
808 590 928 622 partes,
952 588 1042 612 *aucto
1062 584 1178 619 calore,
1206 588 1234 612 et
1259 582 1388 611 exhalare
1414 579 1526 611 acidum
1554 590 1614 610 car-

103 636 240 666 bonicum
265 643 294 666 et
319 636 460 666 sulfureta
482 636 575 667 nasci.
623 635 707 666 Hanc
730 636 818 672 igitur
844 635 924 664 humi
947 640 1023 675 atree
1047 635 1095 663 vel
1122 634 1186 670 ejus
1214 632 1338 669 partium
1363 632 1490 662 indolem
1518 631 1614 661 consi-

103 687 233 717 derantes
262 694 450 718 etmemores
474 686 735 725 experimentorum
759 686 793 715 de
821 685 929 715 lumine
950 693 967 714 a
995 683 1220 727 Gay-Lusacio
1243 689 1271 712 et
1299 682 1454 712 Thenardo
1476 683 1540 720 (2)
1569 683 1613 711 in·

92 738 270 768 'stitutorum
297 738 483 776 intelligimus
507 746 658 774 caussam,
680 745 767 774 quare
792 737 824 765 in
846 735 1000 772 paludibus
1020 734 1079 771 (in
1102 734 1209 770 quibus
1228 734 1369 772 ejusmodi
1389 734 1507 763 humum
1533 735 1615 764 inve-

102 788 160 817 niri
183 788 330 826 diximus)
351 795 379 818 et
397 788 538 818 sulfureta
559 788 655 818 adsint
678 794 707 816 et
731 787 773 816 ibi
801 778 1012 824 hydrogenium
1035 785 1207 814 sulfuratum
1229 785 1395 821 exhaletur3
1418 792 1445 814 et
1470 786 1511 815 sic
1532 787 1613 814 etiam

102 838 245 875 explicare
269 847 426 876 possumus
450 839 609 875 rationem,
631 847 688 876 qua
706 837 827 868 sulfates
853 837 1009 873 aliquando
1034 845 1167 874 agrorum
1194 835 1372 865 fertilitatem
1396 844 1539 874 augeant,
1565 837 1616 865 ali-

95 889 218 924 -quando
244 890 327 920 etiam
355 897 384 920 et
405 890 478 920 hanc
503 891 652 926 minuant,
673 897 701 919 et
723 890 884 926 plantarum
900 887 1078 918 nutrimento
1105 893 1227 916 noceant
1247 888 1263 924 (
1274 887 1327 925 ς’).

90 964 97 973 ,
139 939 202 970 Hae
223 947 318 973 autem
343 947 411 971 sunt
433 941 602 978 praecipuae
619 939 780 976 materies,
808 947 880 976 quas
911 939 1016 968 humus
1043 938 1192 974 confinem
1222 939 1350 967 continet
1372 947 1442 968 vero
1468 946 1496 969 et
1522 939 1613 974 alias,

97 989 205 1029 nrinori
234 991 350 1026 quidem
373 991 553 1027 quantitate,
586 999 687 1020 verum
718 990 801 1020 etiam
830 991 958 1020 diversas
983 986 1081 1019 et'vel
1105 988 1259 1026 praecipue
1282 998 1335 1026 pro
1364 989 1485 1019 diversis
1514 991 1586 1019 locis
1603 1011 1615 1026 ‚

97 1040 130 1079 in
150 1040 261 1077 quibus
281 1043 328 1071 vel
355 1043 468 1079 plantae
492 1043 539 1071 vel
564 1041 695 1070 animalia
719 1040 888 1072 fermentata
910 1046 998 1074 sunta
1019 1046 1048 1069 et
1074 1048 1107 1068 ex
1140 1040 1245 1076 quibus
1269 1041 1373 1069 humus
1397 1048 1441 1070 est
1463 1042 1612 1076 desumta;

102 1090 229 1121 diversas
255 1091 337 1122 etiarn
364 1101 418 1129 pro
444 1092 565 1121 diversis
588 1091 783 1129 corporibus,
814 1100 830 1120 e
862 1091 969 1128 quibus
1002 1098 1077 1120 nata.
1126 1091 1241 1120 Multae
1265 1098 1359 1121 autem
1387 1100 1421 1120 ex
1453 1091 1517 1128 ipso
1551 1093 1615 1120 solo

87 1143 141 1171 nita
166 1151 231 1172 cum
252 1143 341 1172 humo
359 1143 538 1173 >‚commixtae
561 1150 630 1174 sunt
652 1149 686 1172 ut
710 1141 905 1178 mechanicis,
929 1151 1003 1179 quae
1026 1149 1186 1178 vocantur,
1208 1142 1424 1179 operatIOnibus
1442 1143 1476 1172 ab
1502 1145 1535 1172 eil
1559 1152 1617 1172 non

87 1192 197 1223 -divelli
222 1194 363 1231 possint3
396 1194 426 1223 in
457 1203 576 1230 quarum
596 1202 723 1224 *numero
748 1200 776 1222 et
798 1192 898 1230 argilla
926 1199 991 1229 est,
1016 1200 1048 1222 ut
1076 1194 1211 1230 deinceps
1236 1193 1357 1222 ulterius
1384 1194 1614 1231 explicabimu53

88 1246 204 1273 *multae
222 1254 316 1282 vero,
346 1253 419 1281 quae
444 1253 555 1274 omnem
575 1245 712 1280 humum,
740 1246 787 1273 vel
814 1253 849 1273 ex
876 1243 1026 1280 putredine
1051 1245 1200 1281 corruptis
1225 1244 1377 1273 arboribus
1406 1246 1453 1274 vel
1480 1253 1514 1274 ex
1540 1246 1616 1282 agris

96 1295 273 1334 desuadeas,
299 1296 548 1330 comminantur,
571 1297 631 1333 ejus
655 1302 764 1332 partem
788 1294 922 1331 faciunt,
952 1295 987 1324 de
1013 1295 1118 1332 quibus
1143 1304 1220 1325 nunc
1250 1295 1389 1325 dicemus.

144 1347 261 1376 Hamus
287 1347 376 1384 igitur
410 1347 435 1376 si
462 1346 669 1380 comburatur,
703 1346 830 1382 reliquae
856 1346 952 1375 calore
980 1347 1169 1377 destruuntur
1196 1355 1228 1375 ac
1255 1346 1458 1382 relinquuntur
1485 1347 1514 1376 in
1549 1356 1615 1377 vase

96 1406 165 1435 eae,
188 1407 260 1435 quae
276 1407 340 1429 -non
354 1400 393 1429 rin
418 1408 545 1436 vvapores
572 1399 689 1428 abeunt.
731 1398 793 1427 Hae
819 1403 888 1427 sunt
906 1398 953 1427 vel
970 1399 1064 1434 sales,
1087 1399 1133 1427 vel
1149 1404 1261 1433 terrae,
1287 1398 1333 1426 vel
1354 1398 1446 1434 oxyda
1464 1398 1613 1429 metallica.

95 1450 177 1479 Sales
203 1457 296 1479 autem
321 1459 381 1480 non
404 1451 473 1479 adeo
492 1449 576 1479 facile
596 1449 637 1478 sic
656 1458 672 1478 a
692 1449 811 1485 reliquis
827 1455 994 1485 separantur
1005 1442 1025 1485 ,’
1048 1450 1101 1479 etsi
1124 1458 1188 1478 cum
1208 1458 1281 1485 aqua
1302 1449 1395 1478 omnis
1424 1449 1540 1478 miscela
1569 1458 1615 1478 ex-

83 1507 264 1538 .coquatur;
295 1502 369 1530 unde
396 1508 485 1538 sunt,
513 1501 563 1537 qui
591 1501 755 1530 existiment
779 1502 889 1537 plantas
915 1500 991 1536 ipsas
1020 1502 1113 1536 sales,
1151 1509 1224 1537 quos
1252 1499 1442 1536 contineant,
1472 1500 1613 1537 formare,

99 1551 236 1587 quoniam
265 1552 345 1580 humi
371 1561 405 1581 ex
432 1553 468 1581 iis
496 1559 574 1581 ortae
603 1552 675 1581 cinis
703 1552 779 1588 aqua
807 1550 916 1580 fervida
942 1557 1067 1581 tentatus
1090 1561 1139 1581 eos
1160 1561 1218 1582 non
1241 1557 1391 1582 monstrat.
1430 1551 1537 1581 Verum
1560 1553 1614 1580 hu·

84 1628 86 1631 .
96 1603 146 1640 jus
163 1604 341 1639 sententiae,
362 1605 396 1634 de
416 1614 471 1641 qua
484 1604 624 1640 deinceps
641 1605 723 1641 plura
750 1602 899 1638 dicemus,
919 1602 950 1632 in
967 1603 1023 1631 hoc
1040 1611 1209 1641 argumento
1230 1605 1340 1633 nullum
1361 1610 1403 1633 est
1422 1602 1610 1640 praesidiu1n3

96 1662 183 1692 nam,
204 1655 248 1684 uti
264 1655 463 1685 animadvertit
482 1655 652 1685 Saussutius
673 1654 740 1692 (4)
761 1659 789 1683 et
808 1662 861 1691 ego
880 1654 962 1683 etiam
979 1654 1058 1690 vicli,
1080 1664 1182 1693 magno
1205 1655 1255 1685 illo
1283 1657 1377 1684 calore
1403 1655 1447 1684 illi
1469 1656 1544 1684 sales
1562 1664 1613 1692 pe-

88 1706 174 1735 nitus
191 1715 222 1735 se
240 1707 400 1745 adJungunt
416 1708 517 1744 terris,
540 1708 611 1737 adeo
628 1714 660 1737 ut
676 1707 767 1736 ferme
791 1704 1023 1741 vitrificat1011is‚
1054 1715 1137 1742 quarn
1158 1714 1283 1743 vocant,
1306 1706 1417 1743 species
1442 1708 1538 1735 locum
1557 1706 1605 1735 ha-

84 1755 173 1789 heat.
202 1757 282 1788 Sales
298 1758 342 1788 illi
357 1759 599 1789 suntsecundum
617 1758 800 1789 Saussurium
817 1759 885 1797 (5)
905 1759 1143 1798 hydrochlorates
1167 1769 1194 1791 et
1218 1761 1337 1791 sulfates
1359 1760 1491 1797 alcalini,
1522 1768 1608 1797 atque

1558 1810 1610 1847 igi-

131 1889 148 1926 (
163 1898 173 1918 ι
187 1893 202 1926 )
221 1892 281 1920 vid.
299 1895 444 1921 Columella
461 1896 479 1921 1.
495 1895 532 1922 11.
559 1902 584 1922 c-
600 1901 627 1928 3.

131 1937 200 1972 (2)
220 1939 280 1966 vid.
298 1940 356 1973 Gay
373 1954 407 1960 —
425 1942 511 1968 Lusac
531 1948 557 1968 et
575 1942 697 1968 Thenai-d
719 1942 743 1967 in
760 1940 851 1967 Neues
864 1940 970 1975 Journal
988 1940 1029 1966 fiir
1051 1941 1163 1967 ChemIe
1187 1940 1237 1975 und
1257 1940 1369 1974 Physiq,
1388 1948 1441 1966 von
1461 1940 1605 1972 Sweigger-

97 1983 129 2011 Β.
143 1983 177 2011 V.
197 1985 231 2012 H.
248 1985 299 2013 111.
323 1995 349 2020 p.
368 1993 427 2018 219.

130 2028 198 2062 (3)
216 2030 279 2057 Vid.
299 2032 383 2059 Korte
401 2034 419 2059 1.
437 2035 455 2060 l.
484 2042 510 2067 p.
523 2042 566 2067 99.
807 2031 880 2067 ”(4)
897 2033 960 2061 Vid.
979 2033 1105 2060 Saussure
1122 2033 1140 2061 l.
1158 2034 1176 2061 1.
1194 2040 1255 2067 pag.
1272 2039 1328 2066 175.

128 2072 193 2110 (5)
212 2076 411 2107 vid.5ausstue
428 2081 446 2107 l.
464 2082 480 2107 l.
