1919 2511
399 115 628 147 RESPONSIO
655 125 698 147 An
729 118 1038 157 QUAESTIONEM
1068 120 1349 157 LITERARIAM.
1585 136 1627 166 37⁷

821 248 935 260 1-

350 347 611 381 FABULA
666 348 1005 383 VIGESIMA
1062 354 1388 388 SECUNDA„

555 446 726 468 'RAVQ
770 447 824 468 ΠΤ
875 448 1150 474 MONEDULn.

404 543 482 583 Regi
498 546 621 576 creando
639 554 732 585 quum·
744 547 861 577 comitia
878 550 976 579 avtum
989 548 1114 589 fiir-ent,

401 595 512 625 Blando
529 596 642 634 petebat
656 605 732 636 pavo
747 605 888 637 prensans
906 600 1017 631 ambita
1030 621 1046 639 ,‹

405 646 479 675 Suus
499 653 576 685 opes,
596 657 731 686 suamque
747 650 991 688 pulchritudinem

404 697 551 735 Jactam,
571 705 603 728 et
618 699 822 730 admirandam
844 702 974 731 honorem
995 709 1147 745 corporis.-
1175 721 1178 724 ·

403 749 448 777 Et
460 749 526 786 jam
542 756 630 788 prope
650 760 709 780 una
728 759 819 781 mente
838 756 985 784 centuriae
1003 757 1108 787 alitum

405 803 442 832 In
457 805 588 841 gratiam
605 807 725 843 pavonis
745 807 980 836 inclinaverant:

401 852 553 893 Suffragia
572 856 700 885 inhibens
719 860 805 895 quum
826 858 999 888 monedula:
1018 860 1084 889 heus
1104 867 1157 897 tu,
1178 864 1242 898 ait,

404 905 551 941 Formosa,
574 909 618 943 si,
639 915 667 937 te
686 918 771 947 rege,
792 919 839 939 nos
858 912 959 949 aquila
977 912 1118 948 impetat,

409 956 470 994 Quo
483 964 568 995 pacto
588 966 662 997 opem
675 959 780 997 ferre,
801 966 855 989 aut
873 962 953 990 tueri
973 971 1020 991 nox
1035 963 1142 1001 putes?

402 1055 438 1085 In
455 1058 601 1097 deligendo
620 1069 707 1098 rege,
728 1060 816 1090 multo
835 1061 988 1100 impensius

400 1108 501 1138 Animi
520 1113 591 1140 bona
612 1111 765 1149 spectanda
784 1119 871 1149 sunt,
892 1122 977 1151 quam
997 1117 1138 1154 corporis.

151 1204 230 1234 Pavo
248 1210 274 1233 ει
294 1203 460 1236 Manedum.
502 1206 637 1237 Fabulam
663 1207 836 1245 Aesopicam
858 1208 966 1246 (vulg.
994 1209 1067 1239 coll.
1095 1217 1145 1247 53.
1169 1208 1248 1239 Cod.
1273 1209 1353 1240 Flor.
1376 1212 1441 1249 183.
1469 1214 1517 1242 ubi
1541 1221 1631 1244 tamen

112 1264 168 1293 pro
195 1256 347 1285 monedula
380 1257 513 1293 graculus
549 1260 623 1296 est)
660 1266 737 1289 tanta
762 1260 900 1297 elegantia
927 1267 955 1289 et
980 1260 1120 1290 suavitate
1148 1262 1184 1291 ad
1207 1271 1334 1292 normam
1364 1270 1392 1293 et
1420 1266 1533 1301 genium
1561 1267 1631 1296 Lin-

113 1315 186 1343 guae
210 1306 332 1337 Latinae
354 1316 523 1344 morumque
548 1309 748 1340 Romanorum
764 1311 911 1341 transtulit
932 1312 1037 1349 po‘e'ta,
1059 1319 1092 1342 ut
1116 1321 1174 1342 eam
1198 1314 1262 1351 jure
1287 1314 1342 1342 sibi
1362 1314 1504 1345 vindicare
1521 1318 1625 1353 possit.

151 1358 227 1397 Regi
245 1359 378 1391 creando,
428 1360 534 1389 Creare
561 1368 604 1390 est
634 1361 753 1399 propria
780 1371 838 1391 vox
858 1363 910 1392 hac
930 1362 960 1393 in
980 1372 1030 1393 re:
1059 1364 1139 1401 Nep.
1159 1363 1288 1396 Hannib.
1312 1374 1377 1403 cap.
1392 1374 1424 1401 7.
1457 1387 1476 1404 ,,
1493 1367 1533 1396 Ut
1556 1372 1629 1396 enim

114 1429 135 1445 ‚,
154 1409 263 1438 Romae
282 1410 421 1448 consules,
446 1412 484 1440 sic
504 1411 682 1450 Cartbagine
704 1419 772 1451 quot
788 1414 873 1442 annis
899 1416 990 1443 annui
1014 1414 1077 1444 bini
1097 1424 1175 1453 reges
1196 1415 1402 1446 creabantar'²
1425 1424 1451 1447 et
1473 1418 1627 1448 innumeris

114 1460 177 1489 aliis
196 1461 273 1498 apud
292 1461 365 1491 alios
385 1462 472 1492 locis.

152 1511 262 1541 Blando
280 1520 420 1551 prensans
447 1513 569 1545 ambitu.
611 1515 655 1545 Ut
678 1522 740 1546 tota
770 1517 831 1547 fere
855 1517 951 1547 fabula
974 1518 1016 1547 sie
1040 1519 1122 1549 etiam
1150 1519 1218 1549 haec
1243 1527 1279 1548 ex
1301 1520 1469 1557 antiquitate
1497 1521 1625 1551 Romana

112 1569 182 1592 sunt
207 1563 371 1600 desumpta.
411 1564 563 1595 Candidati
584 1566 658 1595 enirn
682 1575 747 1596 cum
771 1568 896 1606 aliquem
921 1570 1060 1599 honorem
1079 1570 1205 1607 legitime
1227 1577 1359 1607 peterent
1381 1580 1542 1609 eorumque
1566 1583 1618 1603 no-

115 1613 191 1643 mina
208 1614 279 1644 adeo
303 1622 421 1653 accepta
445 1623 564 1654 essent,
584 1623 644 1647 tum
669 1627 721 1655 per
745 1619 944 1651 trinundinum
964 1622 1111 1658 Populum
1134 1620 1224 1651 Rom.
1248 1621 1424 1660 prensabant
1446 1622 1468 1654 i.
1488 1632 1514 1653 e.
1533 1625 1626 1653 homi*

113 1673 182 1694 num
200 1665 354 1695 obviorum
376 1675 476 1696 manus
498 1668 733 1706 prehendebant,
754 1679 878 1708 eumque
897 1671 1043 1701 ambibunt
1058 1672 1093 1701 ad
1112 1673 1174 1711 eJ’us
1191 1671 1325 1711 suffragia
1341 1676 1549 1712 corrumpenda
1561 1697 1571 1712 2
1590 1684 1620 1705 ut

114 1715 155 1744 ita
175 1715 306 1746 faciendo
326 1718 487 1756 honorem,
509 1728 593 1757 quem
618 1727 772 1758 peterent,
792 1730 827 1751 eo
852 1723 959 1752 certius
980 1723 1156 1754 obtinerent.

152 1766 292 1798 Honorem
311 1771 449 1808 corporis.
475 1771 509 1800 Id
524 1778 589 1809 est,
609 1779 805 1803 venustatem:
823 1773 954 1804 similiter
972 1774 1057 1813 Virg-
1077 1775 1148 1806 Lib.
1160 1777 1187 1807 Ι.
1208 1774 1285 1808 Aen.
1306 1784 1352 1807 vs.
1368 1784 1437 1816 591.
1454 1778 1489 1808 de
1505 1778 1618 1816 Aenea,

421 1828 450 1852 et
468 1822 554 1852 laetos
572 1824 659 1852 oculis
678 1823 797 1860 afflarat
815 1825 944 1856 honores.

153 1869 307 1901 Centuriae
326 1873 442 1904 alitum.
483 1873 598 1904 Rursus
618 1874 791 1913 Metaphora
811 1884 847 1905 ex
865 1877 1035 1914 antiquitate
1054 1876 1196 1908 Romana.
