1919 2511
335 168 375 189 12
683 150 1441 187 H.G.TYDEMAN

329 249 435 291 actis,
465 247 605 292 praeviis
635 247 789 280 omnibus
817 247 1026 280 examinibus
1049 247 1220 290 praeclare
1242 244 1501 287 satisfacienteS,
1530 244 1731 279 Candidatus
1762 248 1797 282 in

330 309 401 350 jure
429 305 532 349 gradu
557 310 632 337 ante
656 305 917 348 quinquennium
941 304 1026 345 fere,
1056 303 1209 346 proximo
1235 307 1310 335 ante
1332 303 1575 346 promotionem
1598 303 1701 344 gradu
1729 305 1799 346 jam

330 367 407 395 ante
433 362 613 395 triennium
641 360 796 402 obtento,
821 371 929 401 nunc,
954 358 1182 391 Saecularibus
1204 357 1404 390 Academiae
1425 357 1714 401 concelebrandiS,
1739 371 1797 393 cu·

329 417 457 461 pientes
488 423 520 450 et
550 422 735 458 merentes,
768 417 908 449 summis
938 417 970 448 in
995 421 1064 448 arte
1093 417 1203 448 nostra
1230 414 1412 447 honoribus
1443 414 1679 457 doctoratuque
1709 416 1799 448 Juris

328 475 474 507 Romani
499 479 530 506 et
553 473 713 506 Hodierni
742 483 844 505 more
870 471 1051 513 majorum
1077 471 1264 513 ornandos,
1298 471 1465 504 unanimis
1494 473 1620 504 censuit
1643 475 1797 506 Senatus,

373 531 527 574 Quorum
550 531 649 572 alter,
673 541 844 562 cemimus
865 541 1002 562 JOANNES
1024 541 1067 561 DE
1090 540 1248 569 mmmm,
1274 527 1414 560 honesto
1433 528 1467 560 in
1487 527 1553 560 hac
1572 529 1639 570 insa
1665 527 1797 562 civitate

330 586 400 619 loco
418 592 538 628 natus,
562 585 677 619 iisdem
698 586 788 619 hisce
806 585 920 618 diebus
940 585 1159 628 disputatione
1184 583 1228 616 de
1251 586 1296 616 L.
1320 585 1479 616 Annaeo
1507 585 1683 626 Cornuto,
1706 584 1802 618 Plu·-

331 642 475 685 losopllo
506 645 624 675 Slo'z'co
654 642 748 675 docte
774 648 806 675 et
833 642 996 685 eleganter
1018 642 1159 684 scripta,
1191 646 1223 673 et
1250 640 1381 684 publice
1412 651 1452 672 ac
1482 640 1658 672 solenniter
1683 643 1801 684 magna

329 707 406 730 cum
424 698 520 730 laude
541 698 671 731 defensa
681 723 690 740 ,
713 698 852 742 gradum
870 698 1068 730 Doctoratus
1086 707 1301 741 summosque
1318 698 1353 730 in
1369 695 1582 740 Philosophia
1600 696 1795 730 Theoreticfi

331 759 363 786 et
381 753 500 786 Litoris
522 755 786 788 Humanioribus
812 754 958 787 honores
977 752 1137 794 obtinuit,
1161 753 1425 796 doctoralemque
1450 759 1575 796 togam,
1599 764 1668 786 non
1686 759 1722 787 ut
1745 763 1796 787 re-

334 808 412 853 liqui
434 809 628 852 Candidati,
652 812 686 843 in
708 810 839 854 signum
863 810 984 843 decreti
1007 815 1038 842 et
1060 820 1140 842 mox
1162 809 1350 852 complendi
1374 809 1533 851 honoris,
1555 810 1614 842 sed
1634 820 1695 843 suo
1723 812 1797 854 jure

328 866 419 908 gerit.
462 866 625 899 Juridicae
652 865 889 899 dissertationis
911 865 1112 909 inauguralis
1144 871 1377 908 argumentum
1406 864 1470 897 sibi
1502 872 1688 908 sumserat,
1711 867 1801 910 quod

329 926 361 953 et
387 921 430 954 ad
455 923 680 965 quotidianam
700 923 873 955 utilitatem
893 927 1124 965 comparatum
1151 926 1182 953 et
1206 931 1248 953 ex
1268 922 1387 954 intimo
1411 927 1524 954 tamen
1542 925 1620 954 Jure
1645 925 1802 956 Romano

328 983 360 1010 et
387 976 558 1010 Hodierno
582 982 656 1010 'erat
682 978 937 1021 explicandum,
971 977 1014 1010 (le
1038 976 1245 1010 hereditate
1262 977 1432 1020 pluribus
1457 979 1665 1018 conwmm';
1696 988 1799 1021 quam

327 1033 592 1066 dissertationem
618 1035 667 1066 sic
691 1033 871 1068 elaboravit
897 1040 928 1067 et
953 1034 1082 1078 publice
1106 1033 1266 1075 defendit,
1290 1039 1326 1066 ut
1349 1043 1501 1067 summos
1527 1033 1628 1067 hosce
1654 1034 1800 1069 honores

332 1089 481 1123 lubentes
504 1090 567 1133 ipsi
590 1090 857 1124 decerneremus.

371 1148 441 1178 Nec
457 1145 568 1178 minus
589 1146 738 1180 lubentes
753 1146 934 1191 meritoque
957 1147 1090 1180 eosdem
1112 1148 1318 1182 decrevimus
1341 1148 1433 1180 alteri
1453 1158 1494 1179 ex
1516 1147 1670 1181 facultate
1686 1150 1799 1182 nostra

329 1201 534 1244 candidato,
567 1215 707 1236 sssssALDo
737 1216 816 1236 JANO
854 1215 1028 1236 EVERARDO
1059 1216 1146 1246 nim,
1189 1204 1559 1248 Lagilano-Bacavo,
1599 1204 1798 1238 Professoris

328 1256 529 1299 doctissimi,
559 1259 708 1291 Oratoris
731 1258 957 1292 facundissimi
984 1259 1066 1301 filio,
1097 1261 1153 1303 qui
1179 1261 1322 1293 materni
1350 1260 1479 1303 generis
1508 1259 1714 1293 nobilitatem
1725 1285 1739 1299 ‚.
1764 1264 1798 1293 et

326 1319 482 1356 paternae
506 1313 617 1358 stirpis
643 1316 806 1348 literatam
830 1315 1034 1348 nobilitatem
1060 1315 1200 1348 fortasse
1226 1328 1295 1349 non
1323 1315 1535 1358 inferiorem,
1559 1319 1678 1357 Patre,
1701 1317 1797 1358 Avo,

326 1371 456 1404 Proavo
477 1376 574 1403 natus
602 1371 865 1414 Professoribus,
889 1383 958 1405 non
984 1372 1078 1404 titulo
1103 1377 1234 1405 tantum
1255 1373 1313 1405 scd
1332 1382 1448 1416 reapse
1470 1371 1688 1413 Clarissimis,
1711 1374 1798 1405 Eru-

327 1423 510 1468 ditissimis,
534 1426 618 1460 haec
644 1428 741 1471 igitur
764 1439 784 1461 a
807 1427 989 1469 majoribus
1011 1435 1148 1473 accepta
1166 1429 1305 1462 nomina
1325 1429 1510 1472 decoraque
1532 1428 1627 1471 digne
1655 1427 1796 1461 sustinet

328 1481 460 1524 suisque
490 1482 664 1515 virtutibus
689 1490 797 1517 ornat.
849 1483 916 1517 Hic
941 1484 1084 1518 honores
1113 1487 1313 1519 Doctoraias
1339 1487 1443 1519 nostri
1475 1483 1665 1527 amplioriS,
1699 1485 1797 1517 More

326 1535 493 1578 Majorum
518 1538 732 1572 conferendos
756 1540 818 1572 sibi
839 1540 972 1573 decerni
997 1543 1120 1574 meruit
1144 1541 1250 1575 oblata
1279 1541 1376 1574 nobis
1405 1540 1526 1585 egregia
1553 1540 1794 1572 Dissertatione

328 1591 381 1624 acl
400 1594 448 1624 M.
477 1594 590 1626 Tullii
614 1595 799 1628 Ciceronis
819 1595 1033 1630 Orationem
1049 1607 1124 1640 pro
1145 1601 1190 1629 P.
1219 1597 1390 1636 ριιίιῑῑίο,·
1412 1604 1512 1639 quam
1531 1595 1559 1626 si
1577 1594 1795 1638 Philologicae

326 1654 456 1680 nostrae
480 1650 582 1683 Classi
607 1653 736 1685 tradere
761 1651 955 1694 maluisset,
986 1663 1054 1686 non
1079 1653 1193 1686 dubito
1213 1654 1294 1696 quin
1319 1638 1351 1684 et
1376 1662 1451 1684 eam
1478 1656 1509 1683 et
1532 1660 1568 1683 se
1591 1650 1634 1683 ad
1659 1651 1794 1686 eosdem

326 1702 468 1736 honores
492 1706 597 1738 eidem
622 1708 715 1741 facile
737 1710 910 1752 probasset

370 1760 547 1803 Utriusque
563 1762 661 1805 hujus
680 1766 853 1799 Candidati
878 1772 1059 1811 perpetuus
1077 1766 1176 1799 ardor
1201 1765 1369 1807 discendi,
1392 1764 1562 1807 multiplex
1584 1769 1615 1796 et
1632 1769 1789 1797 accurata

327 1814 494 1859 doctrina,
526 1829 634 1852 mores
664 1832 800 1864 prorsus
824 1824 999 1866 inculpati,
1030 1823 1115 1856 laeta
1144 1827 1333 1855 constanter
1359 1826 1392 1853 et
1419 1819 1508 1863 apud
1543 1818 1790 1854 commilitones

327 1877 358 1903 et
385 1873 472 1915 apud
496 1876 728 1919 Praeceptores
754 1878 843 1911 fama
856 1903 865 1921 ,
889 1880 1089 1912 latissimum
1115 1877 1313 1921 praeberent
1340 1885 1496 1919 campum
1519 1885 1584 1918 quo
1610 1875 1644 1908 in
1673 1885 1790 1908 eorum

325 1928 439 1961 laudes
465 1933 676 1974 exspatiarer.
734 1935 817 1977 Sed,
851 1937 966 1979 optimi
992 1937 1142 1978 juvenes!
1180 1935 1215 1967 in
1246 1931 1431 1977 praecipuis
1463 1932 1580 1965 vestris
1613 1931 1787 1965 decoribus

329 1990 361 2015 et
389 1985 469 2018 mihi
489 1992 520 2018 et
545 1987 640 2019 nobis
663 1990 820 2023 omnibus
845 1998 997 2025 censetur
1024 1993 1124 2026 etiam
1146 1993 1307 2036 ingenuus
1329 1991 1380 2024 ille
1404 1990 1511 2034 pudor
1537 1990 1708 2034 utriusque
1733 2000 1787 2025 ve·

326 2044 434 2071 strum
458 2047 489 2072 et
513 2044 720 2078 verecundia.
769 2048 859 2080 Huic
878 2047 974 2092 igitur
1003 2056 1040 2083 ut
1060 2060 1218 2093 parcam,
1249 2052 1282 2080 et
1306 2047 1348 2079 ab
1371 2046 1523 2079 laudibus
1541 2047 1658 2080 vestris
1682 2046 1786 2080 Vobis

327 2104 441 2128 coram
463 2095 517 2130 hic
540 2099 650 2141 palam
670 2103 899 2143 praedicandis
918 2105 1069 2140 abstineo
1081 2131 1093 2149 ,
1115 2111 1147 2140 et
1171 2106 1296 2149 reliqua
1315 2104 1358 2138 ad
1379 2103 1550 2148 publicum
1567 2104 1658 2137 hunc
1675 2109 1788 2137 actum

1708 2169 1788 2203 pcr-
