1919 2511
399 136 626 169 RESPONSIO
657 147 700 169 An
733 136 1042 178 QUAESTIONEM
1074 140 1355 174 LITERARIAM.
1598 149 1634 177 49

412 220 571 249 Thesaurus
590 226 651 256 est,
672 229 752 258 quem
772 220 882 249 sedulus
901 221 976 251 nobis
991 229 1080 261 pater

408 271 536 301 Moriens
556 272 696 310 reliquit,
715 278 823 305 noster,
851 280 864 299 o
878 271 1016 309 fratres,
1038 273 1130 302 labor.

410 374 471 402 Sua
489 374 590 411 cuique
609 374 686 402 ‘vitae
704 372 851 402 industria
868 375 966 403 instar
984 381 1023 403 est
1042 381 1136 413 opum.

174 477 266 506 Pater
287 482 314 505 et
340 474 423 505 Filii.
473 477 551 505 Inter
578 474 737 510 Aesopicas
763 480 806 503 est
830 476 900 505 coll.
927 476 1007 511 vulg.
1026 482 1074 505 22.
1101 475 1181 505 Flor.
1210 482 1258 511 33.
1298 473 1344 502 Ex
1370 472 1511 503 divisione
1539 473 1634 503 fabula

121 536 184 558 rum
209 535 294 563 quam
317 525 456 563 Angncae
478 526 619 555 versionis
647 532 747 554 auctor
767 534 884 556 secutus
913 534 974 563 est,
997 527 1064 555 haec
1084 526 1211 556 omnium
1234 525 1325 562 prima
1349 532 1404 555 est.

161 579 240 608 Auri
254 579 410 607 maximam
427 579 498 608 vim.
531 578 578 606 Sic
599 578 700 613 optimi
719 578 828 613 quique
845 585 991 607 veterum:
1011 578 1077 607 Cic.
1099 577 1191 607 Tusc.
1205 576 1275 607 Lib.
1288 577 1327 608 V.
1344 585 1406 614 cap.
1421 585 1468 615 3²·
1494 595 1514 614 ,‚
1526 584 1631 615 magna

125 651 145 668 „
164 631 206 660 vis
225 630 294 660 auri
313 626 511 667 argentique”
534 634 563 658 et
582 628 704 657 infinitis
723 628 786 657 aliis
806 629 880 666 apud
899 628 970 658 alios
990 628 1074 658 locis.

817 756 935 769 «—

382 862 641 893 FABULA
702 861 1090 893 TRIGESI‘MA
1149 862 1370 892 SEXTA.

660 957 798 978 sxmltls
835 959 879 977 ET
912 958 1094 978 DELPHUS.

405 1036 470 1063 Mos
490 1036 678 1072 navigantum
699 1040 738 1062 est
750 1053 761 1070 ,
777 1035 872 1072 prisco
891 1034 929 1063 ab
949 1042 1034 1072 usque
1052 1041 1193 1072 tompore,

399 1084 441 1114 Ut
461 1087 658 1122 navigationis
677 1086 709 1113 in
728 1085 860 1115 solatium

404 1136 501 1165 Secum
520 1136 633 1164 catellos
660 1136 786 1165 simiosve
804 1135 950 1173 deferant.

405 1186 528 1225 Quidam
544 1187 643 1227 igitar
661 1195 741 1215 oram
752 1186 837 1222 forte
850 1194 971 1225 praeter
990 1186 1118 1216 Atticam

405 1240 475 1269 Cum
495 1239 618 1268 morione
637 1238 796 1275 navigabat
815 1239 909 1268 simio·

405 1289 481 1319 Ecce
499 1295 594 1318 autem
614 1290 708 1318 atroci
726 1290 870 1319 concitata
890 1289 1005 1319 turbine

401 1340 502 1370 Maris
514 1341 663 1379 procella,
688 1340 806 1373 Sunium
825 1341 906 1369 circa
918 1360 930 1376 ,
949 1340 1065 1370 Atticae

403 1392 517 1430 Insigne
531 1393 757 1430 promontorium
771 1413 782 1429 ,
803 1393 907 1421 evertit
926 1398 1031 1420 ratem.

400 1443 445 1472 Ibi
463 1445 540 1472 inter
558 1444 629 1472 alios
651 1442 811 1480 naufragos
831 1447 858 1471 et
877 1443 957 1471 simio

404 1496 561 1531 Natante,
582 1495 698 1533 quidam
719 1495 848 1535 Delphus
867 1502 1038 1528 accurrens,
1050 1501 1120 1527 ¹eum

404 1547 553 1576 Hominem
574 1553 681 1582 ratus,
702 1556 790 1576 manu
809 1556 845 1575 ex
861 1546 1018 1584 propinquo
1036 1543 1167 1582 praebita

403 1598 496 1628 Undis
515 1599 660 1633 levatum,
679 1607 719 1626 an
738 1599 808 1627 civis
827 1603 895 1626 esset
914 1596 1049 1630 Atticus,

403 1650 552 1687 Rogavit,
573 1648 623 1677 ille
639 1657 669 1677 se
687 1657 743 1677 esse
762 1657 827 1679 ‘vero
838 1669 849 1685 ,
871 1654 900 1677 et
918 1647 1005 1676 nobili

406 1702 482 1730 Sane
493 1722 504 1737 ,
525 1707 612 1738 atque
629 1700 709 1729 claro
725 1709 827 1738 genere
845 1699 923 1728 dixit
940 1698 1060 1727 editum.

404 1752 502 1790 Quum
522 1750 623 1781 deinde
640 1757 668 1780 et
686 1752 718 1779 in
738 1750 875 1779 Piraeum
896 1759 955 1779 ana
975 1751 1088 1779 ivissent
1109 1747 1214 1781 simul,

403 1803 593 1832 Notissimum
613 1802 717 1831 navale
736 1801 973 1837 Atheniensium,

404 1853 450 1883 Ibi
468 1854 621 1882 suscitatus
641 1852 770 1890 Delphus
788 1858 829 1881 est
849 1851 885 1880 ab
904 1853 1004 1886 simio,

408 1906 546 1935 Nossetne
565 1903 730 1932 Piraeum?
750 1902 913 1931 arbitratus
933 1902 1030 1930 simius

409 1955 488 1986 Eum
508 1963 612 1993 rogare
631 1954 665 1983 de
683 1955 792 1986 homine
810 1955 890 1989 claro
910 1954 1041 1993 quopiam
1052 1972 1063 1988 ,

410 2008 455 2037 Et
473 2015 547 2037 nosse
565 2005 663 2044 dixit,
682 2011 710 2034 et
730 2004 851 2034 sodalem
871 2014 927 2033 esse
946 2005 1025 2034 hunc.
1039 2012 1132 2034 suum.
1177 2014 1179 2016 ·

413 2058 505 2096 Quam
525 2057 557 2088 ob
575 2057 734 2087 vanitatem
753 2056 882 2095 Delphus
901 2058 952 2085 ira
968 2057 1116 2095 percitus,

906 2107 936 2138 G
1572 2098 1642 2127 Tum
