1919 2511
325 119 361 156 56
570 111 800 144 CLAUDII
839 107 1072 140 HENRICI
1111 116 1192 139 VAN
1235 107 1589 140 HERWERDEN

326 201 363 230 tis
391 198 538 235 fastigium
564 195 734 226 habebatur.
784 194 817 223 In
843 193 1082 225 contentionibus
1114 191 1256 229 religiosis
1284 191 1415 228 ingentes
1449 192 1504 221 sibi
1538 198 1633 229 partes
1661 199 1843 228 comparave-

330 257 393 281 rant
414 249 492 288 (1).
533 248 566 278 In
584 249 692 276 clerum
721 246 810 282 magis
830 247 978 284 magisque
997 243 1229 280 cooptabantur,
1250 243 1288 272 ita
1315 249 1346 272 ut
1368 242 1423 279 ipsi
1443 243 1525 272 etiam
1545 242 1642 272 clerici
1659 244 1841 280 appellaren-

332 310 400 338 tur,
428 300 565 330 clericare
592 305 684 328 autetn
714 296 892 326 Monachum
917 296 1042 332 aliquem
1068 294 1185 323 reddere
1207 293 1382 330 significaret
1410 293 1490 330 (a).
1537 293 1631 330 Cujus
1659 293 1698 323 rei
1719 294 1786 323 haec
1816 294 1845 325 in

333 352 433 390 primis
462 359 563 381 caussa
588 349 666 384 fuit,
694 348 773 384 quod
801 347 947 384 ingentem
976 354 1092 383 operam
1117 345 1314 382 propagandae
1335 344 1516 375 Christianae
1545 343 1676 381 religioni
1701 351 1845 375 navarent.

333 404 452 434 Publice
475 402 563 438 igitur
587 400 733 429 nationum
764 398 885 427 Christo
916 397 1107 435 subJectarum
1134 396 1269 425 doctores
1299 395 1570 432 constituebantur,
1599 404 1631 424 ac
1662 394 1846 432 presbytero-

333 463 394 483 rum
423 461 540 482 munere
566 450 760 487 fungebantur
781 448 863 485 (3).

373 506 509 534 Carolum
534 500 727 530 Monasticam
751 499 887 529 insaniam
909 500 990 528 valde
1019 498 1201 536 promovisse
1224 504 1310 533 atque
1339 498 1573 534 commendasse,
1603 505 1714 534 supra,
1740 497 1771 527 ni
1795 496 1847 528 fal·

333 559 395 591 lor,
417 556 472 592 jam
500 553 595 582 obiter
619 551 755 580 diximus.
798 550 907 580 Votum
936 551 1079 587 fidemque
1106 550 1198 579 datam
1225 549 1324 578 fallere
1355 551 1436 585 plane
1462 549 1567 580 vetuit.
1608 550 1690 587 Quae
1712 548 1761 585 qui
1784 548 1849 578 reli.

332 605 496 643 giosissime
522 603 729 638 observarent,
759 610 808 631 eos
832 603 913 632 valde
938 603 1077 639 diligebat
1102 610 1130 631 et
1153 602 1384 639 prosequebatur
1415 603 1497 640 (4).
1538 601 1646 631 Noluit
1673 607 1768 630 tamen
1790 599 1849 629 vir-

332 658 412 694 gines
437 662 502 684 ante
526 654 697 691 vigesimum
725 653 857 690 quintum
883 653 982 682 aetatis
1004 663 1109 683 annum
1139 653 1289 689 ordinari,
1311 662 1347 682 ne
1372 660 1437 682 ante
1465 653 1624 690 eligerent,
1648 661 1752 688 quam,
1776 651 1845 688 quid

331 710 457 740 vellent,
484 706 592 736 scirent
622 709 705 744 (5).
760 705 897 743 ingenuis
923 706 1090 735 hominibus
1121 705 1150 734 in
1178 705 1371 734 monachalem
1399 704 1637 734 consuetudinem
1669 712 1729 733 non
1756 710 1847 732 trans-

328 760 368 788 ire
392 758 541 795 permisit,
562 757 618 786 nisi
639 757 704 785 data
723 757 806 785 venia
839 756 1042 797 imperatoris,
1066 756 1101 784 iis
1128 762 1221 785 autern
1248 755 1298 791 qui
1321 755 1432 785 servilis
1461 761 1556 784 essent
1575 754 1771 790 conditionis,
1793 754 1846 783 do·

331 810 474 838 minorum
503 815 649 837 consensu
675 816 750 843 opus
775 813 832 835 erat
852 808 936 845 (6).

371 860 458 889 Omni
484 868 571 896 opere
604 858 753 887 contendit
782 865 814 886 ut
841 858 981 887 Monachi
1005 858 1184 895 Benedicti,
1221 858 1383 888 Patriarcha
1411 858 1461 894 qui
1494 856 1600 886 dicitur
1627 856 1847 890 occidentalium

335 911 569 944 Monachorum‚
600 911 714 946 regulas
742 918 927 945 normamque
950 917 1151 945 sequerentur.
1190 910 1356 939 Abbatibus
1387 917 1413 937 et
1435 908 1590 938 Monachis
1617 908 1666 945 qui
1692 907 1846 944 concino,

334 961 510 999 Aquisgrani
528 969 602 989 anno
613 960 775 994 DCCCH,
795 959 892 987 habito
910 968 1073 996 praesentes
1090 961 1241 996 adessent,
1257 967 1430 989 conventum
1451 960 1621 996 singularem
1641 967 1723 995 agere
1739 957 1844 996 jussit,

333 1023 390 1049 quo
417 1011 562 1041 Benedicti
591 1013 688 1048 regula
711 1012 854 1047 legeretur
872 1017 899 1039 et
917 1012 951 1040 ab
971 1012 1137 1040 horninibus
1161 1012 1202 1040 rei
1227 1011 1327 1047 peritis
1353 1011 1557 1047 explicaretur.
1599 1009 1752 1039 Mandavit
1770 1017 1846 1045 quo-

329 1074 407 1101 que,
431 1070 462 1092 ut
486 1063 514 1091 in
533 1062 682 1091 coenobiis
707 1071 740 1090 ex
764 1070 876 1098 patrum
903 1062 1044 1091 institutis
1066 1063 1222 1099 degerent,
1244 1071 1275 1091 ac
1303 1062 1443 1098 quicquid
1462 1062 1598 1090 adversus
1626 1059 1774 1089 Benedicti
1798 1067 1843 1088 re·

331 1117 422 1153 gulam
443 1113 628 1142 commissum
656 1119 750 1148 esset,
773 1113 802 1140 id
825 1113 983 1141 secundum
1013 1115 1074 1151 eJ'us
1101 1120 1254 1151 praecepta
1281 1113 1460 1141 emendarent
1482 1112 1564 1149 (7).

368 1167 409 1195 Ut
436 1164 585 1194 dissolutis
610 1164 828 1192 coenobitarum
854 1164 984 1192 moribus
1006 1164 1121 1193 obviam
1149 1164 1226 1199 iret,
1256 1171 1401 1192 strenuam
1429 1172 1543 1199 operam
1567 1162 1693 1192 navavit.
1743 1161 1843 1191 Abba-

328 1218 407 1247 tissis
436 1215 601 1253 praecepit,
623 1221 654 1242 ut
680 1214 788 1250 absque
807 1213 1018 1243 intermissione
1040 1223 1071 1243 se
1091 1215 1120 1243 in
1140 1214 1320 1244 monasteriis
1343 1214 1404 1242 suis
1429 1219 1568 1242 tenerent.
1611 1212 1713 1242 Vetuit
1739 1213 1842 1249 etiam,

330 1278 365 1300 ne
390 1268 474 1304 quis,
506 1267 568 1308 sive
594 1265 772 1302 episcopus,
800 1264 860 1293 sive
882 1265 1056 1301 presbyter,
1086 1265 1148 1294 sive
1172 1265 1310 1295 diaconus
1335 1271 1434 1300 esset,
1463 1265 1492 1293 in
1515 1265 1676 1301 puellarum
1701 1264 1842 1294 coenobia

327 1320 543 1356 ingrederetur,
565 1323 686 1353 excepto
708 1316 902 1353 presbytero,
923 1317 1006 1353 cujtls
1033 1322 1133 1351 esset,
1155 1316 1236 1345 statis
1259 1316 1439 1353 temporibus
1465 1324 1560 1344 sacras
1578 1316 1764 1345 caerimonias
1782 1315 1839 1344 ob-

328 1374 381 1401 ire.
422 1370 508 1399 Hunc
534 1375 627 1397 tamen
651 1376 768 1397 munere
792 1375 908 1403 peracto
930 1368 1073 1403 externplo
1089 1367 1194 1396 reverti
1209 1367 1308 1404 Jussit.
1350 1367 1513 1395 Abbatibus
1534 1367 1650 1404 saepius
1667 1365 1837 1396 monasteria

328 1423 398 1459 ipsis
422 1420 575 1450 commissa
597 1420 675 1448 adire
696 1419 860 1456 praecepit,
881 1426 909 1448 at
927 1418 1067 1448 instruere
1090 1417 1233 1453 clericos,
1263 1426 1295 1447 ut
1315 1418 1370 1447 Dei
1395 1418 1583 1447 ministerium
1611 1418 1665 1446 rite
1691 1418 1839 1454 explerent

328 1480 515 1508 normamque
541 1471 650 1500 ordinis
674 1470 719 1498 sui
741 1470 925 1499 observarent
946 1470 1025 1507 (8).
1065 1470 1158 1499 Caute
1183 1478 1302 1506 quoque
1330 1469 1421 1504 vidit,
1444 1478 1479 1498 ne
1503 1469 1636 1498 monachi
1662 1468 1761 1497 fraude
1780 1476 1837 1497 ma-

328 1526 421 1559 lisque
443 1522 517 1550 dolis
540 1522 670 1550 homines
693 1522 903 1557 perducerent,
926 1521 960 1550 ad
979 1520 1216 1549 monasteriorum
1234 1521 1308 1549 bona
1334 1528 1348 1547 e
1368 1519 1685 1556 possessionibussuis
1708 1518 1837 1556 augenda

329 1583 359 1602 ac
387 1573 599 1609 locupletanda.
640 1573 768 1610 Quarum
793 1573 942 1609 impiarum
967 1571 1203 1607 compilationum
1220 1571 1370 1607 capitulari
1396 1571 1477 1600 etiam
1498 1571 1620 1607 quodam
1638 1570 1840 1606 interrogatio-

327 1627 372 1654 nis
395 1624 543 1653 admonuit
561 1643 572 1658 ‚
596 1632 751 1659 quaerens,
773 1632 840 1652 num
863 1622 886 1652 is
907 1623 1013 1651 mundo
1033 1622 1203 1652 valedixisse
1229 1623 1379 1657 videatur,
1402 1622 1451 1657 qui
1473 1621 1601 1657 quotidie
1623 1621 1752 1657 qualibet
1776 1628 1836 1651 arte

330 1676 530 1713 possessiones
553 1683 618 1703 suas
647 1674 826 1711 amplificet,
858 1673 919 1703 sive
945 1675 1027 1709 regni
1053 1675 1186 1703 coelestis
1210 1673 1384 1702 beatitudine
1407 1672 1584 1708 attollenda,
1612 1672 1675 1701 sive
1701 1672 1836 1701 minando

1794 1731 1840 1752 ae·

363 1809 431 1844 (ι)
450 1809 509 1835 vid.
528 1808 677 1840 Schr6c1<h‚
699 1813 717 1835 t.
734 1809 790 1835 XX.
809 1817 837 1842 p.
851 1815 878 1840 3.
895 1816 954 1841 sqq·
1090 1807 1153 1841 (2)
1172 1809 1231 1836 vid.
1252 1806 1413 1834 Hamelsveld
1429 1812 1448 1833 t.
1466 1805 1526 1832 XII.
1545 1813 1571 1838 p.
1592 1813 1616 1832 2.

361 1856 424 1891 (3)
446 1856 572 1882 Hamelsv.
596 1856 613 1880 l.
633 1855 650 1880 1.
753 1852 818 1888 (4)
837 1855 895 1881 Vid.
915 1856 993 1881 Mon.
1013 1853 1147 1882 San-Gall.
1166 1857 1183 1882 l.
1199 1857 1234 1882 11.
1252 1863 1277 1882 c.
1293 1856 1333 1881 18.
1352 1855 1438 1886 Capit.
1453 1861 1475 1880 a.
1488 1855 1548 1886 789.
1566 1862 1592 1886 p.
1606 1860 1666 1886 990.
1684 1859 1725 1886 ap.
1747 1852 1832 1885 Bouq.

362 1902 428 1938 (5)
449 1903 528 1930 Mon.
549 1902 685 1927 Sancall.
703 1901 720 1929 l.
738 1902 756 1926 l.
891 1899 961 1936 (6)
980 1903 1047 1934 Cap.
1065 1903 1118 1928 inc.
1135 1910 1159 1930 a.
1177 1909 1217 1934 ap.
1237 1903 1324 1934 uouq.
1345 1909 1371 1933 p.
1388 1901 1448 1931 690.

360 1950 401 1984 (7
414 1951 430 1983 )
448 1951 514 1981 Cap.
530 1955 569 1975 10.
588 1949 673 1974 Mansi
692 1954 710 1974 t.
725 1948 799 1973 xm.
818 1955 844 1979 p.
863 1954 939 1981 1071.

356 1995 423 2031 (8)
443 1996 540 2022 chron.
568 1995 653 2021 Muss.
679 2002 719 2027 ap.
745 1995 830 2026 Bouq.
856 2002 883 2027 p.
898 1995 940 2020 80.
968 1995 1048 2021 Paull.
1073 1995 1152 2021 Diae.
1177 1994 1209 2020 de
1234 1994 1314 2027 episc.
1339 1999 1409 2020 mett.
1435 2000 1461 2025 p.
1483 1999 1541 2025 191.
1566 1993 1584 2020 l.
1615 1993 1633 2020 Ι.
1659 2000 1715 2026 cap.
1738 2001 1762 2020 a.
1779 1996 1832 2021 inc.

324 2054 350 2077 p.
366 2045 425 2076 691.
443 2050 484 2075 ap.
502 2043 591 2073 Bouq.
610 2041 697 2067 Mausr
716 2048 734 2067 t.
749 2041 825 2066 Xlli.
844 2048 872 2072 p.
896 2047 968 2072 1047.
1005 2042 1049 2067 Lis
1072 2042 1229 2067 eruditorum
1249 2047 1307 2065 num
1328 2039 1352 2064 id
1378 2041 1501 2072 temporis
1527 2046 1614 2067 omnes
1634 2042 1759 2068 Monachi
1780 2041 1830 2067 Be-

319 2089 449 2115 nedictum
466 2089 548 2113 secuti
561 2089 626 2118 sint,
646 2085 756 2112 nondum
773 2087 879 2112 direiuta
893 2085 1004 2113 videtur.
1038 2086 1099 2114 Vld.
1117 2086 1252 2113 Schrockh
1275 2092 1294 2113 t.
1314 2085 1372 2113 XX.
1389 2094 1416 2119 p.
1434 2093 1473 2119 ¹5·
1793 2094 1795 2096 ·
