1919 2511
408 145 636 177 RESPONSIO
663 154 706 176 An
734 144 1046 186 QUAESTIONEM
1072 147 1283 180 MEDICAM.
1556 157 1594 186 95

89 229 162 260 enim
186 236 240 259 suo
260 229 388 266 amisso,
418 229 606 266 depriinitur,
628 228 772 265 simulque
790 228 918 258 tenditur
938 229 1046 266 (η),
1074 237 1204 260 centrum
1227 230 1356 259 cavitatis
1387 233 1518 267 scapulae
1542 232 1590 260 de-

86 289 227 316 cussans,
258 289 343 317 quare
366 279 456 308 cubiti
485 280 635 308 flexionem
667 279 697 308 in
723 279 858 308 omnibus
885 281 1043 317 reponendi
1070 282 1233 318 methodis,
1262 283 1476 318 qualescunque
1506 283 1587 320 sint,

83 332 249 361 laudandam
271 340 352 367 esse,
373 337 457 368 putat
479 330 618 360 Percivau
637 331 705 359 Pott
725 330 786 367 (13
802 331 831 369 ).

117 383 179 421 Jam
205 391 293 416 vere,
314 381 452 419 indagatis
475 383 688 414 musculorum,
718 382 897 418 superiorem
928 384 1060 421 scapulae
1094 390 1204 421 partem
1226 383 1452 420 occupantium,
1479 383 1538 412 situ
1565 390 1592 411 et

80 434 238 464 directione
264 434 400 469 mutatis,
430 434 576 462 videamus
605 433 750 469 quomodo
780 434 926 471 musculi,
960 435 1032 465 infra
1067 436 1177 472 spinam
1207 437 1358 472 scapulae,
1389 442 1417 463 et
1444 437 1497 463 sub
1525 436 1588 472 ipsa

79 488 199 524 scapula
222 486 289 522 siti,
311 486 340 516 in
357 487 409 515 hac
432 485 588 515 luxationis
610 484 708 521 specie
726 493 758 513 se
776 485 909 515 habeant.
951 486 1103 522 Musculi,
1126 487 1176 522 qui
1193 496 1269 516 nunc
1287 486 1461 516 memorandi
1486 495 1588 522 super-

78 545 168 575 sunt,
187 537 325 567 minorem
337 559 347 574 ,
366 545 449 573 quam
464 538 520 574 jam
538 536 708 572 memorati,
726 535 885 565 tensionem
905 537 963 573 pati
982 538 1135 573 videntur,
1153 538 1227 568 inter
1245 547 1320 575 quos
1335 537 1467 568 nonnulli
1488 538 1587 575 potius

78 590 258 626 relaxantur3
280 597 333 618 nec
349 588 472 624 mirum,
493 588 535 617 illi
551 588 624 618 enim
640 597 666 617 e.
689 596 718 624 g.
740 587 787 617 M.
808 587 1044 625 subscapularis,
1071 595 1145 618 teres
1170 590 1260 627 maJ‘or
1281 596 1339 619 cet.
1360 590 1393 618 ad
1416 591 1490 618 latus
1506 589 1588 618 sinus

82 640 241 669 articularis
260 640 308 669 siti
329 640 451 678 propius
470 639 602 668 accedere
618 639 752 668 videntur
775 639 809 668 ad
825 639 898 668 illud
913 646 1068 676 punctum,
1087 640 1134 669 cui
1150 640 1180 670 in
1198 641 1250 670 hac
1267 641 1414 670 luxatione
1431 648 1518 677 caput
1536 642 1588 669 hu-

78 692 150 722 meri
166 692 327 728 incumbit,
348 693 387 721 ita
407 698 440 721 ut
458 691 594 721 distantia
617 700 657 720 m.
679 690 893 727 subscapularis
911 691 1031 728 originis
1048 698 1075 720 et
1090 691 1257 721 insertionis
1274 692 1412 721 minorem
1431 692 1530 721 efficiat
1555 692 1589 720 fi-

77 742 192 773 brarum
210 743 413 773 muscularium
429 742 610 779 tensionem,
631 743 832 778 neminemque
849 743 1043 772 dubitaturum
1060 750 1196 779 autumo,
1219 744 1288 780 quin
1301 764 1310 779 ,
1328 745 1420 780 capite
1441 745 1515 774 ossis
1533 745 1586 774 hu-

73 795 146 825 meri
165 795 238 825 intra
258 794 409 824 cavitatem
428 794 530 822 axillae
548 799 680 829 retento,
707 794 789 822 hicce
812 794 962 823 musculus
986 796 1085 823 revera
1106 796 1263 830 relaxetur,
1286 795 1401 824 tendine
1417 804 1513 824 crasso
1537 805 1586 825 an-

76 847 212 876 tei-iorem
230 847 313 875 simis
333 845 491 875 articularis
510 852 619 882 partem
646 852 826 883 occupanteg,
850 845 1029 874 tuberculum
1049 845 1124 874 enim
1147 845 1262 880 minus,
1286 853 1424 881 punctum
1452 848 1584 876 insertio-

70 896 117 927 nis
144 898 231 935 hujus
254 896 397 932 musculi,
419 896 518 932 quod,
540 896 659 924 humero
681 897 715 924 ab
742 896 864 925 articulo
881 897 1045 932 pendente,
1067 897 1122 925 sub
1142 896 1297 926 unciformi
1314 905 1454 932 processu
1473 899 1557 928 situm
1570 921 1581 935 ,

67 948 180 978 axillam
205 949 322 985 respicit
351 947 469 986 (14),
498 947 613 976 cavitati
650 947 776 976 internae
803 949 937 984 scapulae
969 947 1089 983 propius
1116 946 1169 983 fit,
1198 948 1272 976 unde
1302 957 1343 977 tn.
1372 949 1583 986 subscapularis

69 999 178 1037 στί-ξος
201 1000 252 1029 sed
270 1008 307 1029 ne
334 1007 498 1036 moremur,
520 997 627 1035 singuli
643 998 767 1027 musculi
789 1005 922 1028 mutatam
944 997 1110 1035 indagemus
1128 994 1313 1028 directionem
1335 1000 1369 1028 ad
1387 1007 1513 1029 centrum
1538 1010 1583 1030 ca-

66 1050 164 1081 vitatIs
182 1053 328 1088 scapulae.

102 1102 152 1133 M.
172 1102 437 1143 Iffra-spinmus,
458 1104 492 1133 ab
514 1104 629 1133 externit
648 1105 783 1140 scapulae
800 1109 880 1140 parte
905 1102 979 1131 infra
1000 1102 1109 1139 spinam
1131 1107 1212 1131 ortus
1225 1122 1236 1137 ,
1257 1101 1343 1131 fibras
1356 1123 1367 1138 ,
1389 1103 1418 1132 in
1438 1104 1580 1133 tendinem

64 1155 220 1191 collectas,
240 1155 270 1184 in
290 1155 442 1184 tuberculo
461 1162 578 1185 externo
597 1155 709 1184 humeri
732 1155 853 1184 insertas
877 1153 973 1183 habet.
1015 1153 1045 1181 Si
1070 1159 1163 1182 autem
1182 1154 1255 1181 hanc
1277 1152 1411 1182 fibrarum
1436 1156 1577 1183 muscula-

64 1205 139 1234 rium
161 1206 346 1235 directionem
370 1206 400 1235 in
423 1215 492 1235 sano
521 1207 642 1235 articulo
668 1205 869 1240 attendamus,
897 1213 965 1232 mox
996 1204 1148 1240 videmus,
1179 1203 1229 1232 ubi
1257 1204 1360 1233 lineam
1386 1204 1574 1240 imaginariam

62 1255 195 1285 ducimus
222 1257 256 1285 ab
282 1256 392 1293 origine
417 1265 512 1293 usque
539 1257 574 1286 ad
603 1257 789 1286 insertionem
823 1256 903 1284 illius
934 1255 1084 1291 musculi,
1123 1255 1198 1284 illam
1228 1264 1291 1284 esse
1322 1255 1382 1284 fere
1412 1256 1578 1286 horizonta-

59 1307 136 1344 lem,
165 1307 203 1336 ita
226 1314 258 1336 ut
274 1307 444 1338 insertionis
463 1315 627 1344 punctum,
649 1318 749 1345 parum
775 1315 937 1337 extrorsum
962 1307 1069 1342 situm,
1097 1312 1230 1343 respectu
1254 1305 1383 1335 cavitatis
1407 1308 1571 1343 gleno'ideae

59 1357 180 1395 oblique
197 1365 326 1388 centrum
346 1359 476 1389 cavitatis
500 1359 646 1396 respiciat.

92 1408 156 1445 Jam
173 1418 263 1446 vero,
289 1410 382 1446 capite
403 1410 515 1439 humeri
541 1411 676 1439 deorsum
705 1412 824 1448 luxato,
854 1411 1006 1441 tuberculo
1034 1411 1130 1448 itaque
1155 1417 1293 1448 externo,
1321 1412 1350 1441 in
1375 1420 1433 1448 quo
1460 1420 1498 1443 m.
1526 1413 1568 1442 in-

59 1458 234 1496 fraspinatus
259 1461 443 1497 terminatur,
472 1461 632 1497 depresso,
662 1460 688 1490 si
720 1462 798 1490 nulla
825 1461 968 1499 disruptio
1000 1461 1135 1490 fibrarum
1160 1461 1337 1494 obtinuerit,
1363 1470 1482 1491 necesse
1507 1468 1569 1497 est,

60 1511 138 1546 quod
160 1511 236 1541 linea
258 1512 445 1549 directionis,
465 1519 547 1543 antea
576 1504 858 1543 centrum'cavitatis
882 1514 1016 1550 scapulae
1042 1513 1262 1541 horizontaliter
1289 1512 1465 1548 decussans,
1491 1522 1568 1543 nunc

54 1567 166 1597 partem
187 1561 353 1591 inferiorem
374 1564 481 1601 (15),
502 1572 575 1600 quae
599 1564 681 1595 basin
698 1565 872 1601 constituit,
893 1564 1070 1602 peripheriae
1093 1564 1223 1593 cavitatis
1246 1570 1364 1600 tangat,
1384 1563 1423 1592 ita
1447 1571 1478 1593 ut
1500 1573 1516 1593 a
1532 1565 1567 1593 li-

55 1614 111 1642 nea
137 1615 215 1643 recta
242 1615 381 1644 decedens
414 1624 479 1645 cum
505 1615 590 1653 spina
616 1617 768 1653 scapulae,
798 1616 846 1645 cui
871 1615 1092 1645 horizontaliter
1118 1614 1303 1652 subJ'acebat,
1331 1616 1466 1651 angulum
1494 1624 1566 1652 quo-

56 1663 205 1693 dammodo
225 1664 331 1694 formet
360 1672 486 1696 acutum.

94 1716 144 1746 M.
165 1715 380 1755 Subscapularis
400 1727 416 1747 a
441 1727 496 1748 suo
519 1725 585 1748 ortu
614 1719 774 1755 procedens
797 1720 852 1749 sub
876 1727 1016 1757 processu
1038 1718 1208 1748 coraco‘ideo
1234 1717 1413 1754 superiorem
1434 1723 1462 1747 et
1487 1725 1566 1748 ante-

54 1766 159 1796 riorem
178 1768 331 1804 marginem
356 1768 486 1798 cavitatis
506 1771 640 1807 scapulae
662 1770 800 1806 respicit,
822 1777 850 1800 et
866 1771 901 1800 ab
929 1779 964 1800 eo
989 1771 1056 1799 loco
1082 1769 1269 1798 directionem
1289 1768 1436 1804 situmque
1460 1775 1561 1798 mutat.

55 1816 156 1846 Fibrae
180 1818 274 1854 enim,
297 1828 368 1855 quae
386 1820 513 1849 radiatim
541 1829 557 1849 a
578 1821 641 1849 tota
663 1820 776 1850 interna
803 1823 936 1858 scapulae
961 1821 1116 1858 superficie
1139 1821 1169 1850 in
1190 1827 1280 1849 unum
1301 1818 1470 1848 fasciculum
1494 1828 1563 1848 con-

57 1869 172 1905 fluunt,
201 1870 319 1899 simulac
347 1879 424 1900 oram
444 1872 679 1908 appropinquant
703 1871 873 1901 anteriorem
901 1873 982 1902 sinus
1011 1871 1190 1905 articularis,
1209 1870 1275 1900 inde
1297 1869 1384 1906 magis
1406 1869 1562 1905 recedunt,

59 1920 240 1950 tuberculum
268 1920 432 1959 internum,
453 1922 619 1952 insertionis
632 1930 792 1961 punctum,
814 1923 932 1961 oblique
954 1925 1087 1954 deorsum
1110 1929 1236 1952 secutae.

1517 1971 1564 2000 Fi-

93 2051 178 2087 (12)
203 2054 345 2083 Thomson.
372 2057 391 2083 l.
409 2063 436 2083 c.
458 2065 485 2090 p.
500 2065 558 2092 344.
582 2058 661 2086 Petit.
684 2059 703 2087 1.
721 2066 746 2086 c.
771 2063 791 2086 t.
811 2065 836 2086 1.
861 2065 889 2091 p.
908 2059 965 2091 189.

91 2096 110 2131 (
123 2099 179 2132 13)
211 2100 285 2127 Chir.
301 2102 395 2128 Works
417 2109 446 2136 p.
459 2110 518 2138 700.
543 2105 627 2133 Lond.
644 2111 717 2139 1775.
733 2111 790 2138 4to.

90 2143 175 2179 (14)
200 2146 283 2174 Bonn.
300 2148 319 2174 1.
337 2155 362 2174 c.
386 2156 413 2181 p.
429 2149 455 2176 8.
657 2150 673 2184 (
689 2150 743 2186 ¹5)
770 2152 803 2179 A.
821 2151 938 2182 Cooper.
958 2149 1082 2177 Abhaudl.
1106 2148 1151 2176 iib.
1169 2149 1223 2175 lux.
1241 2154 1293 2174 cet.
1318 2155 1344 2179 p.
1362 2146 1404 2172 28.
1522 2177 1559 2189 ᾗ

882 2197 909 2225 D
