1919 2511
287 161 324 195 56
556 154 843 193 JOANNIS
904 154 1219 187 HERMANI
1277 155 1500 188 KROON

289 238 433 275 egregium
457 243 639 274 praeceptum
663 237 693 267 in
716 237 804 274 illm,
835 246 908 274 quos
933 244 1017 267 vocat
1042 238 1187 269 Plutarch.
1215 238 1251 268 de
1277 237 1442 274 Tranquin.
1471 238 1567 268 Animi
1593 246 1623 274 p.
1651 247 1718 275 470.
1743 241 1793 276 ἐξω

288 290 449 325 βλέποντας
472 290 516 318 ἀεῖ
541 290 587 318 καὶ
613 290 808 327 θαυμάζοντας
834 291 985 326 ἀλλοτρίοις
1013 290 1093 325 δόξαις
1114 290 1161 320 καὶ
1185 290 1301 326 τύχαις,
1323 289 1412 326 ὥσπερ
1437 290 1530 327 μοιχοὶ
1550 291 1602 322 τὰς
1626 290 1719 325 ἐτέρων
1746 303 1797 326 γυ·

289 345 406 374 vicium,
428 341 515 370 αὐτῶν
542 341 569 370 δὲ
600 341 647 370 και)
674 343 726 370 τᾶν
749 341 820 370 ἰδίων
842 343 1105 378 καταφρονοῦντας,
1126 340 1232 376 quibus
1257 348 1307 370 sua
1333 347 1412 370 sorte
1438 349 1497 370 non
1522 340 1664 370 contentis

580 390 722 419 Fertilior
740 399 812 427 seges
832 396 871 418 est
890 391 990 418 alienis
1009 398 1114 428 semper
1132 392 1163 418 in
1183 392 1262 420 arvis

622 440 807 478 Vicinumque
820 447 902 478 pecus
918 440 1060 477 grandius
1081 439 1148 468 uber
1167 441 1261 471 habet.

294 501 326 522 ut
350 500 393 522 est
416 494 491 530 apud
512 491 600 522 Ovid.
622 492 693 521 Am.
716 491 785 521 Lib.
802 491 827 520 Ι.
855 499 899 523 vs.
920 500 988 528 349,
1029 491 1128 527 Nam,
1158 498 1190 521 ut
1215 499 1291 521 recte
1314 498 1411 522 monet
1439 491 1560 521 Terent.
1586 493 1704 522 phorm.
1728 494 1795 523 Act.

297 547 322 573 Ι.
346 545 395 574 Sc.
413 553 446 582 3.
468 552 515 573 vs,
533 551 582 572 20.

577 592 626 622 Ita
639 593 770 632 plerique
788 594 900 631 ingenio
919 603 1012 622 sumus
1031 603 1120 622 omnes
1135 614 1146 631 ,
1166 596 1256 623 nostri
1274 601 1377 623 nosmet
1394 595 1526 632 poenitet.

295 647 444 675 Adversus
468 646 524 674 hoc
550 653 619 674 vero
649 644 734 675 animi
762 644 864 673 vitium
893 647 1004 674 nullum
1030 645 1170 673 efficacius
1193 646 1347 674 remedium
1378 652 1441 680 est,
1473 653 1554 680 quam
1584 651 1614 673 ut
1640 651 1801 681 spectemus

296 697 380 726 nobis
402 696 572 732 inferiore53
607 715 625 731 ,,
640 703 717 722 nemo
737 696 808 722 em'm
828 696 933 731 miser,
956 697 1011 723 nisi
1035 702 1215 733 comparatus
1226 695 1259 730 ,’'
1282 703 1312 724 ut
1331 695 1435 724 alicubi
1457 696 1494 724 ait
1517 695 1624 724 Seneca
1645 695 1804 733 Tragkus,

295 755 325 776 et
352 748 387 776 de
416 756 471 783 qua
497 755 528 776 re
556 745 667 783 egregia
696 751 763 774 sunt
788 754 859 781 quae
886 746 915 774 d.
937 747 958 775 1.
979 746 1117 782 praecipit
1142 746 1329 780 Plutarchu53
1349 755 1407 783 quo
1434 747 1556 782 pertinet
1574 754 1601 776 et
1622 745 1695 775 illud
1717 747 1807 776 Cato—

297 798 366 835 nis,
391 797 519 827 Distich.
543 795 612 826 Lib.
633 798 685 826 lV.
706 796 784 824 Dist.
805 804 852 832 3²·

583 847 674 885 Quum
695 845 749 874 tibi
767 846 914 884 displiceat
934 856 1031 876 rerum
1044 846 1172 883 fortuna
1191 854 1309 876 tuarum
1321 869 1333 884 ‚

583 898 713 927 Alterius
732 904 846 936 specta,
868 907 920 935 quo
939 900 977 928 sit
995 898 1159 928 discrimine
1174 898 1268 938 pejor.

998 1004 1115 1016 —n

454 1079 713 1111 FABULA
775 1079 1320 1123 QUADRAGEVSIMA
1377 1078 1653 1117 QUARTA.

742 1175 922 1194 vaPEs
973 1174 1098 1194 vo'tA
1147 1175 1354 1195 MUTANS.

585 1252 706 1280 Initura
725 1252 818 1290 vulpes
837 1258 941 1281 cortem
961 1253 1082 1290 opimam
1102 1251 1222 1288 divitis,

582 1302 691 1340 ,Pingui
708 1302 847 1340 refertam
865 1311 968 1340 genere
984 1303 1146 1340 gallinaceo
1159 1323 1169 1339 ‚

587 1353 730 1382 foramen
748 1354 802 1390 id,
823 1363 880 1391 qua
900 1353 1105 1383 transeundum
1128 1360 1193 1382 erat
1211 1353 1264 1382 sibi
1274 1374 1286 1390 ‚

586 1403 724 1442 Cupiebat
742 1406 774 1433 in
790 1403 965 1443 penetrando
985 1405 1156 1434 dilatarier.

586 1454 714 1484 Rursum
734 1454 800 1483 inde
819 1455 980 1493 subreptam
1001 1464 1048 1484 ore
1063 1455 1206 1492 gallinam
1227 1454 1342 1492 efferens

585 1506 678 1543 Quum
690 1505 758 1542 jam
777 1507 967 1535 imminentem
987 1506 1118 1534 horreret
1136 1515 1155 1533 a
1177 1513 1256 1544 tergo
1275 1515 1392 1540 canem,

586 1556 635 1585 Ne
654 1566 682 1585 se
700 1557 749 1586 ille
763 1563 853 1595 posset
876 1558 1007 1595 insequi,
1028 1556 1131 1586 orabat
1154 1557 1247 1593 Deos,

590 1606 642 1636 Uti
653 1606 792 1643 foramen
813 1606 963 1638 redderent
983 1618 1069 1646 quam
1091 1609 1278 1638 artissimum.

586 1707 646 1738 Pro
664 1709 811 1738 commodis
830 1715 945 1738 mutare
962 1716 1029 1739 vota
1047 1709 1169 1738 homines
1188 1708 1296 1743 solent,

590 1758 766 1789 Sententiam
785 1761 950 1789 alternante
969 1769 1043 1788 nune
1063 1766 1127 1797 spe,
1148 1767 1223 1787 nunc
1243 1764 1331 1787 metu.

344 1860 447 1897 Vulpes
467 1864 532 1888 vota
555 1866 680 1889 mutans.
720 1862 801 1890 Inter
828 1860 987 1897 Aesopicas
1013 1868 1072 1889 non
1091 1858 1231 1895 reperitur
1253 1860 1321 1889 haec
1348 1858 1460 1889 fabula:
1485 1858 1534 1888 sed
1559 1857 1608 1888 vix
1637 1857 1753 1887 dubium
1773 1864 1816 1887 est

307 1910 378 1947 quin
401 1909 512 1941 fontem
534 1911 596 1949 eius
620 1911 747 1941 hauserit
771 1911 883 1940 Noster
905 1919 940 1939 ex
963 1910 1086 1940 Horatio
1109 1911 1187 1946 apud
1203 1918 1288 1947 quem
1311 1910 1381 1941 Lib.
1399 1913 1425 1941 1.
1456 1910 1539 1950 epist.
1559 1918 1588 1946 7.
1611 1918 1656 1939 vs.
1675 1918 1724 1947 29.
1747 1910 1813 1938 haec

266 1958 269 1960 ’
306 1964 456 2000 leguntur:

595 2012 681 2042 Forte
695 2020 750 2052 per
769 2020 922 2053 angustam
942 2015 1034 2044 tenuis
1053 2013 1201 2052 vulpecula
1220 2013 1326 2042 rimam
1373 2010 1376 2011 ⁷

594 2063 735 2102 Repserat
754 2067 786 2095 in
802 2075 947 2096 cumeram
963 2065 1113 2102 frumenti
1119 2074 1132 2100 ;
1147 2071 1287 2103 pastaque
1306 2073 1406 2104 rursus

592 2113 640 2144 17⁶
651 2115 738 2153 f⁰ras
751 2117 836 2155 pleno
864 2117 999 2157 tendebat
1018 2123 1134 2157 corpore
1144 2114 1286 2159 frustras
1327 2154 1330 2156 q
1350 2154 1353 2156 v

1768 2162 1820 2191 Cui
