1919 2511
181 171 265 207 ‘94
516 160 803 200 JOANNIS
864 159 1178 192 HERMANI
1236 160 1462 193 KROON

519 241 617 278 Quum
638 243 731 273 abiret
749 243 836 280 inde,
857 243 922 272 huic
941 244 1015 274 alius
1036 252 1182 273 occurrens
1201 246 1299 280 canis,

517 293 556 322 Ut
578 296 691 332 opipare
709 301 839 323 coenatus
860 301 949 331 esset,
970 297 1115 333 quaesiit:

520 344 616 380 Sane,
637 347 731 383 inquit
751 347 818 381 ille,
839 353 901 375 tam
921 346 1056 382 madens,
1078 353 1164 384 atque
1183 346 1277 376 ebrius

521 395 680 429 Revertor,
707 407 741 426 ac
761 398 916 434 distentus,
939 404 972 426 ut
991 407 1025 426 ne
1044 400 1133 435 ipsam
1154 399 1264 436 quidem
1276 419 1287 435 ,

522 445 587 483 Qua
606 456 729 484 egressus
749 448 814 477 inde
833 459 915 486 sum,
937 450 1013 477 viam
1033 448 1303 481 animadverterim.

525 548 580 581 Qui
595 546 749 585 pollicetur
767 559 884 588 cumque
903 550 937 580 de
958 552 1050 581 alieno
1069 551 1122 581 tibi

520 597 709 636 Benefaccre,
730 601 796 631 huic
815 609 869 639 tit,
890 605 915 632 si
933 604 1082 642 sap-inste
1095 602 1190 639 fidit0.

276 698 364 727 Cancs
392 698 447 728 duo
475 706 503 728 et
530 700 650 738 Coqcms.
694 701 784 738 Apud
813 702 926 740 Aesop.
955 704 1037 734 Coll.
1065 705 1146 735 Plan.
1170 704 1234 735 No.
1255 713 1325 741 129.
1349 704 1427 735 Flor.
1452 703 1514 734 No.
1534 713 1583 734 22.
1610 703 1657 732 cui
1678 710 1759 740 post-

237 759 328 779 remae
350 757 442 780 tamen
459 751 650 787 epimythium
670 753 782 781 additur
800 754 882 783 valde
900 756 1044 792 jejunum.

274 801 398 838 Quorum
417 803 540 831 omnium
559 803 624 839 jam
648 804 794 842 implebor.
823 804 925 843 Impleo
949 806 1128 835 Graecorum
1147 814 1225 835 more
1241 815 1305 836 cum
1323 806 1475 838 Genitivo.
1503 807 1569 837 Cic.
1587 804 1656 835 Lib.
1676 806 1706 836 1.
1729 804 1759 834 in

235 850 367 883 Verrem.
392 861 456 889 cap.
476 855 528 890 46.
572 874 590 889 „
611 853 712 892 Itaque
736 854 777 883 L.
800 855 865 884 Piso
893 858 993 886 multos
1018 857 1122 887 codices
1153 858 1280 896 implevit
1305 867 1405 888 earum
1431 858 1563 889 rerum.’'
1613 856 1683 886 Lib·
1706 855 1758 885 IX·

236 904 270 931 ad
295 904 373 932 Fam.
401 912 448 940 ep.
470 907 518 934 18.
562 925 581 941 ,‚
601 905 657 934 Sed
678 906 790 944 quando
816 914 849 936 ut
872 908 972 945 video,
1002 910 1211 939 aestimationes
1237 916 1303 938 tuas
1327 909 1446 940 ‘vendere
1469 919 1523 941 non
1544 915 1642 948 potes,
1676 914 1762 944 neque

238 975 256 989 „
277 954 362 982 ollam
384 954 569 984 denariorum
592 958 743 995 implere.”
785 959 832 987 Sic
855 959 938 988 etiam
958 960 1072 996 saepius
1092 962 1169 997 apud
1188 960 1257 991 Liv.
1280 967 1308 990 et
1324 962 1409 992 alios.

277 1006 376 1042 ,Quum
395 1020 435 1028 —
452 1016 548 1035 canem
569 1015 702 1037 vocasset.
745 1009 777 1038 Id
804 1016 868 1045 est,
888 1010 923 1038 ad
947 1018 1066 1040 coenam
1093 1019 1237 1042 vocasset.
1279 1012 1409 1042 Verbum
1436 1021 1536 1041 vocare
1563 1012 1604 1040 sic
1630 1009 1762 1038 absolute

237 1056 354 1092 optimis
375 1057 569 1094 scriptoribus
589 1066 766 1096 usurpatur,
785 1061 866 1089 velut
883 1061 986 1090 Plauto
1005 1060 1034 1090 in
1055 1061 1152 1091 Stich.
1176 1063 1215 1092 A.
1239 1062 1296 1092 IV.
1327 1063 1377 1093 Sc.
1402 1071 1427 1093 1.
1453 1071 1498 1092 VS.
1521 1071 1568 1092 12·

768 1110 850 1140 Nam
871 1111 921 1140 ille
939 1111 1003 1140 heri
1022 1121 1064 1140 me
1074 1113 1143 1149 jam
1162 1114 1272 1142 ‘vocavit

520 1160 555 1189 In
574 1160 648 1189 hanc
666 1160 752 1191 diem.

238 1209 307 1239 Vid.
333 1209 454 1241 Ernest.
481 1210 509 1240 in
534 1210 621 1241 Clav.
646 1211 713 1242 Cic.
749 1213 783 1241 ad
815 1221 916 1243 vocem.
965 1213 1013 1243 De
1043 1213 1168 1243 solemni
1202 1213 1290 1252 hujus
1315 1213 1396 1244 verbi
1420 1223 1475 1244 usu
1501 1215 1529 1244 in
1561 1213 1761 1243 conviviorum

236 1260 455 1290 invitationIbus
481 1262 560 1292 vidd.
589 1271 662 1298 quos
683 1263 778 1292 laudat
796 1264 934 1295 Gronov.
964 1265 999 1294 ad
1022 1265 1116 1294 Plaut.
1144 1264 1237 1293 Stich.
1265 1266 1305 1294 A.
1331 1268 1359 1295 Ι.
1382 1266 1428 1295 Sc.
1453 1274 1483 1301 3.
1511 1274 1557 1296 vs-
1580 1273 1628 1303 29.
1669 1264 1762 1292 Recte

240 1311 329 1347 igitur
346 1311 458 1342 Noster
475 1315 563 1350 paulo
581 1321 650 1352 post
673 1315 750 1345 hunc
770 1324 869 1346 canem
895 1317 1012 1347 alterius
1033 1324 1188 1347 ‘vocatorem
1209 1316 1232 1347 i.
1255 1324 1283 1347 e.
1307 1317 1452 1354 hospitem
1473 1324 1568 1346 vocat.

465 1495 726 1527 FABULA
785 1499 1234 1531 OCTOGESIMA
1312 1498 1531 1531 PRIMA.

737 1594 917 1616 SIMIUS
971 1597 1023 1616 ET
1074 1597 1269 1617 VULPES.

531 1668 753 1707 Quadrupedem
773 1673 804 1699 in
823 1679 903 1702 coetu
922 1682 1007 1711 quum
1027 1674 1187 1703 saltavisset
1206 1674 1317 1703 honeste

527 1719 656 1757 Simius,
676 1721 750 1751 bime
769 1722 839 1751 illae
858 1733 951 1761 regem
972 1724 1169 1763 dominumque
1189 1731 1340 1753 crearunt.

530 1769 621 1799 Tacta
641 1771 690 1800 sed
707 1772 838 1809 invidia,
860 1780 887 1802 et
906 1784 987 1803 sensu
1006 1775 1105 1804 livoris
1123 1776 1240 1812 iniqui,

531 1820 635 1860 Vulpes
654 1823 744 1859 vafra
755 1845 763 1857 ‚
784 1833 884 1854 novum
903 1826 1030 1854 instituit
1046 1832 1213 1864 pervertere
1232 1833 1326 1862 regem

532 1872 628 1910 Atque
648 1873 800 1904 observatis
819 1875 861 1904 ad
878 1882 994 1914 opacum
1014 1875 1136 1904 cassibus
1155 1883 1274 1905 antrum
1286 1896 1297 1911 ‚

530 1923 596 1952 Huc
614 1925 696 1953 illum
717 1926 859 1963 adduxit,
881 1933 1029 1965 tamquam
1050 1933 1196 1960 ostensura
1216 1933 1360 1966 repertum

531 1974 579 2002 Ab
597 1985 624 2004 se
643 1976 807 2005 thesaurum
818 1998 829 2014 ,
849 1979 900 2016 qai
918 1978 998 2015 lege,
1021 1985 1048 2007 et
1068 1978 1192 2008 moribus
1210 1979 1265 2017 ipsi

531 2023 693 2055 Deberetm·
714 2029 758 2056 uti
777 2030 858 2066 regi,
879 2038 1031 2067 rerumque
1046 2031 1170 2068 potenti.

537 2076 675 2106 Credulus
694 2079 743 2108 ille
761 2078 832 2109 dolis
852 2080 1008 2119 inductus,
1029 2087 1055 2111 et
1075 2087 1142 2110 arte
1160 2080 1303 2118 Pelasga,
1716 2121 1736 2152 Ι

1734 2131 1768 2152 n-
