1919 2511
341 134 392 164 .10‘
984 124 1185 170 (=)

399 222 449 255 Ne
472 221 646 256 universus
674 226 760 252 nova
782 226 840 254 vos
867 215 994 251 ratione
1023 215 1200 250 amiciendi
1221 216 1305 249 ritus
1329 215 1459 260 publice
1490 221 1718 261 perageretur,
1748 218 1816 260 jam

357 279 458 321 Toga
480 277 604 312 indutis
625 275 717 311 vobis
739 276 865 309 licitum
887 273 948 307 fuit
968 274 1034 307 huc
1057 273 1225 306 accedere.
1272 273 1350 316 Quo
1367 273 1509 306 decorati
1528 274 1647 307 vestitu
1667 273 1820 317 intelligi*-

354 335 418 376 tiS,
439 335 474 366 in
491 344 569 366 eum
585 342 642 368 vos
665 331 762 366 hodie
783 338 909 365 statum
928 329 1115 371 transiisse,
1139 340 1158 362 a
1181 339 1269 373 quo,
1292 329 1452 374 quidquid
1470 329 1626 364 illiberale
1648 335 1699 363 est
1721 334 1818 373 atque

351 389 572 431 indecorum,
595 389 782 433 longissime
804 393 971 421 remotum
995 397 1066 420 esse
1089 391 1249 430 oporteat.

393 448 455 479 Est
479 456 558 481 vero
579 456 686 479 novus
711 446 763 479 ille
786 450 892 478 status
919 455 988 478 non
1010 442 1099 477 aucti
1125 443 1232 476 solum
1256 443 1409 486 honoris,
1434 444 1492 478 sed
1511 444 1610 478 officii
1633 443 1818 488 gravissimi

352 507 384 535 et
405 512 507 545 quam
528 502 685 535 latissime
708 502 859 546 patentis.
911 502 950 534 In
976 501 1068 534 illum
1093 510 1153 536 vos
1172 503 1358 534 Doctorum
1385 501 1547 534 Ordinem
1574 501 1696 544 recepti
1719 501 1820 542 estis,

350 568 495 602 quorum
514 556 668 592 »officium
695 564 744 591 est
769 568 823 591 res
844 548 975 593 divinas
997 557 1115 592 docere
1139 562 1172 590 et
1193 558 1382 601 explanare.
1426 557 1527 599 Quod
1554 556 1688 601 quidem
1718 566 1823 590 nemo

347 614 482 647 feliciter
498 614 718 657 praestiterit,
741 616 806 648 nisi
830 616 883 648 cui
908 614 1023 648 intime
1042 624 1240 658 persuasum
1266 615 1329 656 sit,
1351 624 1472 658 parum
1495 613 1679 647 admodum
1701 623 1762 646 nos
1779 612 1822 646 de

347 670 410 704 illis
436 671 521 703 scire
547 676 644 714 atque
667 676 824 715 percepta
845 671 968 704 habere
981 696 995 713 ,
1016 672 1146 704 etiamsi
1172 670 1209 705 in
1233 671 1278 704 iis
1298 671 1486 705 scrutandis
1509 676 1541 704 et
1563 669 1824 714 pervestigandis

347 725 499 764 nonnihil
523 725 625 759 nobis
646 727 825 769 profecisse
846 728 1032 762 videamur.
1075 727 1227 761 Profecto
1250 727 1447 772 Theologiae
1472 725 1668 771 praesertim
1691 729 1822 759 Docto-

346 792 400 816 res
418 782 508 815 haud
529 783 641 816 minus
659 783 791 816 assidue
807 784 843 816 in
861 783 1037 826 discendo,
1055 794 1157 827 quam
1171 783 1207 817 in
1225 783 1373 817 docendo
1383 809 1394 826 ,
1417 789 1598 827 occupatos
1622 793 1694 816 esse
1716 782 1823 817 decet-¹

391 841 479 872 Ecce
501 838 681 882 Librum,
708 851 750 873 ex
773 850 839 883 quo
857 841 992 884 sapiunt
1021 850 1158 883 omnes,
1188 845 1346 884 quotquot
1369 839 1405 873 in
1426 839 1507 873 orbe
1532 845 1699 872 terrarum
1724 846 1824 883 repe-1

347 896 480 928 riuntur
505 895 654 928 sincerae
677 896 854 939 Religionis
878 902 1029 930 amantes
1039 921 1053 939 „
1081 897 1142 931 sed
1156 898 1309 942 inprimis
1333 896 1510 940 Religionis
1534 894 1737 928 Doctoribus
1763 905 1823 928 sa-

346 951 506 996 piendum
528 956 586 984 est.
632 951 894 996 Antiquissimae
910 952 1044 997 originis
1064 959 1114 987 est
1137 952 1243 996 liber,
1263 954 1317 986 cui
1339 953 1424 985 nihil
1440 952 1547 984 simile
1564 962 1608 983 ex
1629 951 1825 995 antiquitate

346 1008 393 1047 >ad
417 1018 479 1040 nos
508 1009 707 1048 translatum
731 1015 791 1044 est.
844 1012 944 1043 Sacer
969 1009 1052 1043 liber
1075 1015 1141 1052 est,
1166 1020 1232 1054 quo
1254 1008 1358 1053 ipsius
1382 1008 1446 1041 Dei
1472 1007 1569 1040 effata
1596 1011 1627 1040 et
1651 1017 1730 1040 cum
1754 1007 1823 1041 hu·-

347 1074 449 1097 mano
472 1075 591 1110 genere
612 1067 858 1100 communicata
881 1067 1013 1101 decreta
1036 1067 1258 1101 continentur.
1304 1066 1383 1099 Non
1410 1076 1454 1098 ex
1473 1065 1603 1106 rivuli8,
1627 1073 1727 1107 saepe
1750 1069 1825 1100 tur-2

346 1118 508 1162 bulentiS,
539 1121 601 1155 sed.
624 1133 667 1156 ex
692 1120 757 1156 hoc
790 1122 879 1156 fonte
913 1122 1093 1167 purissimo
1121 1123 1303 1168 eodemque
1325 1121 1495 1155 uberrimo
1524 1131 1682 1165 gennana
1711 1120 1825 1157 omnis

347 1175 387 1208 de
407 1178 480 1208 Deo
495 1176 649 1222 cultuque
669 1178 800 1216 divino,
823 1190 886 1208 nco
906 1190 976 1209 non
997 1180 1038 1209 dc
1058 1181 1125 1211 vitu
1143 1185 1176 1210 et
1205 1179 1358 1213 moribus
1381 1177 1531 1211 doctrina
1549 1176 1737 1211 haurienda
1760 1183 1824 1214 est-¹

347 1233 438 1266 Hine
461 1231 636 1266 universae
655 1230 770 1264 itidem
786 1230 936 1274 ejusdem
958 1233 1175 1267 institutionis
1197 1234 1388 1268 deducenda
1412 1239 1463 1267 est
1485 1242 1625 1274 norma,
1647 1244 1717 1269 una
1745 1244 1824 1270 θαι-ἑ

347 1289 443 1322 nium
457 1287 698 1332 perfectissima
710 1287 764 1321 illa
774 1311 785 1329 ‚
808 1286 1030 1332 omnibusque
1043 1289 1193 1321 numeris
1209 1289 1278 1322 suis
1295 1288 1460 1322 absoluta.

389 1346 466 1376 Non
487 1343 597 1376 solum
621 1349 697 1377 ante
727 1344 841 1377 oculos
869 1354 959 1387 pono
972 1368 983 1386 ‚
1014 1343 1076 1377 sed
1092 1355 1186 1378 more
1212 1346 1313 1380 veteri
1330 1344 1459 1388 aperio
1482 1344 1654 1378 Librum-
1695 1346 1824 1383 Videtis

346 1399 477 1433 Veteris
499 1405 531 1432 et
549 1401 636 1434 Novi
658 1399 866 1433 Testamenti
886 1399 1009 1432 Libros
1036 1401 1071 1433 in
1097 1411 1204 1434 unum
1218 1402 1388 1435 Volumen
1409 1407 1617 1445 compactos;
1641 1413 1710 1436 non
1732 1402 1822 1439 hanc

345 1455 474 1491 illamve
492 1457 690 1489 Versionem
702 1481 715 1498 ,
736 1466 840 1502 quam
864 1461 1005 1498 vocant,
1029 1462 1087 1490 aut
1110 1462 1257 1491 veterem
1279 1463 1337 1490 aut
1361 1459 1535 1492 recentiori
1555 1468 1662 1492 manu
1686 1459 1822 1496 confec<

344 1516 436 1552 tam,
457 1511 516 1543 sed
540 1512 652 1555 ipsum
673 1512 870 1546 Hebraeum
889 1518 922 1546 et
940 1523 1002 1556 pro
1025 1519 1119 1556 parte
1138 1512 1345 1547 Chaldaeum
1363 1515 1497 1548 Veteris
1509 1538 1522 1556 ,
1545 1516 1714 1548 Graecum
1731 1516 1823 1553 Novi

348 1566 555 1600 Testamenti
579 1573 727 1609 textum,
757 1568 896 1601 mirifica
919 1571 1151 1612 procuratione
1176 1568 1289 1602 divina
1309 1580 1371 1612 per
1394 1571 1500 1603 multa
1522 1571 1655 1603 saecula
1681 1582 1821 1606 conser-

345 1627 482 1664 vatum,
506 1629 538 1656 et
565 1624 645 1656 satis
674 1624 797 1667 integre
829 1624 873 1657 ad
899 1634 963 1657 nos
994 1626 1172 1668 perlatum.
1232 1626 1397 1668 Apertum
1425 1625 1516 1659 hunc
1543 1625 1638 1660 vobis
1662 1627 1820 1663 codicem

347 1677 488 1711 exhibeo
503 1684 534 1711 et
549 1680 718 1722 pervoluto
728 1706 738 1722 ,
762 1686 822 1722 ut,
845 1681 925 1725 quid
944 1686 976 1714 et
989 1680 1157 1723 quomodo
1175 1680 1318 1724 quotidie
1338 1681 1432 1714 vobis
1449 1682 1611 1725 agendum
1623 1707 1633 1724 ‚
1657 1689 1689 1716 et
1707 1694 1821 1728 quan-

347 1739 420 1769 tum
450 1734 551 1769 studii
575 1741 674 1779 atque
697 1747 817 1781 operae
844 1738 917 1770 sine
943 1738 1009 1770 ulla
1030 1736 1276 1770 intermissione
1299 1739 1334 1771 in
1355 1737 1408 1770 his
1430 1738 1660 1782 perquirendis
1685 1742 1817 1786 scriptis

347 1789 577 1824 adhibendum
598 1793 663 1835 sit,
683 1794 789 1837 magis
816 1793 859 1826 ad
888 1794 1040 1827 animum
1063 1795 1214 1832 vertatis.

356 1880 377 1894 .·
391 1848 452 1879 Est
473 1846 588 1881 itidem
613 1850 717 1882 moris
737 1850 863 1893 antiqu-i
889 1850 1033 1884 eundem
1056 1848 1213 1883 Libram
1236 1850 1363 1884 solenni
1382 1851 1451 1885 ritu
1475 1851 1661 1885 claudere.
1712 1853 1813 1898 Quod

346 1901 428 1934 dum
450 1914 508 1946 ego
532 1914 662 1948 quoque
684 1917 776 1940 nunc
795 1906 901 1949 facio,
925 1917 984 1941 vos
999 1906 1133 1951 quidem
1152 1908 1335 1951 perspicitis
1354 1919 1422 1942 non
1445 1919 1484 1942 eo
1510 1914 1678 1952 spectare,
1702 1915 1740 1944 ut
1761 1910 1811 1945 si-

345 1956 515 2000 gnificetur
534 1983 545 2002 ,
574 1961 771 2006 Theologiae
811 1963 948 1997 Doctori
991 1963 1117 1996 licitum
1151 1974 1244 2007 esse,
1278 1965 1429 2009 inspecta
1458 1964 1600 1999 subinde
1625 1971 1657 1999 et
1686 1967 1811 2002 cursim

345 2014 429 2048 lecta
459 2015 543 2049 haec
571 2017 694 2062 scripta
725 2030 788 2064 pro
813 2020 949 2053 arbitrio
972 2030 1149 2064 seponere,
1179 2025 1211 2053 et
1233 2021 1289 2054 vix
1314 2022 1414 2065 paulo
1439 2022 1513 2065 plus
1539 2023 1742 2057 auctoritatis
1770 2025 1812 2058 iis

342 2070 508 2114 tribuere,
532 2083 633 2117 quarn
657 2075 825 2111 humanis.
870 2076 966 2112 Absit
991 2087 1012 2110 a
1037 2077 1149 2121 vobis,
1172 2081 1205 2112 et
1225 2076 1412 2122 longissime
1431 2078 1565 2123 quidem
1579 2078 1665 2114 absit
1693 2090 1732 2114 ea
1752 2081 1811 2123 ju-
