<?xml version="1.0" encoding="UTF-8"?>
<!DOCTYPE html PUBLIC "-//W3C//DTD XHTML 1.0 Transitional//EN"
    "http://www.w3.org/TR/xhtml1/DTD/xhtml1-transitional.dtd">
<html xmlns="http://www.w3.org/1999/xhtml" xml:lang="en" lang="en">
 <head>
  <title>
</title>
<meta http-equiv="Content-Type" content="text/html;charset=utf-8" />
  <meta name='ocr-system' content='tesseract 3.04.00' />
  <meta name='ocr-capabilities' content='ocr_page ocr_carea ocr_par ocr_line ocrx_word'/>
</head>
<body>
  <div class='ocr_page' id='page_1' title='image "annalesacademiae24rijk_0445.png"; bbox 0 0 1919 2511; ppageno 0'>
   <div class='ocr_carea' id='block_1_1' title="bbox 404 163 1612 205">
    <p class='ocr_par' dir='ltr' id='par_1_1' title="bbox 404 163 1612 205">
     <span class='ocr_line' id='line_1_1' title="bbox 404 163 1612 205; baseline 0.007 -11"><span class='ocrx_word' id='word_1_1' title='bbox 404 163 630 195; x_wconf 84' lang='lat' dir='ltr'>RESPONSIO</span> <span class='ocrx_word' id='word_1_2' title='bbox 659 171 703 194; x_wconf 79' lang='lat' dir='ltr'><strong>AD</strong></span> <span class='ocrx_word' id='word_1_3' title='bbox 732 163 1045 202; x_wconf 77' lang='lat' dir='ltr'><strong>QUAESTIONEM</strong></span> <span class='ocrx_word' id='word_1_4' title='bbox 1072 168 1299 200; x_wconf 68' lang='lat' dir='ltr'><strong>PHYSiCAVI.</strong></span> <span class='ocrx_word' id='word_1_5' title='bbox 1572 175 1612 205; x_wconf 82' lang='lat'><strong>47</strong></span> 
     </span>
    </p>
   </div>
   <div class='ocr_carea' id='block_1_2' title="bbox 59 246 1603 1212">
    <p class='ocr_par' dir='ltr' id='par_1_2' title="bbox 79 246 1601 338">
     <span class='ocr_line' id='line_1_2' title="bbox 91 246 1601 286; baseline 0.003 -10"><span class='ocrx_word' id='word_1_6' title='bbox 91 247 228 277; x_wconf 85' lang='lat' dir='ltr'><strong>tenendae</strong></span> <span class='ocrx_word' id='word_1_7' title='bbox 249 246 438 283; x_wconf 86' lang='lat' dir='ltr'><strong>facultatem,</strong></span> <span class='ocrx_word' id='word_1_8' title='bbox 467 254 494 276; x_wconf 89' lang='lat' dir='ltr'><strong>et</strong></span> <span class='ocrx_word' id='word_1_9' title='bbox 525 256 617 284; x_wconf 83' lang='lat' dir='ltr'><strong>quae,</strong></span> <span class='ocrx_word' id='word_1_10' title='bbox 647 255 712 276; x_wconf 90' lang='lat' dir='ltr'><strong>cum</strong></span> <span class='ocrx_word' id='word_1_11' title='bbox 734 246 805 276; x_wconf 62' lang='lat' dir='ltr'><strong>aeris</strong></span> <span class='ocrx_word' id='word_1_12' title='bbox 836 246 978 278; x_wconf 82' lang='lat' dir='ltr'><strong>actionem</strong></span> <span class='ocrx_word' id='word_1_13' title='bbox 1005 250 1190 286; x_wconf 74' lang='lat' dir='ltr'><strong>experiatur,</strong></span> <span class='ocrx_word' id='word_1_14' title='bbox 1220 250 1330 279; x_wconf 77' lang='lat' dir='ltr'><strong>acidum</strong></span> <span class='ocrx_word' id='word_1_15' title='bbox 1363 252 1546 281; x_wconf 77' lang='lat' dir='ltr'><strong>car-bonicum</strong></span> <span class='ocrx_word' id='word_1_16' title='bbox 1572 259 1601 280; x_wconf 90' lang='lat' dir='ltr'><strong>et</strong></span> 
     </span>
     <span class='ocr_line' id='line_1_3' title="bbox 79 298 1152 338; baseline 0.002 -10"><span class='ocrx_word' id='word_1_17' title='bbox 79 298 175 329; x_wconf 70' lang='lat' dir='ltr'><strong>&#39;&#39;situul</strong></span> <span class='ocrx_word' id='word_1_18' title='bbox 198 309 316 337; x_wconf 90' lang='lat' dir='ltr'><strong>aquam,</strong></span> <span class='ocrx_word' id='word_1_19' title='bbox 339 305 370 329; x_wconf 86' lang='lat' dir='ltr'><strong>ut</strong></span> <span class='ocrx_word' id='word_1_20' title='bbox 392 300 541 337; x_wconf 83' lang='lat' dir='ltr'><strong>vidimus,</strong></span> <span class='ocrx_word' id='word_1_21' title='bbox 560 300 683 338; x_wconf 87' lang='lat' dir='ltr'><strong>profert.</strong></span> <span class='ocrx_word' id='word_1_22' title='bbox 875 334 878 336; x_wconf 19' lang='grc' dir='ltr'><strong>Α</strong></span> <span class='ocrx_word' id='word_1_23' title='bbox 1149 315 1152 317; x_wconf 97' lang='grc'>-</span> 
     </span>
    </p>

    <p class='ocr_par' dir='ltr' id='par_1_3' title="bbox 65 350 1603 955">
     <span class='ocr_line' id='line_1_4' title="bbox 80 350 1596 391; baseline 0.003 -12"><span class='ocrx_word' id='word_1_24' title='bbox 80 352 83 355; x_wconf 78' lang='grc'><strong>”</strong></span> <span class='ocrx_word' id='word_1_25' title='bbox 124 350 240 380; x_wconf 87' lang='lat' dir='ltr'><strong>Humus</strong></span> <span class='ocrx_word' id='word_1_26' title='bbox 261 350 350 388; x_wconf 81' lang='lat' dir='ltr'><strong>igitur</strong></span> <span class='ocrx_word' id='word_1_27' title='bbox 372 352 477 388; x_wconf 87' lang='lat' dir='ltr'><strong>plantis</strong></span> <span class='ocrx_word' id='word_1_28' title='bbox 499 352 616 388; x_wconf 80' lang='lat' dir='ltr'><strong>praebet</strong></span> <span class='ocrx_word' id='word_1_29' title='bbox 639 351 750 381; x_wconf 84' lang='lat' dir='ltr'><strong>acidum</strong></span> <span class='ocrx_word' id='word_1_30' title='bbox 777 350 984 389; x_wconf 82' lang='lat' dir='ltr'><strong>carbonicum,</strong></span> <span class='ocrx_word' id='word_1_31' title='bbox 1014 353 1225 391; x_wconf 81' lang='lat' dir='ltr'><strong>hydrogenium</strong></span> <span class='ocrx_word' id='word_1_32' title='bbox 1249 353 1455 389; x_wconf 78' lang='lat' dir='ltr'><strong>carb011icun1·‚</strong></span> <span class='ocrx_word' id='word_1_33' title='bbox 1486 362 1596 384; x_wconf 81' lang='lat' dir='ltr'><strong>extrac-</strong></span> 
     </span>
     <span class='ocr_line' id='line_1_5' title="bbox 82 403 1597 440; baseline 0.003 -11"><span class='ocrx_word' id='word_1_34' title='bbox 82 407 144 430; x_wconf 85' lang='lat' dir='ltr'><strong>tum</strong></span> <span class='ocrx_word' id='word_1_35' title='bbox 167 409 195 431; x_wconf 85' lang='lat' dir='ltr'><strong>et</strong></span> <span class='ocrx_word' id='word_1_36' title='bbox 219 411 347 439; x_wconf 77' lang='lat' dir='ltr'><strong>aquam,</strong></span> <span class='ocrx_word' id='word_1_37' title='bbox 379 403 440 432; x_wconf 87' lang='lat' dir='ltr'><strong>sive</strong></span> <span class='ocrx_word' id='word_1_38' title='bbox 465 406 548 440; x_wconf 76' lang='lat' dir='ltr'><strong>quarn</strong></span> <span class='ocrx_word' id='word_1_39' title='bbox 569 403 632 440; x_wconf 81' lang='lat' dir='ltr'><strong>ipsa</strong></span> <span class='ocrx_word' id='word_1_40' title='bbox 657 403 795 432; x_wconf 88' lang='lat' dir='ltr'><strong>formavit</strong></span> <span class='ocrx_word' id='word_1_41' title='bbox 812 423 822 437; x_wconf 83' lang='lat'><strong>,</strong></span> <span class='ocrx_word' id='word_1_42' title='bbox 850 403 912 432; x_wconf 85' lang='lat' dir='ltr'><strong>sive</strong></span> <span class='ocrx_word' id='word_1_43' title='bbox 940 412 1023 440; x_wconf 81' lang='lat' dir='ltr'><strong>quarn</strong></span> <span class='ocrx_word' id='word_1_44' title='bbox 1052 404 1206 433; x_wconf 86' lang='lat' dir='ltr'><strong>absorbuit</strong></span> <span class='ocrx_word' id='word_1_45' title='bbox 1230 413 1258 433; x_wconf 91' lang='lat' dir='ltr'><strong>et</strong></span> <span class='ocrx_word' id='word_1_46' title='bbox 1285 406 1366 434; x_wconf 80' lang='lat' dir='ltr'><strong>valde</strong></span> <span class='ocrx_word' id='word_1_47' title='bbox 1390 404 1504 434; x_wconf 82' lang='lat' dir='ltr'><strong>retinet.</strong></span> <span class='ocrx_word' id='word_1_48' title='bbox 1551 405 1597 434; x_wconf 84' lang='lat' dir='ltr'><strong>Ex</strong></span> 
     </span>
     <span class='ocr_line' id='line_1_6' title="bbox 83 452 1596 495; baseline 0.003 -14"><span class='ocrx_word' id='word_1_49' title='bbox 83 452 129 481; x_wconf 91' lang='lat' dir='ltr'><strong>his</strong></span> <span class='ocrx_word' id='word_1_50' title='bbox 150 461 263 495; x_wconf 80' lang='lat' dir='ltr'><strong>antem,</strong></span> <span class='ocrx_word' id='word_1_51' title='bbox 286 454 392 490; x_wconf 86' lang='lat' dir='ltr'><strong>quibus</strong></span> <span class='ocrx_word' id='word_1_52' title='bbox 412 455 460 484; x_wconf 89' lang='lat' dir='ltr'><strong>alii</strong></span> <span class='ocrx_word' id='word_1_53' title='bbox 483 455 604 490; x_wconf 79' lang='lat' dir='ltr'><strong>fontes,</strong></span> <span class='ocrx_word' id='word_1_54' title='bbox 626 454 717 492; x_wconf 84' lang='lat' dir='ltr'><strong>veluti</strong></span> <span class='ocrx_word' id='word_1_55' title='bbox 743 454 789 482; x_wconf 73' lang='lat' dir='ltr'><strong>a&#39;er</strong></span> <span class='ocrx_word' id='word_1_56' title='bbox 812 461 844 482; x_wconf 80' lang='lat' dir='ltr'><strong>v.</strong></span> <span class='ocrx_word' id='word_1_57' title='bbox 873 461 902 488; x_wconf 87' lang='lat' dir='ltr'><strong>g.</strong></span> <span class='ocrx_word' id='word_1_58' title='bbox 929 454 1085 490; x_wconf 88' lang='lat' dir='ltr'><strong>accedunt,</strong></span> <span class='ocrx_word' id='word_1_59' title='bbox 1118 456 1276 490; x_wconf 84' lang='lat' dir='ltr'><strong>plantarum</strong></span> <span class='ocrx_word' id='word_1_60' title='bbox 1304 455 1446 492; x_wconf 83' lang='lat' dir='ltr'><strong>principia</strong></span> <span class='ocrx_word' id='word_1_61' title='bbox 1469 463 1596 491; x_wconf 85' lang='lat' dir='ltr'><strong>remota,</strong></span> 
     </span>
     <span class='ocr_line' id='line_1_7' title="bbox 76 500 1602 544; baseline 0.001 -10"><span class='ocrx_word' id='word_1_62' title='bbox 76 500 270 542; x_wconf 77' lang='lat' dir='ltr'><strong>carboniam,</strong></span> <span class='ocrx_word' id='word_1_63' title='bbox 299 506 530 544; x_wconf 85' lang='lat' dir='ltr'><strong>hydrogenium,</strong></span> <span class='ocrx_word' id='word_1_64' title='bbox 555 505 728 543; x_wconf 83' lang='lat' dir='ltr'><strong>oxygenium</strong></span> <span class='ocrx_word' id='word_1_65' title='bbox 760 511 788 533; x_wconf 88' lang='lat' dir='ltr'><strong>et</strong></span> <span class='ocrx_word' id='word_1_66' title='bbox 812 512 928 533; x_wconf 81' lang='lat' dir='ltr'><strong>azotum</strong></span> <span class='ocrx_word' id='word_1_67' title='bbox 955 505 1046 541; x_wconf 86' lang='lat' dir='ltr'><strong>repeti</strong></span> <span class='ocrx_word' id='word_1_68' title='bbox 1074 512 1209 541; x_wconf 81' lang='lat' dir='ltr'><strong>possunt.</strong></span> <span class='ocrx_word' id='word_1_69' title='bbox 1261 505 1338 535; x_wconf 85' lang='lat' dir='ltr'><strong>Haec</strong></span> <span class='ocrx_word' id='word_1_70' title='bbox 1359 515 1430 536; x_wconf 88' lang='lat' dir='ltr'><strong>vero</strong></span> <span class='ocrx_word' id='word_1_71' title='bbox 1449 516 1508 536; x_wconf 89' lang='lat' dir='ltr'><strong>non</strong></span> <span class='ocrx_word' id='word_1_72' title='bbox 1535 508 1602 536; x_wconf 84' lang='lat' dir='ltr'><strong>talia</strong></span> 
     </span>
     <span class='ocr_line' id='line_1_8' title="bbox 76 553 1595 595; baseline 0.002 -10"><span class='ocrx_word' id='word_1_73' title='bbox 76 553 111 585; x_wconf 66' lang='lat' dir='ltr'><strong>&#39;in</strong></span> <span class='ocrx_word' id='word_1_74' title='bbox 131 557 237 593; x_wconf 88' lang='lat' dir='ltr'><strong>plantis</strong></span> <span class='ocrx_word' id='word_1_75' title='bbox 257 558 403 594; x_wconf 86' lang='lat' dir='ltr'><strong>existunt,</strong></span> <span class='ocrx_word' id='word_1_76' title='bbox 424 558 474 588; x_wconf 89' lang='lat' dir='ltr'><strong>sed</strong></span> <span class='ocrx_word' id='word_1_77' title='bbox 498 558 587 587; x_wconf 79' lang='lat' dir='ltr'><strong>varias</strong></span> <span class='ocrx_word' id='word_1_78' title='bbox 607 558 708 586; x_wconf 87' lang='lat' dir='ltr'><strong>ineunt</strong></span> <span class='ocrx_word' id='word_1_79' title='bbox 732 555 954 592; x_wconf 80' lang='lat' dir='ltr'><strong>copulationeS,</strong></span> <span class='ocrx_word' id='word_1_80' title='bbox 977 555 1162 592; x_wconf 71' lang='lat' dir='ltr'><strong>formantque</strong></span> <span class='ocrx_word' id='word_1_81' title='bbox 1188 558 1314 595; x_wconf 86' lang='lat' dir='ltr'><strong>gummi,</strong></span> <span class='ocrx_word' id='word_1_82' title='bbox 1336 560 1524 595; x_wconf 78' lang='lat' dir='ltr'>saccharum,</span> <span class='ocrx_word' id='word_1_83' title='bbox 1545 568 1595 588; x_wconf 80' lang='lat' dir='ltr'><strong>ex-</strong></span> 
     </span>
     <span class='ocr_line' id='line_1_9' title="bbox 81 605 1599 648; baseline 0.003 -14"><span class='ocrx_word' id='word_1_84' title='bbox 81 612 226 644; x_wconf 84' lang='lat' dir='ltr'><strong>tractum,</strong></span> <span class='ocrx_word' id='word_1_85' title='bbox 258 609 340 644; x_wconf 77' lang='lat' dir='ltr'><strong>olea,</strong></span> <span class='ocrx_word' id='word_1_86' title='bbox 369 609 447 638; x_wconf 86' lang='lat' dir='ltr'><strong>acida</strong></span> <span class='ocrx_word' id='word_1_87' title='bbox 474 615 502 637; x_wconf 88' lang='lat' dir='ltr'><strong>et</strong></span> <span class='ocrx_word' id='word_1_88' title='bbox 527 608 580 638; x_wconf 74' lang='lat' dir='ltr'><strong>alIa</strong></span> <span class='ocrx_word' id='word_1_89' title='bbox 603 609 690 646; x_wconf 79' lang='lat' dir='ltr'><strong>huJ&#39;us</strong></span> <span class='ocrx_word' id='word_1_90' title='bbox 717 605 854 644; x_wconf 57' lang='lat' dir='ltr'><strong>geneva,</strong></span> <span class='ocrx_word' id='word_1_91' title='bbox 886 614 958 642; x_wconf 89' lang='lat' dir='ltr'><strong>quae</strong></span> <span class='ocrx_word' id='word_1_92' title='bbox 979 607 1083 648; x_wconf 85' lang='lat' dir='ltr'><strong>plantis</strong></span> <span class='ocrx_word' id='word_1_93' title='bbox 1112 608 1207 637; x_wconf 85' lang='lat' dir='ltr'><strong>inesse</strong></span> <span class='ocrx_word' id='word_1_94' title='bbox 1233 617 1357 639; x_wconf 88' lang='lat' dir='ltr'><strong>constat.</strong></span> <span class='ocrx_word' id='word_1_95' title='bbox 1399 611 1503 647; x_wconf 85' lang='lat' dir='ltr'><strong>Neque</strong></span> <span class='ocrx_word' id='word_1_96' title='bbox 1529 611 1599 640; x_wconf 85' lang='lat' dir='ltr'><strong>haec</strong></span> 
     </span>
     <span class='ocr_line' id='line_1_10' title="bbox 79 658 1597 699; baseline 0.003 -13"><span class='ocrx_word' id='word_1_97' title='bbox 79 658 174 687; x_wconf 87' lang='lat' dir='ltr'><strong>omnia</strong></span> <span class='ocrx_word' id='word_1_98' title='bbox 196 658 226 687; x_wconf 89' lang='lat' dir='ltr'><strong>in</strong></span> <span class='ocrx_word' id='word_1_99' title='bbox 251 659 385 688; x_wconf 84' lang='lat' dir='ltr'><strong>omnibus</strong></span> <span class='ocrx_word' id='word_1_100' title='bbox 410 659 518 696; x_wconf 81' lang='lat' dir='ltr'><strong>plantis</strong></span> <span class='ocrx_word' id='word_1_101' title='bbox 544 661 590 689; x_wconf 85' lang='lat' dir='ltr'><strong>vel</strong></span> <span class='ocrx_word' id='word_1_102' title='bbox 614 660 709 689; x_wconf 85' lang='lat' dir='ltr'><strong>eadem</strong></span> <span class='ocrx_word' id='word_1_103' title='bbox 736 658 842 695; x_wconf 66' lang='lat' dir='ltr'><strong>copia,</strong></span> <span class='ocrx_word' id='word_1_104' title='bbox 864 660 911 687; x_wconf 88' lang='lat' dir='ltr'><strong>vel</strong></span> <span class='ocrx_word' id='word_1_105' title='bbox 938 660 1065 697; x_wconf 80' lang='lat' dir='ltr'><strong>ejusdem</strong></span> <span class='ocrx_word' id='word_1_106' title='bbox 1095 661 1291 697; x_wconf 78' lang='lat' dir='ltr'><strong>copulationis</strong></span> <span class='ocrx_word' id='word_1_107' title='bbox 1315 662 1427 691; x_wconf 81' lang='lat' dir='ltr'><strong>ratione</strong></span> <span class='ocrx_word' id='word_1_108' title='bbox 1448 662 1597 699; x_wconf 80' lang='lat' dir='ltr'><strong>reperiun-</strong></span> 
     </span>
     <span class='ocr_line' id='line_1_11' title="bbox 69 709 1603 749; baseline 0.003 -12"><span class='ocrx_word' id='word_1_109' title='bbox 69 710 155 745; x_wconf 63' lang='grc' dir='ltr'><strong>’ταῖς</strong></span> <span class='ocrx_word' id='word_1_110' title='bbox 186 710 236 739; x_wconf 84' lang='lat' dir='ltr'><strong>sed</strong></span> <span class='ocrx_word' id='word_1_111' title='bbox 260 718 354 740; x_wconf 80' lang='lat' dir='ltr'><strong>earum</strong></span> <span class='ocrx_word' id='word_1_112' title='bbox 382 712 518 741; x_wconf 88' lang='lat' dir='ltr'><strong>humores</strong></span> <span class='ocrx_word' id='word_1_113' title='bbox 554 711 663 740; x_wconf 89' lang='lat' dir='ltr'><strong>diversi</strong></span> <span class='ocrx_word' id='word_1_114' title='bbox 690 711 773 740; x_wconf 88' lang='lat' dir='ltr'><strong>etiam</strong></span> <span class='ocrx_word' id='word_1_115' title='bbox 805 709 835 739; x_wconf 87' lang='lat' dir='ltr'><strong>in</strong></span> <span class='ocrx_word' id='word_1_116' title='bbox 862 709 984 739; x_wconf 82' lang='lat' dir='ltr'><strong>dlversis</strong></span> <span class='ocrx_word' id='word_1_117' title='bbox 1009 711 1151 748; x_wconf 87' lang='lat' dir='ltr'><strong>cujusque</strong></span> <span class='ocrx_word' id='word_1_118' title='bbox 1173 715 1287 749; x_wconf 81' lang='lat' dir='ltr'><strong>plantae</strong></span> <span class='ocrx_word' id='word_1_119' title='bbox 1319 713 1448 749; x_wconf 83' lang='lat' dir='ltr'><strong>partibus</strong></span> <span class='ocrx_word' id='word_1_120' title='bbox 1471 714 1603 749; x_wconf 87' lang='lat' dir='ltr'><strong>aliquan-</strong></span> 
     </span>
     <span class='ocr_line' id='line_1_12' title="bbox 70 759 1599 800; baseline 0.003 -12"><span class='ocrx_word' id='word_1_121' title='bbox 70 759 114 788; x_wconf 83' lang='lat' dir='ltr'><strong>&#39;do</strong></span> <span class='ocrx_word' id='word_1_122' title='bbox 137 761 402 797; x_wconf 79' lang='lat' dir='ltr'><strong>deprehenduntur.</strong></span> <span class='ocrx_word' id='word_1_123' title='bbox 443 762 535 792; x_wconf 80' lang='lat' dir='ltr'><strong>Multi</strong></span> <span class='ocrx_word' id='word_1_124' title='bbox 559 762 648 799; x_wconf 82' lang='lat' dir='ltr'><strong>igitur</strong></span> <span class='ocrx_word' id='word_1_125' title='bbox 677 769 742 789; x_wconf 89' lang='lat' dir='ltr'><strong>cum</strong></span> <span class='ocrx_word' id='word_1_126' title='bbox 770 761 922 789; x_wconf 84' lang='lat' dir='ltr'><strong>humorum</strong></span> <span class='ocrx_word' id='word_1_127' title='bbox 947 760 1142 790; x_wconf 81' lang='lat' dir='ltr'><strong>diversitatem</strong></span> <span class='ocrx_word' id='word_1_128' title='bbox 1167 763 1196 792; x_wconf 91' lang='lat' dir='ltr'><strong>in</strong></span> <span class='ocrx_word' id='word_1_129' title='bbox 1221 763 1325 799; x_wconf 87' lang='lat' dir='ltr'><strong>plantis</strong></span> <span class='ocrx_word' id='word_1_130' title='bbox 1350 764 1503 800; x_wconf 85' lang='lat' dir='ltr'><strong>viderent,</strong></span> <span class='ocrx_word' id='word_1_131' title='bbox 1525 763 1599 792; x_wconf 82' lang='lat' dir='ltr'><strong>exis-</strong></span> 
     </span>
     <span class='ocr_line' id='line_1_13' title="bbox 68 811 1596 851; baseline 0.002 -11"><span class='ocrx_word' id='word_1_132' title='bbox 68 811 235 849; x_wconf 58' lang='lat' dir='ltr'><strong>timarunt,</strong></span> <span class='ocrx_word' id='word_1_133' title='bbox 267 811 322 843; x_wconf 85' lang='lat' dir='ltr'><strong>hos</strong></span> <span class='ocrx_word' id='word_1_134' title='bbox 353 815 424 843; x_wconf 85' lang='lat' dir='ltr'><strong>adeo</strong></span> <span class='ocrx_word' id='word_1_135' title='bbox 450 814 545 845; x_wconf 85' lang='lat' dir='ltr'><strong>varios</strong></span> <span class='ocrx_word' id='word_1_136' title='bbox 574 814 710 842; x_wconf 66' lang='lat' dir='ltr'><strong>humores</strong></span> <span class='ocrx_word' id='word_1_137' title='bbox 735 818 839 841; x_wconf 88' lang='lat' dir='ltr'><strong>terram</strong></span> <span class='ocrx_word' id='word_1_138' title='bbox 869 811 900 840; x_wconf 90' lang='lat' dir='ltr'><strong>in</strong></span> <span class='ocrx_word' id='word_1_139' title='bbox 924 819 955 839; x_wconf 89' lang='lat' dir='ltr'><strong>se</strong></span> <span class='ocrx_word' id='word_1_140' title='bbox 988 814 1160 850; x_wconf 83' lang='lat' dir='ltr'><strong>continere,</strong></span> <span class='ocrx_word' id='word_1_141' title='bbox 1190 823 1218 843; x_wconf 88' lang='lat' dir='ltr'><strong>et</strong></span> <span class='ocrx_word' id='word_1_142' title='bbox 1243 815 1373 851; x_wconf 75' lang='lat' dir='ltr'><strong>singulas</strong></span> <span class='ocrx_word' id='word_1_143' title='bbox 1399 816 1510 851; x_wconf 83' lang='lat' dir='ltr'><strong>plantas</strong></span> <span class='ocrx_word' id='word_1_144' title='bbox 1537 815 1596 843; x_wconf 80' lang='lat' dir='ltr'><strong>sin·</strong></span> 
     </span>
     <span class='ocr_line' id='line_1_14' title="bbox 68 862 1593 903; baseline 0.002 -10"><span class='ocrx_word' id='word_1_145' title='bbox 68 864 156 900; x_wconf 74' lang='lat' dir='ltr'><strong>gulos</strong></span> <span class='ocrx_word' id='word_1_146' title='bbox 190 865 247 893; x_wconf 87' lang='lat' dir='ltr'><strong>sibi</strong></span> <span class='ocrx_word' id='word_1_147' title='bbox 272 874 308 895; x_wconf 82' lang='lat' dir='ltr'><strong>ex</strong></span> <span class='ocrx_word' id='word_1_148' title='bbox 331 867 410 895; x_wconf 67' lang='lat' dir='ltr'><strong>terra</strong></span> <span class='ocrx_word' id='word_1_149' title='bbox 437 866 584 895; x_wconf 85' lang='lat' dir='ltr'><strong>extrahere</strong></span> <span class='ocrx_word' id='word_1_150' title='bbox 608 865 766 899; x_wconf 75' lang='lat' dir='ltr'><strong>humores3</strong></span> <span class='ocrx_word' id='word_1_151' title='bbox 799 869 832 892; x_wconf 88' lang='lat' dir='ltr'><strong>ut</strong></span> <span class='ocrx_word' id='word_1_152' title='bbox 862 862 1032 894; x_wconf 73' lang='lat' dir='ltr'><strong>Gentianam</strong></span> <span class='ocrx_word' id='word_1_153' title='bbox 1057 874 1087 895; x_wconf 88' lang='lat' dir='ltr'><strong>v.</strong></span> <span class='ocrx_word' id='word_1_154' title='bbox 1117 874 1146 902; x_wconf 83' lang='lat' dir='ltr'><strong>g.</strong></span> <span class='ocrx_word' id='word_1_155' title='bbox 1172 867 1329 902; x_wconf 78' lang='lat' dir='ltr'><strong>particulas</strong></span> <span class='ocrx_word' id='word_1_156' title='bbox 1354 876 1460 896; x_wconf 86' lang='lat' dir='ltr'><strong>amaras</strong></span> <span class='ocrx_word' id='word_1_157' title='bbox 1480 887 1491 903; x_wconf 91' lang='lat'><strong>,</strong></span> <span class='ocrx_word' id='word_1_158' title='bbox 1520 867 1593 903; x_wconf 85' lang='lat' dir='ltr'><strong>Gly-</strong></span> 
     </span>
     <span class='ocr_line' id='line_1_15' title="bbox 65 916 858 955; baseline 0 -11"><span class='ocrx_word' id='word_1_159' title='bbox 65 916 231 952; x_wconf 61' lang='lat' dir='ltr'><strong>‘cyrrhizam</strong></span> <span class='ocrx_word' id='word_1_160' title='bbox 257 918 376 955; x_wconf 85' lang='lat' dir='ltr'><strong>dulces,</strong></span> <span class='ocrx_word' id='word_1_161' title='bbox 409 918 475 948; x_wconf 81' lang='lat' dir='ltr'><strong>alias</strong></span> <span class='ocrx_word' id='word_1_162' title='bbox 503 918 572 948; x_wconf 82' lang='lat' dir='ltr'><strong>alias</strong></span> <span class='ocrx_word' id='word_1_163' title='bbox 598 917 752 946; x_wconf 85' lang='lat' dir='ltr'><strong>absorbere</strong></span> <span class='ocrx_word' id='word_1_164' title='bbox 775 916 858 955; x_wconf 85' lang='lat'>(1).</span> 
     </span>
    </p>

    <p class='ocr_par' dir='ltr' id='par_1_4' title="bbox 59 966 1592 1212">
     <span class='ocr_line' id='line_1_16' title="bbox 103 966 1592 1007; baseline 0 -11"><span class='ocrx_word' id='word_1_165' title='bbox 103 967 151 996; x_wconf 84' lang='lat' dir='ltr'><strong>llli</strong></span> <span class='ocrx_word' id='word_1_166' title='bbox 181 975 302 1005; x_wconf 83' lang='lat' dir='ltr'><strong>autem,</strong></span> <span class='ocrx_word' id='word_1_167' title='bbox 332 970 382 1006; x_wconf 90' lang='lat' dir='ltr'><strong>qui</strong></span> <span class='ocrx_word' id='word_1_168' title='bbox 407 970 480 999; x_wconf 85' lang='lat' dir='ltr'><strong>hane</strong></span> <span class='ocrx_word' id='word_1_169' title='bbox 506 975 728 1007; x_wconf 84' lang='lat' dir='ltr'><strong>proposuerunt</strong></span> <span class='ocrx_word' id='word_1_170' title='bbox 755 966 923 1003; x_wconf 82' lang='lat' dir='ltr'><strong>opinionem</strong></span> <span class='ocrx_word' id='word_1_171' title='bbox 941 987 951 1002; x_wconf 88' lang='lat'>‚</span> <span class='ocrx_word' id='word_1_172' title='bbox 981 966 1112 1003; x_wconf 72' lang='lat' dir='ltr'><strong>inprimis</strong></span> <span class='ocrx_word' id='word_1_173' title='bbox 1139 967 1194 996; x_wconf 89' lang='lat' dir='ltr'><strong>hoc</strong></span> <span class='ocrx_word' id='word_1_174' title='bbox 1226 967 1271 996; x_wconf 87' lang='lat' dir='ltr'><strong>usi</strong></span> <span class='ocrx_word' id='word_1_175' title='bbox 1298 974 1366 997; x_wconf 89' lang='lat' dir='ltr'><strong>sunt</strong></span> <span class='ocrx_word' id='word_1_176' title='bbox 1393 975 1560 1005; x_wconf 87' lang='lat' dir='ltr'><strong>argumento</strong></span> <span class='ocrx_word' id='word_1_177' title='bbox 1581 989 1592 1003; x_wconf 85' lang='lat'><strong>,</strong></span> 
     </span>
     <span class='ocr_line' id='line_1_17' title="bbox 64 1018 1590 1057; baseline 0.001 -11"><span class='ocrx_word' id='word_1_178' title='bbox 64 1018 145 1054; x_wconf 77' lang='lat' dir='ltr'><strong>&#39;quod</strong></span> <span class='ocrx_word' id='word_1_179' title='bbox 171 1019 336 1056; x_wconf 83' lang='lat' dir='ltr'><strong>videbant,</strong></span> <span class='ocrx_word' id='word_1_180' title='bbox 364 1029 423 1050; x_wconf 84' lang='lat' dir='ltr'><strong>non</strong></span> <span class='ocrx_word' id='word_1_181' title='bbox 448 1021 506 1050; x_wconf 90' lang='lat' dir='ltr'><strong>nisi</strong></span> <span class='ocrx_word' id='word_1_182' title='bbox 531 1029 582 1057; x_wconf 88' lang='lat' dir='ltr'><strong>pet</strong></span> <span class='ocrx_word' id='word_1_183' title='bbox 617 1026 712 1049; x_wconf 87' lang='lat' dir='ltr'><strong>certos</strong></span> <span class='ocrx_word' id='word_1_184' title='bbox 736 1027 828 1047; x_wconf 88' lang='lat' dir='ltr'><strong>annos</strong></span> <span class='ocrx_word' id='word_1_185' title='bbox 855 1024 946 1046; x_wconf 89' lang='lat' dir='ltr'><strong>certas</strong></span> <span class='ocrx_word' id='word_1_186' title='bbox 973 1019 1084 1053; x_wconf 82' lang='lat' dir='ltr'><strong>plantas</strong></span> <span class='ocrx_word' id='word_1_187' title='bbox 1103 1018 1133 1047; x_wconf 87' lang='lat' dir='ltr'><strong>in</strong></span> <span class='ocrx_word' id='word_1_188' title='bbox 1156 1026 1215 1047; x_wconf 90' lang='lat' dir='ltr'><strong>uno</strong></span> <span class='ocrx_word' id='word_1_189' title='bbox 1249 1019 1408 1054; x_wconf 84' lang='lat' dir='ltr'><strong>eodemque</strong></span> <span class='ocrx_word' id='word_1_190' title='bbox 1440 1027 1508 1056; x_wconf 85' lang='lat' dir='ltr'><strong>agro</strong></span> <span class='ocrx_word' id='word_1_191' title='bbox 1532 1020 1590 1048; x_wconf 90' lang='lat' dir='ltr'><strong>coli</strong></span> 
     </span>
     <span class='ocr_line' id='line_1_18' title="bbox 61 1069 1587 1108; baseline -0.001 -10"><span class='ocrx_word' id='word_1_192' title='bbox 61 1069 162 1105; x_wconf 67' lang='lat' dir='ltr'><strong>posse.</strong></span> <span class='ocrx_word' id='word_1_193' title='bbox 203 1070 251 1099; x_wconf 90' lang='lat' dir='ltr'><strong>Sic</strong></span> <span class='ocrx_word' id='word_1_194' title='bbox 278 1080 310 1101; x_wconf 79' lang='lat' dir='ltr'><strong>v.</strong></span> <span class='ocrx_word' id='word_1_195' title='bbox 332 1080 362 1108; x_wconf 86' lang='lat' dir='ltr'><strong>g.</strong></span> <span class='ocrx_word' id='word_1_196' title='bbox 389 1071 525 1101; x_wconf 84' lang='lat' dir='ltr'><strong>videbant</strong></span> <span class='ocrx_word' id='word_1_197' title='bbox 545 1079 664 1108; x_wconf 83' lang='lat' dir='ltr'><strong>agrum,</strong></span> <span class='ocrx_word' id='word_1_198' title='bbox 694 1069 724 1099; x_wconf 92' lang='lat' dir='ltr'><strong>in</strong></span> <span class='ocrx_word' id='word_1_199' title='bbox 749 1078 808 1105; x_wconf 90' lang='lat' dir='ltr'><strong>quo</strong></span> <span class='ocrx_word' id='word_1_200' title='bbox 835 1077 887 1106; x_wconf 86' lang='lat' dir='ltr'><strong>per</strong></span> <span class='ocrx_word' id='word_1_201' title='bbox 914 1070 1012 1106; x_wconf 75' lang='lat' dir='ltr'><strong>plures</strong></span> <span class='ocrx_word' id='word_1_202' title='bbox 1036 1078 1127 1098; x_wconf 86' lang='lat' dir='ltr'><strong>annos</strong></span> <span class='ocrx_word' id='word_1_203' title='bbox 1161 1071 1208 1098; x_wconf 90' lang='lat' dir='ltr'><strong>vel</strong></span> <span class='ocrx_word' id='word_1_204' title='bbox 1232 1070 1392 1106; x_wconf 85' lang='lat' dir='ltr'><strong>hordeum,</strong></span> <span class='ocrx_word' id='word_1_205' title='bbox 1423 1071 1469 1099; x_wconf 91' lang='lat' dir='ltr'><strong>vel</strong></span> <span class='ocrx_word' id='word_1_206' title='bbox 1496 1071 1587 1099; x_wconf 88' lang='lat' dir='ltr'><strong>secale</strong></span> 
     </span>
     <span class='ocr_line' id='line_1_19' title="bbox 59 1114 1583 1160; baseline 0 -10"><span class='ocrx_word' id='word_1_207' title='bbox 59 1114 258 1159; x_wconf 67' lang='lat' dir='ltr'><strong>serebantur,</strong></span> <span class='ocrx_word' id='word_1_208' title='bbox 271 1123 384 1152; x_wconf 85' lang='lat' dir='ltr'><strong>tandem</strong></span> <span class='ocrx_word' id='word_1_209' title='bbox 408 1124 532 1160; x_wconf 87' lang='lat' dir='ltr'><strong>impares</strong></span> <span class='ocrx_word' id='word_1_210' title='bbox 559 1123 623 1152; x_wconf 86' lang='lat' dir='ltr'><strong>fieri</strong></span> <span class='ocrx_word' id='word_1_211' title='bbox 653 1122 700 1151; x_wconf 86' lang='lat' dir='ltr'><strong>his</strong></span> <span class='ocrx_word' id='word_1_212' title='bbox 725 1121 870 1150; x_wconf 82' lang='lat' dir='ltr'><strong>fructibus</strong></span> <span class='ocrx_word' id='word_1_213' title='bbox 895 1120 1022 1149; x_wconf 85' lang='lat' dir='ltr'><strong>ferendis</strong></span> <span class='ocrx_word' id='word_1_214' title='bbox 1047 1126 1076 1148; x_wconf 85' lang='lat' dir='ltr'><strong>et</strong></span> <span class='ocrx_word' id='word_1_215' title='bbox 1102 1121 1211 1150; x_wconf 85' lang='lat' dir='ltr'><strong>alendis</strong></span> <span class='ocrx_word' id='word_1_216' title='bbox 1226 1142 1234 1154; x_wconf 86' lang='lat'><strong>,</strong></span> <span class='ocrx_word' id='word_1_217' title='bbox 1254 1120 1328 1150; x_wconf 87' lang='lat' dir='ltr'><strong>ferre</strong></span> <span class='ocrx_word' id='word_1_218' title='bbox 1351 1128 1378 1150; x_wconf 85' lang='lat' dir='ltr'><strong>et</strong></span> <span class='ocrx_word' id='word_1_219' title='bbox 1400 1123 1474 1150; x_wconf 85' lang='lat' dir='ltr'><strong>alere</strong></span> <span class='ocrx_word' id='word_1_220' title='bbox 1489 1128 1583 1150; x_wconf 87' lang='lat' dir='ltr'><strong>tamen</strong></span> 
     </span>
     <span class='ocr_line' id='line_1_20' title="bbox 60 1170 1583 1212; baseline -0.001 -11"><span class='ocrx_word' id='word_1_221' title='bbox 60 1172 131 1202; x_wconf 82' lang='lat' dir='ltr'><strong>alias</strong></span> <span class='ocrx_word' id='word_1_222' title='bbox 159 1175 270 1210; x_wconf 86' lang='lat' dir='ltr'><strong>plantas</strong></span> <span class='ocrx_word' id='word_1_223' title='bbox 290 1175 376 1209; x_wconf 68' lang='grc' dir='ltr'>(α).</span> <span class='ocrx_word' id='word_1_224' title='bbox 418 1174 513 1212; x_wconf 84' lang='lat' dir='ltr'><strong>Quam</strong></span> <span class='ocrx_word' id='word_1_225' title='bbox 538 1173 770 1204; x_wconf 81' lang='lat' dir='ltr'><strong>observationem</strong></span> <span class='ocrx_word' id='word_1_226' title='bbox 794 1170 936 1207; x_wconf 82' lang='lat' dir='ltr'><strong>explicare</strong></span> <span class='ocrx_word' id='word_1_227' title='bbox 957 1178 1022 1198; x_wconf 87' lang='lat' dir='ltr'><strong>cum</strong></span> <span class='ocrx_word' id='word_1_228' title='bbox 1048 1171 1176 1206; x_wconf 89' lang='lat' dir='ltr'><strong>vellent,</strong></span> <span class='ocrx_word' id='word_1_229' title='bbox 1204 1171 1423 1207; x_wconf 83' lang='lat' dir='ltr'><strong>existima-runt,</strong></span> <span class='ocrx_word' id='word_1_230' title='bbox 1444 1172 1583 1200; x_wconf 77' lang='lat' dir='ltr'><strong>hordeum</strong></span> 
     </span>
    </p>
   </div>
   <div class='ocr_carea' id='block_1_3' title="bbox 56 1220 1579 1257">
    <p class='ocr_par' dir='ltr' id='par_1_5' title="bbox 56 1220 1579 1257">
     <span class='ocr_line' id='line_1_21' title="bbox 56 1220 1579 1257; baseline -0.003 -3"><span class='ocrx_word' id='word_1_231' title='bbox 56 1226 105 1254; x_wconf 88' lang='lat' dir='ltr'><strong>vel</strong></span> <span class='ocrx_word' id='word_1_232' title='bbox 129 1227 221 1255; x_wconf 90' lang='lat' dir='ltr'><strong>secale</strong></span> <span class='ocrx_word' id='word_1_233' title='bbox 244 1225 400 1255; x_wconf 88' lang='lat' dir='ltr'><strong>absorbere</strong></span> <span class='ocrx_word' id='word_1_234' title='bbox 423 1235 523 1255; x_wconf 87' lang='lat' dir='ltr'><strong>omnes</strong></span> <span class='ocrx_word' id='word_1_235' title='bbox 549 1226 618 1255; x_wconf 90' lang='lat' dir='ltr'><strong>illos</strong></span> <span class='ocrx_word' id='word_1_236' title='bbox 642 1234 657 1253; x_wconf 88' lang='lat' dir='ltr'><strong>e</strong></span> <span class='ocrx_word' id='word_1_237' title='bbox 680 1225 756 1253; x_wconf 78' lang='lat' dir='ltr'><strong>terra</strong></span> <span class='ocrx_word' id='word_1_238' title='bbox 786 1231 890 1251; x_wconf 89' lang='lat' dir='ltr'><strong>succos</strong></span> <span class='ocrx_word' id='word_1_239' title='bbox 919 1220 975 1250; x_wconf 86' lang='lat' dir='ltr'><strong>sibi</strong></span> <span class='ocrx_word' id='word_1_240' title='bbox 996 1220 1197 1257; x_wconf 88' lang='lat' dir='ltr'><strong>necessarios,</strong></span> <span class='ocrx_word' id='word_1_241' title='bbox 1226 1221 1388 1257; x_wconf 84' lang='lat' dir='ltr'><strong>relinquere</strong></span> <span class='ocrx_word' id='word_1_242' title='bbox 1413 1231 1482 1251; x_wconf 90' lang='lat' dir='ltr'><strong>vero</strong></span> <span class='ocrx_word' id='word_1_243' title='bbox 1509 1230 1579 1256; x_wconf 86' lang='lat' dir='ltr'><strong>eos,</strong></span> 
     </span>
    </p>
   </div>
   <div class='ocr_carea' id='block_1_4' title="bbox 56 1271 1579 1315">
    <p class='ocr_par' dir='ltr' id='par_1_6' title="bbox 56 1271 1579 1315">
     <span class='ocr_line' id='line_1_22' title="bbox 56 1271 1579 1315; baseline -0.003 -10"><span class='ocrx_word' id='word_1_244' title='bbox 56 1276 112 1315; x_wconf 25' lang='lat' dir='ltr'><strong>*qui</strong></span> <span class='ocrx_word' id='word_1_245' title='bbox 142 1276 205 1305; x_wconf 89' lang='lat' dir='ltr'><strong>aliis</strong></span> <span class='ocrx_word' id='word_1_246' title='bbox 231 1276 337 1313; x_wconf 87' lang='lat' dir='ltr'><strong>plantis</strong></span> <span class='ocrx_word' id='word_1_247' title='bbox 369 1276 457 1305; x_wconf 82' lang='lat' dir='ltr'><strong>utiles</strong></span> <span class='ocrx_word' id='word_1_248' title='bbox 488 1282 596 1307; x_wconf 86' lang='lat' dir='ltr'><strong>essent.</strong></span> <span class='ocrx_word' id='word_1_249' title='bbox 646 1275 770 1305; x_wconf 87' lang='lat' dir='ltr'><strong>Primum</strong></span> <span class='ocrx_word' id='word_1_250' title='bbox 799 1282 869 1303; x_wconf 83' lang='lat' dir='ltr'><strong>vero</strong></span> <span class='ocrx_word' id='word_1_251' title='bbox 896 1271 1175 1301; x_wconf 86' lang='lat' dir='ltr'><strong>animadvertendum</strong></span> <span class='ocrx_word' id='word_1_252' title='bbox 1202 1279 1275 1309; x_wconf 82' lang='lat' dir='ltr'><strong>est,</strong></span> <span class='ocrx_word' id='word_1_253' title='bbox 1305 1280 1394 1302; x_wconf 86' lang='lat' dir='ltr'><strong>terras</strong></span> <span class='ocrx_word' id='word_1_254' title='bbox 1419 1282 1478 1302; x_wconf 91' lang='lat' dir='ltr'><strong>non</strong></span> <span class='ocrx_word' id='word_1_255' title='bbox 1507 1275 1579 1303; x_wconf 86' lang='lat' dir='ltr'><strong>tales</strong></span> 
     </span>
    </p>
   </div>
   <div class='ocr_carea' id='block_1_5' title="bbox 44 1320 1575 1775">
    <p class='ocr_par' dir='ltr' id='par_1_7' title="bbox 44 1320 1575 1775">
     <span class='ocr_line' id='line_1_23' title="bbox 54 1320 1575 1365; baseline -0.003 -9"><span class='ocrx_word' id='word_1_256' title='bbox 54 1335 160 1356; x_wconf 78' lang='lat' dir='ltr'><strong>succos</strong></span> <span class='ocrx_word' id='word_1_257' title='bbox 185 1327 333 1357; x_wconf 84' lang='lat' dir='ltr'><strong>continere</strong></span> <span class='ocrx_word' id='word_1_258' title='bbox 354 1329 452 1364; x_wconf 86' lang='lat' dir='ltr'><strong>quales</strong></span> <span class='ocrx_word' id='word_1_259' title='bbox 468 1327 499 1357; x_wconf 90' lang='lat' dir='ltr'><strong>in</strong></span> <span class='ocrx_word' id='word_1_260' title='bbox 523 1327 629 1365; x_wconf 89' lang='lat' dir='ltr'><strong>plantis</strong></span> <span class='ocrx_word' id='word_1_261' title='bbox 647 1332 738 1362; x_wconf 84' lang='lat' dir='ltr'><strong>sunt,</strong></span> <span class='ocrx_word' id='word_1_262' title='bbox 761 1330 790 1353; x_wconf 90' lang='lat' dir='ltr'><strong>et</strong></span> <span class='ocrx_word' id='word_1_263' title='bbox 811 1324 930 1352; x_wconf 87' lang='lat' dir='ltr'><strong>humum</strong></span> <span class='ocrx_word' id='word_1_264' title='bbox 955 1320 1070 1359; x_wconf 66' lang='lat' dir='ltr'><strong>‘quidem</strong></span> <span class='ocrx_word' id='word_1_265' title='bbox 1095 1329 1229 1352; x_wconf 88' lang='lat' dir='ltr'><strong>constare</strong></span> <span class='ocrx_word' id='word_1_266' title='bbox 1246 1332 1344 1352; x_wconf 89' lang='lat' dir='ltr'><strong>eorum</strong></span> <span class='ocrx_word' id='word_1_267' title='bbox 1362 1323 1514 1361; x_wconf 86' lang='lat' dir='ltr'><strong>principiis</strong></span> <span class='ocrx_word' id='word_1_268' title='bbox 1532 1333 1575 1352; x_wconf 86' lang='lat' dir='ltr'><strong>re·</strong></span> 
     </span>
     <span class='ocr_line' id='line_1_24' title="bbox 54 1374 1571 1417; baseline -0.003 -10"><span class='ocrx_word' id='word_1_269' title='bbox 54 1377 165 1414; x_wconf 81' lang='lat' dir='ltr'><strong>motiS,</strong></span> <span class='ocrx_word' id='word_1_270' title='bbox 193 1387 254 1409; x_wconf 85' lang='lat' dir='ltr'><strong>non</strong></span> <span class='ocrx_word' id='word_1_271' title='bbox 279 1387 348 1408; x_wconf 91' lang='lat' dir='ltr'><strong>vero</strong></span> <span class='ocrx_word' id='word_1_272' title='bbox 374 1379 424 1408; x_wconf 88' lang='lat' dir='ltr'><strong>tali</strong></span> <span class='ocrx_word' id='word_1_273' title='bbox 447 1379 557 1408; x_wconf 83' lang='lat' dir='ltr'><strong>ratione</strong></span> <span class='ocrx_word' id='word_1_274' title='bbox 581 1377 718 1417; x_wconf 76' lang='lat' dir='ltr'><strong>junctis,</strong></span> <span class='ocrx_word' id='word_1_275' title='bbox 747 1374 828 1411; x_wconf 64' lang='lat' dir='ltr'><strong>quali&gt;</strong></span> <span class='ocrx_word' id='word_1_276' title='bbox 850 1374 880 1404; x_wconf 88' lang='lat' dir='ltr'><strong>in</strong></span> <span class='ocrx_word' id='word_1_277' title='bbox 905 1374 1010 1411; x_wconf 87' lang='lat' dir='ltr'><strong>plantis</strong></span> <span class='ocrx_word' id='word_1_278' title='bbox 1037 1374 1236 1404; x_wconf 86' lang='lat' dir='ltr'><strong>inveniuntur.</strong></span> <span class='ocrx_word' id='word_1_279' title='bbox 1277 1375 1389 1404; x_wconf 85' lang='lat' dir='ltr'><strong>Caussa</strong></span> <span class='ocrx_word' id='word_1_280' title='bbox 1404 1380 1497 1403; x_wconf 87' lang='lat' dir='ltr'><strong>autem</strong></span> <span class='ocrx_word' id='word_1_281' title='bbox 1518 1382 1571 1402; x_wconf 89' lang='lat' dir='ltr'><strong>cur</strong></span> 
     </span>
     <span class='ocr_line' id='line_1_25' title="bbox 50 1425 1569 1467; baseline -0.004 -9"><span class='ocrx_word' id='word_1_282' title='bbox 50 1437 111 1458; x_wconf 79' lang='lat' dir='ltr'><strong>non</strong></span> <span class='ocrx_word' id='word_1_283' title='bbox 139 1438 191 1465; x_wconf 82' lang='lat' dir='ltr'><strong>per</strong></span> <span class='ocrx_word' id='word_1_284' title='bbox 214 1431 334 1467; x_wconf 84' lang='lat' dir='ltr'><strong>longum</strong></span> <span class='ocrx_word' id='word_1_285' title='bbox 366 1436 483 1467; x_wconf 82' lang='lat' dir='ltr'><strong>tempus</strong></span> <span class='ocrx_word' id='word_1_286' title='bbox 508 1430 604 1459; x_wconf 84' lang='lat' dir='ltr'><strong>eadem</strong></span> <span class='ocrx_word' id='word_1_287' title='bbox 630 1431 727 1466; x_wconf 86' lang='lat' dir='ltr'><strong>planta</strong></span> <span class='ocrx_word' id='word_1_288' title='bbox 752 1427 783 1455; x_wconf 89' lang='lat' dir='ltr'><strong>in</strong></span> <span class='ocrx_word' id='word_1_289' title='bbox 814 1426 913 1454; x_wconf 87' lang='lat' dir='ltr'><strong>eodem</strong></span> <span class='ocrx_word' id='word_1_290' title='bbox 944 1433 1012 1462; x_wconf 83' lang='lat' dir='ltr'><strong>agro</strong></span> <span class='ocrx_word' id='word_1_291' title='bbox 1041 1425 1115 1453; x_wconf 88' lang='lat' dir='ltr'><strong>bene</strong></span> <span class='ocrx_word' id='word_1_292' title='bbox 1141 1431 1271 1460; x_wconf 88' lang='lat' dir='ltr'><strong>crescat,</strong></span> <span class='ocrx_word' id='word_1_293' title='bbox 1306 1431 1334 1453; x_wconf 86' lang='lat' dir='ltr'><strong>et</strong></span> <span class='ocrx_word' id='word_1_294' title='bbox 1365 1430 1439 1453; x_wconf 85' lang='lat' dir='ltr'><strong>certa</strong></span> <span class='ocrx_word' id='word_1_295' title='bbox 1463 1431 1569 1453; x_wconf 73' lang='lat' dir='ltr'><strong>certain</strong></span> 
     </span>
     <span class='ocr_line' id='line_1_26' title="bbox 49 1475 1571 1516; baseline -0.003 -8"><span class='ocrx_word' id='word_1_296' title='bbox 49 1480 177 1516; x_wconf 88' lang='lat' dir='ltr'><strong>plantam</strong></span> <span class='ocrx_word' id='word_1_297' title='bbox 199 1481 285 1516; x_wconf 88' lang='lat' dir='ltr'><strong>sequi</strong></span> <span class='ocrx_word' id='word_1_298' title='bbox 304 1480 405 1510; x_wconf 75' lang='lat' dir='ltr'><strong>debeat</strong></span> <span class='ocrx_word' id='word_1_299' title='bbox 419 1502 428 1515; x_wconf 87' lang='lat'><strong>,</strong></span> <span class='ocrx_word' id='word_1_300' title='bbox 456 1480 579 1510; x_wconf 86' lang='lat' dir='ltr'><strong>forsitan</strong></span> <span class='ocrx_word' id='word_1_301' title='bbox 605 1489 640 1510; x_wconf 84' lang='lat' dir='ltr'><strong>ex</strong></span> <span class='ocrx_word' id='word_1_302' title='bbox 665 1488 700 1509; x_wconf 92' lang='lat' dir='ltr'><strong>eo</strong></span> <span class='ocrx_word' id='word_1_303' title='bbox 723 1486 892 1516; x_wconf 87' lang='lat' dir='ltr'><strong>argumento</strong></span> <span class='ocrx_word' id='word_1_304' title='bbox 913 1476 1050 1513; x_wconf 79' lang='lat' dir='ltr'><strong>explicari</strong></span> <span class='ocrx_word' id='word_1_305' title='bbox 1072 1483 1174 1512; x_wconf 88' lang='lat' dir='ltr'><strong>posset</strong></span> <span class='ocrx_word' id='word_1_306' title='bbox 1190 1496 1202 1512; x_wconf 94' lang='lat'><strong>,</strong></span> <span class='ocrx_word' id='word_1_307' title='bbox 1232 1476 1311 1512; x_wconf 89' lang='lat' dir='ltr'><strong>quod</strong></span> <span class='ocrx_word' id='word_1_308' title='bbox 1333 1475 1462 1512; x_wconf 86' lang='lat' dir='ltr'><strong>singulae</strong></span> <span class='ocrx_word' id='word_1_309' title='bbox 1489 1477 1571 1512; x_wconf 86' lang='lat' dir='ltr'><strong>plan-</strong></span> 
     </span>
     <span class='ocr_line' id='line_1_27' title="bbox 48 1527 1569 1567; baseline -0.004 -7"><span class='ocrx_word' id='word_1_310' title='bbox 48 1537 116 1566; x_wconf 81' lang='lat' dir='ltr'><strong>tae,</strong></span> <span class='ocrx_word' id='word_1_311' title='bbox 144 1537 177 1560; x_wconf 91' lang='lat' dir='ltr'><strong>ut</strong></span> <span class='ocrx_word' id='word_1_312' title='bbox 202 1531 331 1567; x_wconf 88' lang='lat' dir='ltr'><strong>liquores</strong></span> <span class='ocrx_word' id='word_1_313' title='bbox 359 1532 421 1561; x_wconf 92' lang='lat' dir='ltr'><strong>suis</strong></span> <span class='ocrx_word' id='word_1_314' title='bbox 453 1532 598 1561; x_wconf 71' lang='lat' dir='ltr'><strong>radicibus</strong></span> <span class='ocrx_word' id='word_1_315' title='bbox 623 1529 780 1565; x_wconf 83' lang='lat' dir='ltr'><strong>hauriant,</strong></span> <span class='ocrx_word' id='word_1_316' title='bbox 806 1528 848 1557; x_wconf 90' lang='lat' dir='ltr'><strong>sic</strong></span> <span class='ocrx_word' id='word_1_317' title='bbox 872 1527 954 1557; x_wconf 85' lang='lat' dir='ltr'><strong>etiam</strong></span> <span class='ocrx_word' id='word_1_318' title='bbox 980 1527 1113 1564; x_wconf 86' lang='lat' dir='ltr'><strong>inprimis</strong></span> <span class='ocrx_word' id='word_1_319' title='bbox 1139 1534 1230 1556; x_wconf 84' lang='lat' dir='ltr'><strong>noctu</strong></span> <span class='ocrx_word' id='word_1_320' title='bbox 1252 1535 1305 1563; x_wconf 89' lang='lat' dir='ltr'><strong>per</strong></span> <span class='ocrx_word' id='word_1_321' title='bbox 1329 1533 1468 1555; x_wconf 79' lang='lat' dir='ltr'><strong>extremas</strong></span> <span class='ocrx_word' id='word_1_322' title='bbox 1495 1527 1569 1555; x_wconf 86' lang='lat' dir='ltr'><strong>radi-</strong></span> 
     </span>
     <span class='ocr_line' id='line_1_28' title="bbox 47 1577 1565 1620; baseline -0.003 -10"><span class='ocrx_word' id='word_1_323' title='bbox 47 1583 126 1610; x_wconf 78' lang='lat' dir='ltr'><strong>culas</strong></span> <span class='ocrx_word' id='word_1_324' title='bbox 143 1579 295 1612; x_wconf 77' lang='lat' dir='ltr'><strong>excernant</strong></span> <span class='ocrx_word' id='word_1_325' title='bbox 316 1584 479 1619; x_wconf 78' lang='lat' dir='ltr'><strong>liquorem,</strong></span> <span class='ocrx_word' id='word_1_326' title='bbox 508 1589 540 1612; x_wconf 79' lang='lat' dir='ltr'><strong>ut</strong></span> <span class='ocrx_word' id='word_1_327' title='bbox 571 1583 698 1620; x_wconf 80' lang='lat' dir='ltr'><strong>guttulas</strong></span> <span class='ocrx_word' id='word_1_328' title='bbox 711 1601 721 1617; x_wconf 91' lang='lat'><strong>,</strong></span> <span class='ocrx_word' id='word_1_329' title='bbox 750 1579 801 1617; x_wconf 82' lang='lat' dir='ltr'><strong>qui</strong></span> <span class='ocrx_word' id='word_1_330' title='bbox 823 1580 853 1609; x_wconf 82' lang='lat' dir='ltr'><strong>in</strong></span> <span class='ocrx_word' id='word_1_331' title='bbox 873 1580 959 1610; x_wconf 85' lang='lat' dir='ltr'><strong>variis</strong></span> <span class='ocrx_word' id='word_1_332' title='bbox 982 1579 1088 1617; x_wconf 84' lang='lat' dir='ltr'><strong>plantis</strong></span> <span class='ocrx_word' id='word_1_333' title='bbox 1108 1579 1146 1608; x_wconf 89' lang='lat' dir='ltr'><strong>sit</strong></span> <span class='ocrx_word' id='word_1_334' title='bbox 1171 1578 1266 1608; x_wconf 88' lang='lat' dir='ltr'><strong>varius</strong></span> <span class='ocrx_word' id='word_1_335' title='bbox 1281 1587 1292 1607; x_wconf 74' lang='lat' dir='ltr'><strong><em>z</em></strong></span> <span class='ocrx_word' id='word_1_336' title='bbox 1313 1578 1362 1607; x_wconf 86' lang='lat' dir='ltr'><strong>ille</strong></span> <span class='ocrx_word' id='word_1_337' title='bbox 1375 1598 1386 1614; x_wconf 93' lang='lat'><strong>,</strong></span> <span class='ocrx_word' id='word_1_338' title='bbox 1410 1586 1494 1615; x_wconf 86' lang='lat' dir='ltr'><strong>quem</strong></span> <span class='ocrx_word' id='word_1_339' title='bbox 1523 1577 1565 1606; x_wconf 87' lang='lat' dir='ltr'><strong>sic</strong></span> 
     </span>
     <span class='ocr_line' id='line_1_29' title="bbox 46 1629 1567 1672; baseline -0.003 -11"><span class='ocrx_word' id='word_1_340' title='bbox 46 1633 243 1670; x_wconf 79' lang='lat' dir='ltr'><strong>excreverint,</strong></span> <span class='ocrx_word' id='word_1_341' title='bbox 263 1635 335 1672; x_wconf 85' lang='lat' dir='ltr'><strong>ipsis</strong></span> <span class='ocrx_word' id='word_1_342' title='bbox 359 1636 499 1672; x_wconf 81' lang='lat' dir='ltr'><strong>deinceps</strong></span> <span class='ocrx_word' id='word_1_343' title='bbox 517 1641 641 1671; x_wconf 87' lang='lat' dir='ltr'><strong>noceat,</strong></span> <span class='ocrx_word' id='word_1_344' title='bbox 660 1634 744 1664; x_wconf 90' lang='lat' dir='ltr'><strong>valde</strong></span> <span class='ocrx_word' id='word_1_345' title='bbox 762 1641 856 1662; x_wconf 86' lang='lat' dir='ltr'><strong>tamen</strong></span> <span class='ocrx_word' id='word_1_346' title='bbox 876 1638 974 1668; x_wconf 87' lang='lat' dir='ltr'><strong>aptum</strong></span> <span class='ocrx_word' id='word_1_347' title='bbox 995 1631 1059 1660; x_wconf 89' lang='lat' dir='ltr'><strong>aliis</strong></span> <span class='ocrx_word' id='word_1_348' title='bbox 1081 1630 1216 1667; x_wconf 86' lang='lat' dir='ltr'><strong>praebeat</strong></span> <span class='ocrx_word' id='word_1_349' title='bbox 1233 1629 1460 1666; x_wconf 78' lang='lat' dir='ltr'><strong>nutrimentum3</strong></span> <span class='ocrx_word' id='word_1_350' title='bbox 1485 1629 1567 1665; x_wconf 56' lang='lat' dir='ltr'><strong>quod*</strong></span> 
     </span>
     <span class='ocr_line' id='line_1_30' title="bbox 45 1679 1564 1724; baseline -0.004 -11"><span class='ocrx_word' id='word_1_351' title='bbox 45 1687 115 1724; x_wconf 83' lang='lat' dir='ltr'><strong>tunc</strong></span> <span class='ocrx_word' id='word_1_352' title='bbox 133 1685 217 1715; x_wconf 76' lang='lat' dir='ltr'><strong>etiam</strong></span> <span class='ocrx_word' id='word_1_353' title='bbox 239 1687 332 1716; x_wconf 87' lang='lat' dir='ltr'><strong>valeat</strong></span> <span class='ocrx_word' id='word_1_354' title='bbox 347 1687 381 1715; x_wconf 88' lang='lat' dir='ltr'><strong>de</strong></span> <span class='ocrx_word' id='word_1_355' title='bbox 398 1687 505 1724; x_wconf 86' lang='lat' dir='ltr'><strong>plantis</strong></span> <span class='ocrx_word' id='word_1_356' title='bbox 525 1685 693 1721; x_wconf 89' lang='lat' dir='ltr'><strong>venenatis,</strong></span> <span class='ocrx_word' id='word_1_357' title='bbox 714 1694 787 1722; x_wconf 85' lang='lat' dir='ltr'><strong>quae</strong></span> <span class='ocrx_word' id='word_1_358' title='bbox 810 1684 924 1720; x_wconf 86' lang='lat' dir='ltr'><strong>quidem</strong></span> <span class='ocrx_word' id='word_1_359' title='bbox 949 1682 1005 1711; x_wconf 88' lang='lat' dir='ltr'><strong>soli</strong></span> <span class='ocrx_word' id='word_1_360' title='bbox 1026 1681 1203 1711; x_wconf 87' lang='lat' dir='ltr'><strong>fertilitatem</strong></span> <span class='ocrx_word' id='word_1_361' title='bbox 1223 1681 1407 1716; x_wconf 84' lang='lat' dir='ltr'><strong>diminuunt,</strong></span> <span class='ocrx_word' id='word_1_362' title='bbox 1429 1679 1564 1716; x_wconf 81' lang='lat' dir='ltr'><strong>quoniam</strong></span> 
     </span>
     <span class='ocr_line' id='line_1_31' title="bbox 44 1732 1562 1775; baseline -0.003 -12"><span class='ocrx_word' id='word_1_363' title='bbox 44 1732 79 1764; x_wconf 63' lang='lat' dir='ltr'><strong>et&gt;</strong></span> <span class='ocrx_word' id='word_1_364' title='bbox 97 1735 154 1765; x_wconf 88' lang='lat' dir='ltr'><strong>sibi</strong></span> <span class='ocrx_word' id='word_1_365' title='bbox 174 1745 208 1765; x_wconf 88' lang='lat' dir='ltr'><strong>ex</strong></span> <span class='ocrx_word' id='word_1_366' title='bbox 232 1746 266 1766; x_wconf 93' lang='lat' dir='ltr'><strong>eo</strong></span> <span class='ocrx_word' id='word_1_367' title='bbox 289 1738 404 1775; x_wconf 85' lang='lat' dir='ltr'><strong>rapiunt</strong></span> <span class='ocrx_word' id='word_1_368' title='bbox 432 1738 616 1771; x_wconf 87' lang='lat' dir='ltr'><strong>alimentum,</strong></span> <span class='ocrx_word' id='word_1_369' title='bbox 644 1737 766 1766; x_wconf 85' lang='lat' dir='ltr'><strong>maxime</strong></span> <span class='ocrx_word' id='word_1_370' title='bbox 796 1744 867 1764; x_wconf 88' lang='lat' dir='ltr'><strong>vero</strong></span> <span class='ocrx_word' id='word_1_371' title='bbox 883 1754 895 1771; x_wconf 95' lang='lat'><strong>,</strong></span> <span class='ocrx_word' id='word_1_372' title='bbox 927 1733 1061 1769; x_wconf 86' lang='lat' dir='ltr'><strong>quoniam</strong></span> <span class='ocrx_word' id='word_1_373' title='bbox 1090 1738 1242 1761; x_wconf 87' lang='lat' dir='ltr'><strong>secernant</strong></span> <span class='ocrx_word' id='word_1_374' title='bbox 1260 1738 1288 1760; x_wconf 89' lang='lat' dir='ltr'><strong>et</strong></span> <span class='ocrx_word' id='word_1_375' title='bbox 1315 1732 1444 1760; x_wconf 87' lang='lat' dir='ltr'><strong>emittant</strong></span> <span class='ocrx_word' id='word_1_376' title='bbox 1473 1732 1562 1759; x_wconf 79' lang='lat' dir='ltr'><strong>malos</strong></span> 
     </span>
    </p>
   </div>
   <div class='ocr_carea' id='block_1_6' title="bbox 41 1779 1559 1826">
    <p class='ocr_par' dir='ltr' id='par_1_8' title="bbox 41 1779 1559 1826">
     <span class='ocr_line' id='line_1_32' title="bbox 41 1779 1559 1826; baseline -0.003 -12"><span class='ocrx_word' id='word_1_377' title='bbox 41 1779 199 1823; x_wconf 71' lang='lat' dir='ltr'><strong>humores,</strong></span> <span class='ocrx_word' id='word_1_378' title='bbox 232 1788 282 1824; x_wconf 90' lang='lat' dir='ltr'><strong>qui</strong></span> <span class='ocrx_word' id='word_1_379' title='bbox 308 1789 505 1826; x_wconf 87' lang='lat' dir='ltr'><strong>pertingentes</strong></span> <span class='ocrx_word' id='word_1_380' title='bbox 530 1789 640 1818; x_wconf 86' lang='lat' dir='ltr'><strong>radices</strong></span> <span class='ocrx_word' id='word_1_381' title='bbox 671 1787 830 1818; x_wconf 88' lang='lat' dir='ltr'><strong>vicinarum</strong></span> <span class='ocrx_word' id='word_1_382' title='bbox 855 1787 1017 1822; x_wconf 87' lang='lat' dir='ltr'><strong>plantarum</strong></span> <span class='ocrx_word' id='word_1_383' title='bbox 1047 1785 1089 1813; x_wconf 84' lang='lat' dir='ltr'><strong>sic</strong></span> <span class='ocrx_word' id='word_1_384' title='bbox 1121 1783 1268 1819; x_wconf 88' lang='lat' dir='ltr'><strong>afficiunt,</strong></span> <span class='ocrx_word' id='word_1_385' title='bbox 1295 1783 1354 1812; x_wconf 84' lang='lat' dir='ltr'><strong>acsi</strong></span> <span class='ocrx_word' id='word_1_386' title='bbox 1380 1783 1414 1811; x_wconf 89' lang='lat' dir='ltr'><strong>ab</strong></span> <span class='ocrx_word' id='word_1_387' title='bbox 1442 1782 1559 1811; x_wconf 75' lang='lat' dir='ltr'><strong>insectis</strong></span> 
     </span>
    </p>
   </div>
   <div class='ocr_carea' id='block_1_7' title="bbox 39 1833 1561 1920">
    <p class='ocr_par' dir='ltr' id='par_1_9' title="bbox 39 1833 1561 1920">
     <span class='ocr_line' id='line_1_33' title="bbox 39 1833 1558 1878; baseline -0.005 -9"><span class='ocrx_word' id='word_1_388' title='bbox 39 1845 175 1869; x_wconf 76' lang='lat' dir='ltr'><strong>corrosae</strong></span> <span class='ocrx_word' id='word_1_389' title='bbox 200 1845 297 1868; x_wconf 84' lang='lat' dir='ltr'><strong>essent</strong></span> <span class='ocrx_word' id='word_1_390' title='bbox 318 1840 397 1878; x_wconf 76' lang='lat'><strong>(3).</strong></span> <span class='ocrx_word' id='word_1_391' title='bbox 434 1840 544 1870; x_wconf 83' lang='lat' dir='ltr'><strong>Verum</strong></span> <span class='ocrx_word' id='word_1_392' title='bbox 566 1840 634 1869; x_wconf 86' lang='lat' dir='ltr'><strong>licet</strong></span> <span class='ocrx_word' id='word_1_393' title='bbox 655 1847 714 1868; x_wconf 87' lang='lat' dir='ltr'><strong>non</strong></span> <span class='ocrx_word' id='word_1_394' title='bbox 738 1846 840 1867; x_wconf 86' lang='lat' dir='ltr'><strong>eorum</strong></span> <span class='ocrx_word' id='word_1_395' title='bbox 860 1835 1032 1866; x_wconf 84' lang='lat' dir='ltr'><strong>admittenda</strong></span> <span class='ocrx_word' id='word_1_396' title='bbox 1050 1835 1180 1865; x_wconf 87' lang='lat' dir='ltr'><strong>videatur</strong></span> <span class='ocrx_word' id='word_1_397' title='bbox 1208 1834 1371 1870; x_wconf 87' lang='lat' dir='ltr'><strong>sententia,</strong></span> <span class='ocrx_word' id='word_1_398' title='bbox 1394 1833 1444 1870; x_wconf 85' lang='lat' dir='ltr'><strong>qui</strong></span> <span class='ocrx_word' id='word_1_399' title='bbox 1468 1840 1558 1862; x_wconf 78' lang='lat' dir='ltr'><strong>certas</strong></span> 
     </span>
     <span class='ocr_line' id='line_1_34' title="bbox 1480 1885 1561 1920; baseline 0 -8"><span class='ocrx_word' id='word_1_400' title='bbox 1480 1885 1561 1920; x_wconf 75' lang='lat' dir='ltr'><strong>pian-</strong></span> 
     </span>
    </p>
   </div>
   <div class='ocr_carea' id='block_1_8' title="bbox 72 1952 1558 1992">
    <p class='ocr_par' dir='ltr' id='par_1_10' title="bbox 72 1952 1558 1992">
     <span class='ocr_line' id='line_1_35' title="bbox 72 1952 1558 1992; baseline -0.003 -10"><span class='ocrx_word' id='word_1_401' title='bbox 72 1953 91 1988; x_wconf 82' lang='lat'>(</span> <span class='ocrx_word' id='word_1_402' title='bbox 103 1954 142 1990; x_wconf 80' lang='grc' dir='ltr'><strong>ι)</strong></span> <span class='ocrx_word' id='word_1_403' title='bbox 160 1956 221 1983; x_wconf 83' lang='lat' dir='ltr'><strong>vid.</strong></span> <span class='ocrx_word' id='word_1_404' title='bbox 237 1957 268 1984; x_wconf 88' lang='lat' dir='ltr'><strong>de</strong></span> <span class='ocrx_word' id='word_1_405' title='bbox 285 1958 334 1985; x_wconf 79' lang='lat' dir='ltr'><strong>hac</strong></span> <span class='ocrx_word' id='word_1_406' title='bbox 357 1958 483 1986; x_wconf 82' lang='lat' dir='ltr'><strong>sententia</strong></span> <span class='ocrx_word' id='word_1_407' title='bbox 497 1958 610 1992; x_wconf 73' lang='lat' dir='ltr'><strong>inprimis</strong></span> <span class='ocrx_word' id='word_1_408' title='bbox 629 1959 673 1985; x_wconf 91' lang='lat' dir='ltr'><strong>Du</strong></span> <span class='ocrx_word' id='word_1_409' title='bbox 692 1955 784 1982; x_wconf 82' lang='lat' dir='ltr'><strong>Hamel</strong></span> <span class='ocrx_word' id='word_1_410' title='bbox 802 1954 836 1980; x_wconf 88' lang='lat' dir='ltr'><strong>du</strong></span> <span class='ocrx_word' id='word_1_411' title='bbox 855 1953 1008 1985; x_wconf 88' lang='lat' dir='ltr'><strong>Monceau,</strong></span> <span class='ocrx_word' id='word_1_412' title='bbox 1029 1952 1165 1986; x_wconf 77' lang='lat' dir='ltr'><strong>Physique</strong></span> <span class='ocrx_word' id='word_1_413' title='bbox 1184 1953 1227 1980; x_wconf 90' lang='lat' dir='ltr'><strong>des</strong></span> <span class='ocrx_word' id='word_1_414' title='bbox 1242 1952 1338 1979; x_wconf 85' lang='lat' dir='ltr'><strong>Arbtes</strong></span> <span class='ocrx_word' id='word_1_415' title='bbox 1354 1952 1415 1978; x_wconf 91' lang='lat' dir='ltr'><strong>Lib.</strong></span> <span class='ocrx_word' id='word_1_416' title='bbox 1434 1952 1468 1978; x_wconf 89' lang='lat' dir='ltr'><strong>V.</strong></span> <span class='ocrx_word' id='word_1_417' title='bbox 1491 1959 1514 1976; x_wconf 89' lang='lat' dir='ltr'><strong>c.</strong></span> <span class='ocrx_word' id='word_1_418' title='bbox 1534 1957 1558 1977; x_wconf 86' lang='lat'><strong>1.</strong></span> 
     </span>
    </p>
   </div>
   <div class='ocr_carea' id='block_1_9' title="bbox 36 2008 1553 2082">
    <p class='ocr_par' dir='ltr' id='par_1_11' title="bbox 36 2008 1553 2082">
     <span class='ocr_line' id='line_1_36' title="bbox 36 2008 141 2035; baseline 0.01 -7"><span class='ocrx_word' id='word_1_419' title='bbox 36 2008 64 2034; x_wconf 79' lang='lat' dir='ltr'><strong>p.</strong></span> <span class='ocrx_word' id='word_1_420' title='bbox 81 2009 141 2035; x_wconf 83' lang='lat'>207.</span> 
     </span>
     <span class='ocr_line' id='line_1_37' title="bbox 71 2042 1553 2082; baseline -0.005 -8"><span class='ocrx_word' id='word_1_421' title='bbox 71 2047 89 2081; x_wconf 74' lang='grc' dir='ltr'>ζ</span> <span class='ocrx_word' id='word_1_422' title='bbox 98 2047 140 2082; x_wconf 82' lang='lat'><strong>2)</strong></span> <span class='ocrx_word' id='word_1_423' title='bbox 159 2048 202 2075; x_wconf 87' lang='lat' dir='ltr'><strong>Sic</strong></span> <span class='ocrx_word' id='word_1_424' title='bbox 220 2050 296 2076; x_wconf 84' lang='lat' dir='ltr'><strong>etiam</strong></span> <span class='ocrx_word' id='word_1_425' title='bbox 315 2050 397 2077; x_wconf 81' lang='lat' dir='ltr'><strong>docet</strong></span> <span class='ocrx_word' id='word_1_426' title='bbox 410 2050 469 2079; x_wconf 66' lang='lat' dir='ltr'><strong>Cei.</strong></span> <span class='ocrx_word' id='word_1_427' title='bbox 487 2057 582 2078; x_wconf 82' lang='lat' dir='ltr'><strong>noster</strong></span> <span class='ocrx_word' id='word_1_428' title='bbox 597 2058 645 2078; x_wconf 87' lang='lat' dir='ltr'><strong>van</strong></span> <span class='ocrx_word' id='word_1_429' title='bbox 663 2049 765 2076; x_wconf 80' lang='lat' dir='ltr'><strong>Marum</strong></span> <span class='ocrx_word' id='word_1_430' title='bbox 777 2066 785 2079; x_wconf 89' lang='lat'><em>‚</em></span> <span class='ocrx_word' id='word_1_431' title='bbox 802 2046 900 2072; x_wconf 88' lang='lat' dir='ltr'><strong>radices</strong></span> <span class='ocrx_word' id='word_1_432' title='bbox 919 2046 1023 2072; x_wconf 89' lang='lat' dir='ltr'><strong>Rubiae</strong></span> <span class='ocrx_word' id='word_1_433' title='bbox 1042 2046 1179 2071; x_wconf 85' lang='lat' dir='ltr'><strong>tinctorum</strong></span> <span class='ocrx_word' id='word_1_434' title='bbox 1200 2052 1300 2072; x_wconf 87' lang='lat' dir='ltr'><strong>omnem</strong></span> <span class='ocrx_word' id='word_1_435' title='bbox 1317 2044 1432 2069; x_wconf 81' lang='lat' dir='ltr'><strong>amittere</strong></span> <span class='ocrx_word' id='word_1_436' title='bbox 1447 2042 1553 2068; x_wconf 85' lang='lat' dir='ltr'><strong>rubrum</strong></span> 
     </span>
    </p>
   </div>
   <div class='ocr_carea' id='block_1_10' title="bbox 36 2088 1552 2130">
    <p class='ocr_par' dir='ltr' id='par_1_12' title="bbox 36 2088 1552 2130">
     <span class='ocr_line' id='line_1_38' title="bbox 36 2088 1552 2130; baseline -0.005 -10"><span class='ocrx_word' id='word_1_437' title='bbox 36 2094 166 2120; x_wconf 83' lang='lat' dir='ltr'><strong>colorem.</strong></span> <span class='ocrx_word' id='word_1_438' title='bbox 191 2095 211 2120; x_wconf 90' lang='lat' dir='ltr'><strong>si</strong></span> <span class='ocrx_word' id='word_1_439' title='bbox 228 2097 360 2129; x_wconf 87' lang='lat' dir='ltr'><strong>pluribus,</strong></span> <span class='ocrx_word' id='word_1_440' title='bbox 376 2105 452 2130; x_wconf 80' lang='lat' dir='ltr'><strong>quam</strong></span> <span class='ocrx_word' id='word_1_441' title='bbox 469 2099 550 2124; x_wconf 82' lang='lat' dir='ltr'><strong>tribus</strong></span> <span class='ocrx_word' id='word_1_442' title='bbox 571 2099 659 2128; x_wconf 83' lang='lat' dir='ltr'><strong>annis,</strong></span> <span class='ocrx_word' id='word_1_443' title='bbox 677 2097 741 2123; x_wconf 83' lang='lat' dir='ltr'><strong>haec</strong></span> <span class='ocrx_word' id='word_1_444' title='bbox 757 2095 841 2127; x_wconf 87' lang='lat' dir='ltr'><strong>planta</strong></span> <span class='ocrx_word' id='word_1_445' title='bbox 864 2094 891 2119; x_wconf 84' lang='lat' dir='ltr'><strong>in</strong></span> <span class='ocrx_word' id='word_1_446' title='bbox 908 2090 1002 2117; x_wconf 87' lang='lat' dir='ltr'><strong>eodem</strong></span> <span class='ocrx_word' id='word_1_447' title='bbox 1023 2099 1084 2124; x_wconf 87' lang='lat' dir='ltr'><strong>agro</strong></span> <span class='ocrx_word' id='word_1_448' title='bbox 1110 2092 1218 2118; x_wconf 84' lang='lat' dir='ltr'><strong>colatur.</strong></span> <span class='ocrx_word' id='word_1_449' title='bbox 1254 2090 1318 2117; x_wconf 82' lang='lat' dir='ltr'><strong>vid.</strong></span> <span class='ocrx_word' id='word_1_450' title='bbox 1332 2090 1387 2123; x_wconf 81' lang='lat' dir='ltr'><strong>ejus</strong></span> <span class='ocrx_word' id='word_1_451' title='bbox 1405 2089 1506 2114; x_wconf 83' lang='lat' dir='ltr'><strong>dissert.</strong></span> <span class='ocrx_word' id='word_1_452' title='bbox 1520 2088 1552 2113; x_wconf 86' lang='lat' dir='ltr'><strong>de</strong></span> 
     </span>
    </p>
   </div>
   <div class='ocr_carea' id='block_1_11' title="bbox 32 2139 784 2178">
    <p class='ocr_par' dir='ltr' id='par_1_13' title="bbox 32 2139 784 2178">
     <span class='ocr_line' id='line_1_39' title="bbox 32 2139 784 2178; baseline 0.005 -14"><span class='ocrx_word' id='word_1_453' title='bbox 32 2145 104 2165; x_wconf 85' lang='lat' dir='ltr'><strong>motu</strong></span> <span class='ocrx_word' id='word_1_454' title='bbox 121 2139 254 2167; x_wconf 83' lang='lat' dir='ltr'><strong>fluidorum</strong></span> <span class='ocrx_word' id='word_1_455' title='bbox 270 2143 296 2167; x_wconf 91' lang='lat' dir='ltr'><strong>in</strong></span> <span class='ocrx_word' id='word_1_456' title='bbox 315 2144 405 2175; x_wconf 81' lang='lat' dir='ltr'><strong>plantis</strong></span> <span class='ocrx_word' id='word_1_457' title='bbox 429 2152 457 2177; x_wconf 87' lang='lat' dir='ltr'><strong>p.</strong></span> <span class='ocrx_word' id='word_1_458' title='bbox 476 2152 518 2178; x_wconf 87' lang='lat'><strong>¹9·</strong></span> <span class='ocrx_word' id='word_1_459' title='bbox 542 2145 688 2177; x_wconf 81' lang='lat' dir='ltr'><strong>Groningae</strong></span> <span class='ocrx_word' id='word_1_460' title='bbox 707 2150 784 2177; x_wconf 86' lang='lat'>1773.</span> 
     </span>
    </p>
   </div>
   <div class='ocr_carea' id='block_1_12' title="bbox 66 2182 1553 2255">
    <p class='ocr_par' dir='ltr' id='par_1_14' title="bbox 66 2182 1553 2255">
     <span class='ocr_line' id='line_1_40' title="bbox 66 2182 1547 2224; baseline -0.008 -6"><span class='ocrx_word' id='word_1_461' title='bbox 66 2184 82 2219; x_wconf 91' lang='lat'><strong>(</strong></span> <span class='ocrx_word' id='word_1_462' title='bbox 92 2184 133 2220; x_wconf 82' lang='lat'><strong>3)</strong></span> <span class='ocrx_word' id='word_1_463' title='bbox 152 2187 255 2213; x_wconf 86' lang='lat' dir='ltr'><strong>Primus</strong></span> <span class='ocrx_word' id='word_1_464' title='bbox 272 2188 325 2215; x_wconf 87' lang='lat' dir='ltr'><strong>hoc</strong></span> <span class='ocrx_word' id='word_1_465' title='bbox 345 2188 436 2217; x_wconf 87' lang='lat' dir='ltr'><strong>docuit</strong></span> <span class='ocrx_word' id='word_1_466' title='bbox 453 2191 512 2219; x_wconf 89' lang='lat' dir='ltr'><strong>Cel.</strong></span> <span class='ocrx_word' id='word_1_467' title='bbox 529 2191 711 2224; x_wconf 80' lang='lat' dir='ltr'><strong>Brugmansius</strong></span> <span class='ocrx_word' id='word_1_468' title='bbox 730 2192 756 2217; x_wconf 91' lang='lat' dir='ltr'><strong>in</strong></span> <span class='ocrx_word' id='word_1_469' title='bbox 775 2192 918 2217; x_wconf 86' lang='lat' dir='ltr'><strong>comment.</strong></span> <span class='ocrx_word' id='word_1_470' title='bbox 934 2186 967 2213; x_wconf 86' lang='lat' dir='ltr'><strong>de</strong></span> <span class='ocrx_word' id='word_1_471' title='bbox 975 2185 1065 2220; x_wconf 60' lang='lat' dir='ltr'><strong>,Louo</strong></span> <span class='ocrx_word' id='word_1_472' title='bbox 1085 2185 1256 2219; x_wconf 77' lang='lat' dir='ltr'><strong>eiusdemque</strong></span> <span class='ocrx_word' id='word_1_473' title='bbox 1272 2183 1339 2212; x_wconf 78' lang='lat' dir='ltr'><strong>varia</strong></span> <span class='ocrx_word' id='word_1_474' title='bbox 1356 2182 1460 2216; x_wconf 81' lang='lat' dir='ltr'><strong>specie,</strong></span> <span class='ocrx_word' id='word_1_475' title='bbox 1478 2182 1547 2207; x_wconf 68' lang='lat' dir='ltr'><strong>noxa</strong></span> 
     </span>
     <span class='ocr_line' id='line_1_41' title="bbox 1527 2232 1553 2255; baseline -0.077 0"><span class='ocrx_word' id='word_1_476' title='bbox 1527 2232 1553 2255; x_wconf 85' lang='lat' dir='ltr'><strong>et</strong></span> 
     </span>
    </p>
   </div>
  </div>
 </body>
</html>
