1919 2511
274 124 314 155 14
707 120 735 150 J.
825 127 967 149 VAN
1052 114 1308 148 HALL

273 219 383 242 uero
413 212 565 247 auctore,
596 205 695 238 totius
718 202 991 247 jurisprudentiae
1012 200 1159 234 studium
1182 212 1250 235 non
1270 201 1489 236 exhilaratum
1507 208 1652 247 tanturn,
1676 207 1734 241 sed

273 265 372 308 plane
389 267 631 295 commutatum
651 262 710 302 sit,
735 266 849 303 atque,
873 257 970 292 aditis
987 259 1152 301 primum,
1176 263 1234 291 aut
1252 260 1439 292 accuratius
1457 260 1660 303 perlustratis
1679 265 1735 305 ju-

274 321 321 354 ris
345 319 509 360 fontibus,
533 316 746 350 historicam
767 316 923 348 exsistere
945 315 1097 358 coeperit.

318 375 417 409 Redit
439 376 535 419 igitur
560 375 680 414 oratio,
710 383 731 404 a
757 383 822 416 quo
848 372 980 415 incepit.
1025 370 1160 404 Habent
1180 369 1303 404 saeculi
1323 372 1408 405 sexti
1428 371 1548 406 decimi
1568 379 1600 406 et
1618 375 1736 417 prioris

274 431 380 476 partis
405 431 527 464 saeculi
548 429 713 472 sequentis
732 429 925 471 interpretes
945 437 1020 460 cam
1041 427 1190 468 laudem,
1219 433 1256 460 ut
1279 429 1312 461 in
1332 428 1508 461 excolendo
1529 431 1609 471 juris
1629 431 1736 464 studio

277 499 345 521 non
369 488 514 520 minores
533 485 669 517 fecerint
688 493 898 527 progressus,
922 493 1023 526 quam
1048 488 1233 516 ceterarum
1249 484 1395 527 gentium
1418 486 1631 528 jureconsulti
1648 487 1740 530 inge-

277 543 454 577 niosissimi
477 547 508 574 et
530 541 696 574 doctrinae
719 539 815 573 laude
838 538 1021 572 clarissimi.

319 659 433 698 Longe
457 654 617 694 majorem
645 657 774 693 autem,
805 649 1084 684 consentientibus
1108 649 1281 693 omnibus,
1311 658 1482 687 merentur
1505 654 1652 696 laudem,
1682 656 1738 698 qui

276 712 400 745 saeculi
419 710 552 754 septimi
572 707 691 742 decimi
712 714 842 752 partem
861 705 1077 751 posteriorem
1099 707 1226 749 inclytis
1243 708 1311 740 suis
1329 709 1519 742 nominibus
1536 711 1569 744 in
1589 711 1653 744 hac
1669 714 1740 744 Ba-

275 768 360 802 tavis.
374 767 597 807 illustrarunt,
621 775 728 809 neque
745 763 870 797 habent
887 763 973 805 fere,
997 773 1062 806 quo
1080 768 1191 795 tantae
1207 764 1314 796 laudis
1330 771 1459 808 partem
1476 766 1539 799 sibi
1554 767 1738 809 vindicent,

275 825 470 867 interpretes
493 823 604 856 exteri.

321 882 400 915 Fuit
416 880 506 913 enirn
524 879 607 912 haec
625 878 677 910 illa
695 882 804 919 aetas,
826 877 906 921 qufi,
930 887 1118 909 NEWTONO
1147 881 1179 908 et
1199 888 1410 909 rmum-rm
1433 876 1589 920 ducibus,
1611 879 1646 912 in
1667 879 1740 912 An—

277 938 336 982 gua
360 943 391 970 et
414 937 593 970 Germania
618 933 849 976 Philosophiae
874 933 1092 965 effloresceret
1113 931 1281 972 studium3
1312 933 1565 975 jurisprudentia
1587 945 1665 968 vero
1689 941 1746 968 aut

276 995 490 1038 negligeretur
507 992 661 1033 omnino,
685 995 742 1022 aut
759 990 804 1021 ita
820 994 1035 1030 tractaretur,
1062 994 1116 1029 ut,
1140 999 1224 1031 quac
1243 993 1317 1031 apte
1335 993 1367 1021 ct
1385 991 1557 1033 perspicue
1574 1002 1592 1023 a
1612 993 1741 1023 Roma-

280 1051 332 1083 nis
356 1055 464 1082 essent
488 1048 655 1091 exposita,
685 1044 899 1079 divisionibus
920 1050 952 1077 ct
970 1043 1232 1077 distinctionibus
1252 1044 1461 1077 efficerentur
1479 1046 1634 1085 confusa3
1657 1056 1743 1090 quae

280 1105 381 1139 latine
397 1106 483 1138 dieta
500 1109 625 1145 essent,
642 1101 809 1136 vocabulis
826 1099 978 1132 barbaris
993 1100 1209 1132 redderentur
1224 1099 1382 1132 deformia
1398 1106 1430 1132 ct
1445 1100 1600 1134 obscura.
1633 1103 1742 1146 Quip-

279 1173 340 1205 pe,
370 1167 407 1194 ut
432 1161 587 1194 universa
605 1156 780 1190 methodus
804 1161 875 1188 crat
896 1154 1109 1196 scholastica,
1133 1156 1178 1187 ita
1200 1160 1231 1187 et
1252 1155 1475 1198 definitiones,
1497 1156 1723 1191 distinctiones
1731 1172 1745 1200 ,-

281 1219 353 1261 ipsa
373 1217 456 1250 adeo
477 1215 637 1250 vocabula
660 1224 702 1245 cx
727 1214 798 1255 jure
823 1211 1008 1252 Canonico,
1031 1222 1072 1243 ex
1093 1210 1300 1254 Philosophia
1322 1211 1463 1255 quadam
1485 1212 1678 1256 theoretica,
1701 1224 1744 1248 ex

283 1274 364 1317 ipsis
381 1283 480 1316 saepe
496 1272 600 1304 sacris
618 1269 731 1302 litteris
749 1273 842 1301 erant
856 1266 955 1310 petita
965 1292 975 1308 ‚
1000 1266 1163 1310 adeoque,
1187 1273 1224 1300 ut
1241 1267 1283 1300 ad
1299 1277 1398 1300 usum
1417 1270 1573 1312 temporis
1590 1271 1744 1314 aliquan-

284 1335 358 1362 tum
387 1328 592 1362 conformata
604 1351 614 1368 ,
646 1337 666 1359 a
691 1325 899 1368 simplicitate
925 1328 1038 1356 tamen
1071 1329 1167 1367 atque
1202 1323 1353 1367 elegantia
1370 1347 1379 1365 ,
1416 1326 1478 1367 qua
1513 1328 1747 1360 Romanorum

284 1385 408 1429 scripta
426 1390 595 1427 tantopere
611 1393 647 1415 se
664 1380 914 1421 commendant,
938 1389 1039 1423 quam
1058 1380 1202 1412 maxime
1217 1381 1335 1413 aliena.
1380 1382 1476 1414 Unus
1492 1394 1746 1427 mamma-ius,

284 1448 323 1475 ut
340 1440 562 1484 Philosophus
586 1437 750 1482 egregius,
780 1438 846 1478 ita,
876 1435 986 1468 habit-A
1007 1436 1134 1468 ratione
1154 1437 1327 1479 temporis,
1358 1437 1437 1479 juris
1454 1437 1669 1481 probabiliter
1683 1450 1746 1484 pe-

286 1499 391 1539 ritus„
423 1496 577 1529 intellexit
602 1495 719 1528 saltem
745 1492 958 1533 methodum,
989 1493 1049 1535 qua
1076 1493 1237 1526 Germani
1260 1492 1457 1535 utebantur,
1489 1504 1561 1527 csse
1587 1496 1745 1539 ineptam.

289 1557 536 1587 Tuommms
563 1557 674 1584 autem
685 1575 694 1592 ,
723 1550 774 1585 vel
789 1548 855 1582 hoc
870 1549 960 1591 ipso,
992 1548 1079 1591 quod
1104 1550 1155 1590 jus
1180 1551 1370 1582 Romanum
1381 1575 1390 1592 ‚
1420 1553 1549 1584 summa
1567 1552 1641 1584 licet
1659 1553 1747 1594 inju-

290 1609 356 1652 ria,
380 1610 534 1643 continuo
551 1612 716 1651 carperet,
740 1611 838 1649 atque
860 1604 894 1637 id
920 1605 1056 1636 omnino
1080 1611 1205 1648 ageret,
1235 1611 1272 1638 ut
1287 1606 1412 1639 nullam
1430 1608 1499 1648 ejus
1515 1608 1551 1640 in
1568 1609 1746 1641 Germania

290 1676 362 1699 esse
381 1665 608 1698 auctoritatem
628 1661 832 1702 ostenderet,
855 1659 933 1693 illud
950 1659 1072 1702 effecit,
1097 1666 1133 1693 ut
1150 1662 1206 1705 qui
1223 1661 1264 1695 ab
1285 1673 1324 1695 eo
1342 1662 1551 1695 dissentirent
1569 1664 1677 1707 ipsam
1693 1664 1749 1706 ju-

293 1722 339 1755 ris
363 1721 534 1754 historiam
553 1719 735 1765 ,imprimis
757 1717 992 1757 recentiorem,
1014 1717 1183 1750 attendere
1206 1717 1389 1751 debuerint.

337 1776 591 1810 Franco-Gallis
609 1779 759 1817 praeerat
774 1773 837 1805 hac
852 1778 958 1805 aetate
972 1785 1198 1806 Lunovmus
1219 1786 1290 1807 xxv.
1335 1775 1477 1808 Novistis
1492 1775 1532 1806 A.
1550 1775 1606 1807 A.!
1629 1780 1751 1818 quant-

294 1843 394 1877 opere
415 1833 484 1874 ejus
510 1841 608 1874 regno
627 1831 795 1863 floruerint
813 1830 952 1869 litterae,
976 1839 1078 1872 quam
1095 1830 1189 1862 multi
1206 1835 1238 1862 et
1253 1832 1374 1863 Pcctac
1401 1836 1432 1863 et
1451 1841 1570 1873 prosae
1592 1832 1749 1864 orationis

292 1888 469 1932 sss'iptores
486 1888 684 1928 exstiterint,
701 1887 757 1930 qui
773 1883 917 1919 nominis
934 1885 986 1917 sui
1010 1886 1167 1928 perennia
1190 1887 1392 1929 reliquerunt
1414 1892 1641 1919 monumenta.
1680 1889 1751 1919 Te-

292 1944 376 1978 netis
395 1943 499 1988 regias
514 1944 584 1975 illas
600 1943 789 1983 societates,
813 1940 940 1974 artibus
956 1946 988 1974 et
1007 1941 1163 1974 doctrinis
1180 1942 1325 1983 dicatas,
1348 1941 1390 1974 ab
1411 1952 1468 1983 co,
1492 1948 1548 1974 aut
1563 1941 1747 1984 instituam,

292 2007 350 2034 aut
366 1999 492 2044 publiea
508 1997 642 2042 pecunia
658 1999 797 2040 adjutas.
843 1999 938 2030 Scitis
954 1997 1066 2030 doctas
1083 1998 1153 2029 illas
1170 1997 1393 2040 ephemerides
1413 2004 1444 2030 et
1459 1999 1579 2040 lexiea,
1604 1999 1749 2031 maxime

291 2057 462 2098 historica,
486 2055 549 2088 hac
566 2061 670 2087 aetate
693 2054 791 2088 scribi
809 2055 954 2098 coepisse
962 2067 972 2094 5
996 2055 1159 2097 ingentem
1181 2059 1329 2088 veterum
1347 2053 1548 2097 scriptorum
1569 2064 1748 2087 numerum

1713 2121 1748 2143 ιιι
