1919 2511
269 187 309 220 96
614 181 876 216 JACOBI
942 191 1007 211 DE
1074 180 1371 212 GELDER

266 263 527 308 demonstratam
549 260 745 305 concedere:
770 275 869 314 atque
885 267 964 301 illud
980 262 1051 300 non*
1068 266 1189 300 minori
1209 265 1608 310 evidentia·pe1·cipimus,
1630 276 1734 313 quam

266 342 330 375 qua
349 355 359 372 ‚
396 340 415 363 e
443 334 581 362 naturae
603 327 847 360 Phaenomenis
876 323 964 360 vires
990 322 1105 356 adesse
1129 323 1375 364 concludimus⁷
1411 322 1531 367 quibus
1549 323 1633 358 haec
1655 324 1732 361 effi÷

266 389 406 422 ciuntur.
436 389 510 419 Jam
531 385 664 426 videtis,
689 385 735 418 O!
755 383 907 416 homines
923 380 1026 420 docti,
1049 381 1105 425 qui
1120 380 1338 424 Physicarum
1352 391 1466 413 rerum
1481 380 1590 414 studia
1603 385 1732 424 pestem

264 443 408 477 societati
425 432 551 483 facitis,
574 442 731 484 quoniam
755 440 945 473 existimare
966 438 1075 471 soletis
1095 437 1177 471 haec
1197 439 1385 481 religionem
1406 443 1438 471 et
1457 437 1612 481 pietatem
1636 444 1735 473 ever-³

265 509 352 536 tere:
382 499 517 540 videtis,
543 508 613 531 non
628 490 855 541 probabilem
876 494 1063 540 quandam
1085 504 1163 526 esse
1191 493 1400 538 opinionem
1413 518 1423 535 ‚
1443 496 1565 526 Deam
1581 503 1675 534 esse,
1689 495 1733 530 ad

265 569 366 602 quam
399 554 626 588 sustinendam
650 559 682 586 et
707 552 952 597 propagandam
971 577 982 596 ,
1013 552 1201 596 stupiditate
1216 576 1225 593 ‚
1255 550 1420 594 imperitia
1442 556 1474 584 et
1502 551 1733 593 superstitione

263 624 347 658 opus
372 615 433 653 sit3
452 611 519 645 sed
539 621 616 644 esse
634 610 830 645 veritatem
846 635 857 652 ‚
882 608 971 654 ipsis
991 609 1066 642 illis
1083 634 1092 651 ,
1126 618 1217 653 qaas
1249 606 1500 650 contemnitis,
1531 606 1736 652 disciplinis

266 669 511 710 illustratam,
544 667 802 709 confirmatam
819 671 855 699 et
871 674 983 710 quam
998 663 1269 698 evidentissime
1292 663 1594 697 demonstratam.

307 728 420 757 Deum
436 734 507 757 esse
524 724 734 756 Conditorem
746 748 756 764 ‚
779 734 847 756 non
871 727 1002 755 tantum
1019 732 1038 754 e
1059 722 1217 755 materiae
1237 721 1425 754 exsistentia
1444 726 1476 754 et
1496 726 1636 754 naturae
1654 720 1737 756 viri-⁴

262 782 325 815 bus
352 787 456 825 patet;
480 780 539 813 sed
567 790 638 812 esse
663 783 853 812 Creatorem
877 777 1153 822 praestantissimi
1170 776 1311 820 ingenii,
1337 777 1599 819 sapientissimae
1616 776 1736 814 intelli-,

260 839 405 881 genuae,
423 848 465 870 ex
482 847 521 870 eo
538 837 683 870 maxime
701 836 900 876 illustratur,
923 835 1011 878 quod
1029 841 1138 868 motus
1157 834 1345 877 systematis
1361 834 1570 876 planetarum
1586 839 1656 867 tam
1669 832 1738 867 im-

260 896 386 937 mensi,
410 900 481 927 tam
498 893 639 936 simplici
653 893 740 936 lege,
764 897 856 925 tanto
873 892 985 925 ordine
1005 898 1163 935 tantaque
1187 890 1343 922 firmitate
1368 895 1401 922 et
1425 891 1609 923 constantia
1624 889 1738 923 absol-

258 956 394 985 vantur:
420 956 517 994 atque
543 949 632 993 quod
651 947 695 981 illi
712 953 823 981 motus
853 953 945 980 tanta
965 948 1140 990 sagacitate
1157 947 1202 978 ita
1228 943 1397 978 constituti
1418 945 1483 977 sint
1497 969 1507 986 ‚
1531 951 1568 978 ut
1587 945 1736 979 minimis

261 1009 370 1041 causis
392 1007 531 1041 maximi
561 1010 808 1049 praestarentur
835 1003 983 1037 effectus.
1033 1004 1066 1035 Si
1096 1001 1177 1045 quis‘
1194 1012 1211 1033 e
1235 999 1395 1033 Machina
1415 1011 1434 1033 a
1457 1000 1603 1044 quodam
1620 1001 1737 1044 opifice

259 1069 466 1105 constructa,
490 1068 578 1096 etex
603 1064 673 1104 ejus
690 1060 884 1098 virtutibus,
908 1060 994 1092 illius
1009 1058 1070 1092 viri
1088 1056 1335 1100 intelligentiam
1361 1062 1392 1088 et
1411 1058 1624 1100 sagacitatem
1647 1056 1737 1099 diiu-

261 1123 344 1154 dicet
361 1146 372 1163 ‚
395 1120 472 1165 quid
492 1119 708 1163 judicandum
733 1119 775 1151 sit
792 1118 832 1151 cle
858 1117 986 1150 infinita
1011 1113 1174 1148 creatoris
1202 1113 1368 1155 Sapientia
1393 1118 1425 1146 et
1449 1113 1619 1154 Potentia,
1644 1114 1736 1155 Vos,

259 1180 301 1210 A.
320 1178 360 1209 A.
372 1201 381 1216 ‚
406 1177 524 1209 melius
540 1173 687 1216 sentitis,
711 1184 813 1217 quam
824 1173 925 1206 fando
938 1171 1089 1216 equidem
1105 1171 1289 1214 exprimere
1303 1171 1445 1212 possim!
1468 1169 1606 1202 Homini
1627 1175 1739 1203 mate—

263 1237 312 1266 ria
326 1258 335 1275 ‚
359 1244 377 1265 e
392 1244 456 1276 qua
472 1231 665 1265 machinam
684 1231 864 1272 construit,
887 1230 963 1263 data
983 1235 1051 1271 est,
1074 1234 1213 1262 naturae
1226 1227 1351 1262 viribus
1370 1226 1414 1258 ad
1428 1235 1567 1269 scopum
1580 1224 1643 1258 sibi
1657 1234 1740 1269 pro·¹

261 1290 406 1333 positum
423 1290 547 1329 utitur3
570 1290 664 1321 Deus
683 1297 762 1323 vero
779 1287 954 1319 materiam
984 1287 1125 1328 creavit,
1150 1286 1236 1318 vires
1264 1295 1336 1317 esse
1357 1285 1474 1326 jussit,
1497 1287 1529 1315 et
1548 1283 1633 1326 leges
1660 1283 1737 1326 qui-1

262 1346 324 1379 hus
352 1346 417 1378 hae
441 1350 600 1389 reguntur
616 1344 793 1378 constituit.
840 1343 935 1376 Dixit
963 1345 1074 1376 Deus:
1102 1342 1176 1374 Fiat
1201 1340 1372 1383 Mundus,
1399 1345 1430 1373 et
1452 1339 1607 1372 continuo
1630 1340 1737 1372 Mun-

261 1403 322 1435 dus
343 1407 412 1435 erat
423 1405 432 1434 ἓ

303 1462 441 1492 'Frustra
465 1460 692 1502 inquireretis,
716 1469 779 1502 qua
807 1458 935 1491 ratione
961 1459 1055 1490 Deus
1080 1455 1256 1489 materiam
1288 1451 1466 1495 creaverit,
1498 1453 1568 1494 ejus
1587 1451 1738 1495 particu-

262 1515 300 1547 lis
325 1517 409 1548 vires
436 1515 581 1556 dederit,
613 1521 667 1555 et,
700 1526 766 1558 quo
798 1515 932 1547 consilio
967 1515 1054 1548 vires
1092 1512 1214 1556 legibus
1244 1510 1438 1554 subJecerit‚
1475 1508 1594 1553 quibus
1631 1509 1737 1540 Mun·-

261 1572 342 1603 ‹lum
360 1580 492 1613 semper
506 1576 718 1603 servaturum
739 1570 808 1602 fore
824 1570 1011 1603 videretur?
1056 1572 1108 1602 En
1133 1569 1273 1601 limitem
1298 1565 1526 1609 intelligentiae
1545 1564 1736 1605 humanae,

264 1637 362 1669 quem
387 1627 529 1658 transire
559 1637 744 1668 numquam
769 1627 945 1669 possimus.
978 1624 1122 1661 >Exinde
1143 1634 1204 1656 nos
1228 1628 1372 1655 statuere
1389 1621 1499 1654 decet:
1525 1630 1602 1653 esse
1623 1622 1738 1653 Crea-

264 1681 354 1714 toris
384 1682 609 1715 volantatem
630 1706 639 1723 ‚
673 1692 746 1725 qua
781 1669 906 1714 omnia
941 1686 1026 1713 sant
1062 1686 1098 1712 et
1137 1684 1326 1722 regantur.
1381 1675 1502 1709 Mundi
1535 1675 1737 1709 creationem

260 1739 406 1780 primum
421 1748 493 1770 esse
511 1738 694 1781 prodigium
712 1737 940 1780 profiteamur!
988 1738 1138 1771 Rationis
1155 1738 1324 1770 humanae
1339 1735 1486 1769 officium
1505 1740 1573 1777 est,
1596 1744 1738 1777 persua-

262 1805 339 1827 sum
356 1804 448 1835 esse,
472 1794 568 1827 vires
592 1800 628 1827 et
653 1795 752 1837 leges
780 1805 800 1827 e
821 1795 903 1828 sola>
928 1795 999 1827 Dei
1022 1795 1206 1829 voluntale
1228 1803 1380 1837 prorsas
1404 1790 1571 1836 pendere
1598 1795 1634 1824 et
1653 1799 1737 1824 eam

263 1851 304 1883 ol)
327 1861 478 1884 cansam
513 1851 615 1883 nnlla
645 1856 698 1883 est
725 1850 845 1893 ratio,
879 1862 944 1885 cnr
969 1855 1070 1885 Deus
1099 1851 1352 1894 Omnipotens,
1383 1849 1416 1881 si
1439 1849 1628 1893 placeret,
1663 1845 1737 1879 ali-

263 1906 439 1951 quamdiu
472 1912 631 1940 naturae
658 1908 756 1951 leges
785 1908 835 1940 ab
855 1907 1004 1942 illoram
1035 1906 1264 1941 institutione
1295 1904 1470 1938 sedncere
1503 1913 1574 1936 non
1598 1907 1735 1946 posset.

261 1963 424 2006 Equidem
438 1962 594 1995 historiae
619 1963 718 1996 fidem
743 1974 774 1996 et
796 1966 1025 1998 auctoritatem
1054 1965 1090 1998 in
1113 1962 1253 1996 dubium
1270 1971 1390 1996 vocare
1403 1960 1556 2001 mallem,
1579 1967 1684 2001 quam
1700 1962 1736 1989 ut

261 2019 482 2062 prodigiorum
502 2019 749 2062 possibilitatem
763 2032 930 2065 negarem.

306 2076 414 2109 Multa
432 2075 490 2110 hic
515 2075 596 2110 mihi
617 2077 652 2110 in
672 2082 821 2110 mentem
844 2079 1112 2123 vemunt,-quae
1130 2077 1159 2110 si
1176 2085 1339 2120 exponere
1369 2073 1483 2108 vellem
1495 2096 1506 2114 ‚
1530 2075 1738 2105 commenta-

1672 2130 1738 2157 no-
