1919 2511
676 177 1079 214 ORATIO.¹
1575 200 1617 234 19

142 270 227 301 sent,
281 266 410 299 Verum
428 288 438 307 ,
479 266 509 307 si
542 264 763 300 concedamus
784 290 795 308 ,
826 264 887 298 has
918 265 1117 310 hypotheses
1145 268 1357 304 Mechanices
1390 272 1512 317 legibus
1544 286 1613 310 non

140 321 219 357 esse
237 322 550 367 contraiiasyquod
571 323 667 356 facile
690 323 913 357 demonstrari
931 330 1065 368 posset,
1089 326 1130 358 iis
1154 332 1268 361 tamen
1294 328 1523 372 difficultatem
1545 343 1613 367 non

139 380 207 415 tolli
244 385 344 424 patet.
391 381 524 414 Etenim
551 380 720 414 undenam
756 380 802 414 illi
831 387 979 415 cometae
999 407 1009 425 ,
1051 384 1107 427 qui
1135 395 1153 417 e
1182 385 1264 418 Solis
1288 387 1441 421 conflictu
1465 389 1613 432 planetas

139 435 346 471 formarent?
369 443 401 471 et
422 447 505 482 quae
530 438 647 471 fuisset
670 448 773 471 causa
801 439 885 471 tanti
908 439 1048 482 caloris,
1071 451 1136 484 quo
1167 441 1249 475 Solis
1276 443 1511 488 atmosphaera
1532 445 1613 479 adeo

137 491 347 528 afficeretur?
387 498 462 529 Jam
478 496 506 528 si
527 495 608 528 illud
624 495 858 534 concedimus,
881 506 947 538 qua
965 497 1093 529 ratione
1114 498 1265 541 planetae
1287 500 1322 532 in
1340 503 1510 543 superficie
1534 501 1610 535 facti

137 549 227 598 sint,
249 554 339 587 nullo
359 552 460 586 modo
480 551 701 585 *Mecha'nices
720 552 888 596 principiis
914 552 1071 595 explicari
1088 564 1206 597 posse,
1229 557 1302 600 quis
1330 556 1379 590 rei
1402 558 1526 600 peritus
1543 569 1610 593 non

136 612 245 647 videt?
288 614 342 644 Ex
366 620 406 643 ea
427 600 564 653 insuper
585 610 736 642 firmitate
754 615 786 642 et
813 609 1018 650 constantia,
1052 621 1154 654 quam
1178 612 1478 649 demonstravimus
1497 640 1506 657 ,
1539 617 1610 649 evi-

135 668 250 702 denter
272 669 381 710 patet,
412 667 481 700 vim
513 663 800 708 primordialemr
822 665 911 698 nullo
936 665 1037 699 modo
1066 677 1108 700 ex
1128 668 1443 704 Phaenomenorum
1475 681 1611 706 succes-

132 718 225 758 sione
252 722 409 766 explicari
436 728 553 766 posse,
588 723 684 766 igitur
708 732 844 756 necesse
875 727 947 764 est,
979 733 1117 757 causam
1145 724 1245 769 hujus
1266 728 1315 761 vis
1332 734 1425 761 extra
1455 735 1610 762 naturam

132 779 232 814 sitam
255 788 337 811 esse.
397 778 413 786 ”
487 815 489 818 ⁴

175 836 418 880 Supposuimus
438 843 587 875 massas,
610 833 642 868 vi
656 833 822 877 gravitatis
841 835 1012 870 destitutas
1024 861 1034 879 ,
1051 839 1218 881 quiescere
1233 841 1290 874 sed
1304 843 1372 884 jam
1392 849 1604 881 moveantur;

131 888 249 928 earum
262 898 393 925 motum
411 892 617 924 rectilineum
641 896 672 924 et
692 890 892 924 uniformem
921 903 992 925 esse
1013 900 1159 937 oportet3
1183 898 1239 940 qui
1260 904 1392 941 motus,
1416 900 1533 933 eadem
1548 912 1606 934 ra-

129 944 239 993 tione,
261 954 299 982 ut
313 948 457 982 vidimus
467 971 477 989 ‚
498 957 516 979 e
532 946 848 980 Phaenomenorum
863 958 1021 982 successu
1039 951 1177 983 minime
1195 954 1387 996 explicatur.

153 1121 243 1161 'sam
266 1128 460 1170 argumenta
485 1127 676 1167 repetamus
689 1147 699 1165 ,
723 1133 808 1167 quae
827 1123 892 1158 hoc
920 1125 1094 1160 ratiocinio
1118 1128 1302 1163 attulimus!
1349 1131 1505 1165 Vidimus
1529 1145 1605 1168 cor-

125 1196 246 1232 porum
263 1184 442 1230 particuias
455 1194 525 1217 non
540 1192 612 1216 esse
627 1182 851 1225 necessarias,
874 1192 982 1226 neque
1002 1193 1044 1216 ex
1060 1183 1377 1221 Phaenomenorum
1395 1189 1604 1225 successione

125 1243 206 1277 oriri
228 1252 345 1286 posse3
375 1241 603 1284 percepimuS,
627 1240 713 1274 vires
727 1264 737 1282 ,
767 1239 892 1283 quibus]
911 1239 975 1273 hae
1006 1243 1187 1284 particulae
1213 1244 1380 1287 praeditae
1403 1252 1507 1288 sunt,
1535 1259 1603 1282 nou

124 1300 197 1334 esse
214 1299 429 1343 proprietates
448 1297 505 1330 sed
529 1297 701 1340 qualitates
718 1296 975 1340 particularum,
999 1309 1138 1343 eamque
1157 1298 1200 1333 ob
1216 1311 1353 1334 causam
1374 1301 1601 1338 accidentales.

125 1356 283 1390 Persuasi
309 1364 446 1396 sumus,
470 1355 554 1387 inter
577 1354 681 1398 leges,
706 1353 825 1398 quibus
843 1356 1028 1397 potuissent
1044 1356 1252 1400 planetarum
1277 1362 1388 1389 motus
1417 1358 1603 1398 moderari,

123 1423 228 1446 unam
244 1421 384 1454 eamque
401 1411 584 1453 simplicem
597 1409 632 1442 in
658 1415 778 1443 natura
801 1410 1003 1454 obtinuisse,
1028 1424 1094 1457 qua
1121 1414 1212 1455 sola,
1236 1415 1380 1457 optimus
1400 1414 1499 1457 ordo,
1524 1427 1602 1450 cuin

122 1470 271 1502 maxima
295 1468 522 1511 simplicitate,
551 1469 751 1502 immutabili
769 1471 921 1504 firmitate
952 1476 983 1503 et
1009 1471 1196 1503 constantia
1223 1471 1258 1504 in
1286 1471 1407 1504 Mundi
1433 1477 1601 1508 structura

123 1525 274 1569 conjungi
290 1529 406 1568 potest.
449 1526 563 1568 Neque
579 1524 641 1558 has
657 1526 741 1560 Vires
754 1550 765 1568 ,
788 1537 895 1570 neque
912 1527 997 1570 leges
1017 1525 1138 1571 quibus
1154 1526 1390 1570 moderantur,
1412 1539 1520 1573 neque
1534 1532 1601 1565 vini

121 1582 369 1626 primordialem
382 1604 392 1623 ,
424 1591 490 1624 qua
515 1582 667 1625 planetae
692 1583 794 1616 semel
823 1585 905 1617 moti
925 1588 1023 1625 sunt,
1054 1593 1072 1615 c
1100 1584 1310 1617 successione
1343 1584 1601 1621 Phaenomeno-

121 1650 199 1672 rum
223 1637 384 1680 naturae,
417 1639 451 1672 id
479 1643 550 1680 est,
581 1648 623 1671 ex
645 1639 718 1681 ipsa
744 1645 884 1683 natura,
916 1639 1074 1685 explicari
1099 1650 1216 1684 posse,
1246 1639 1368 1673 talibus
1398 1645 1599 1686 argumentis

120 1696 444 1739 demonstravimus,
476 1706 561 1739 quae
575 1719 586 1735 ,
616 1701 729 1739 utpote
752 1707 771 1729 e
792 1696 909 1741 primis
937 1696 1075 1731 rationis
1098 1695 1268 1741 principiis
1293 1697 1434 1731 deducta
1450 1723 1461 1741 ‚
1494 1699 1595 1734 everu'

119 1753 187 1787 non
203 1758 357 1796 possunt.
399 1755 489 1786 Hinc
508 1753 614 1785 oritur
632 1753 742 1796 itaque
763 1754 930 1797 quaestio:
968 1753 1063 1787 ande
1092 1753 1244 1786 tandem
1265 1754 1335 1787 hae
1354 1754 1597 1799 particulae?

121 1809 305 1843 undenam
333 1808 430 1843 vires
454 1808 542 1854 ipsis
571 1808 734 1843 insitae?
758 1806 860 1844 unde
884 1812 1003 1855 leges,
1029 1809 1156 1856 quibas
1177 1810 1445 1845 moderantur?
1468 1819 1504 1845 et
1531 1813 1596 1845 im-

117 1864 268 1910 primis,
296 1866 389 1899 unde
408 1866 499 1899 llaec
511 1865 564 1900 vis
572 1865 858 1910 primordialis?
892 1868 983 1912 Quid
1004 1873 1113 1912 potest
1133 1877 1204 1901 esse
1221 1873 1290 1901 tam
1310 1875 1460 1912 apertum
1480 1876 1511 1903 et
1529 1876 1595 1903 tam

117 1923 350 1966 perspicuum,
373 1934 473 1966 quam
490 1933 562 1956 esse
581 1924 770 1968 quandam,
801 1931 895 1958 extra
921 1930 1076 1958 naturam
1090 1949 1100 1967 ‚
1130 1934 1286 1967 causam,
1319 1936 1384 1969 qua
1403 1926 1467 1959 hae
1490 1928 1595 1970 parti-

122 1979 214 2012 culae
235 1984 355 2020 natae,
378 1978 442 2012 hae
466 1980 552 2013 vires
575 1986 692 2022 ortae,
718 1987 816 2025 atque
839 1981 902 2014 hae
929 1982 1011 2025 leges
1034 1982 1082 2014 sic
1109 1982 1307 2015 constitutae
1327 1987 1428 2017 sunt?
1472 1986 1594 2017 Sensus

118 2034 266 2068 internus
292 2040 323 2067 et
347 2035 400 2067 lex
421 2036 574 2079 moralis,
599 2048 663 2080 qua
690 2037 730 2070 de
751 2038 906 2071 omnibus
934 2038 1035 2071 rebus
1063 2036 1325 2081 ratiocinamur,
1349 2039 1389 2072 de
1416 2040 1520 2083 iisque
1540 2042 1595 2081 ju-

117 2094 288 2136 dicamus,
319 2104 381 2127 nos
397 2094 510 2138 iubet,
542 2107 611 2130 non
640 2102 771 2130 tantum
798 2097 950 2135 credere,
979 2095 1069 2128 hanc
1096 2105 1232 2128 causam
1255 2098 1367 2128 Deum
1396 2107 1467 2128 esse
1494 2097 1594 2136 (illud

117 2149 206 2183 enim
225 2150 389 2184 credimus
412 2151 500 2194 quod
521 2152 614 2187 valde
633 2153 802 2198 probabile
828 2157 917 2197 est):
950 2153 1008 2186 sed
1034 2152 1144 2195 jubet,
1167 2153 1265 2196 illud,
1290 2158 1400 2197 utpote
1424 2154 1595 2188 Veritatem

896 2213 922 2244 C
946 2221 963 2241 2
1537 2211 1598 2245 de-
