1919 2511
232 168 288 190 110
512 156 798 196 JOANNIS
859 155 1173 188 HERMANI
1232 158 1460 190 KROON

524 240 580 269 Cui
598 241 659 270 vita
678 240 728 269 sub
747 246 867 276 tyranno
886 240 997 278 agenda
1015 242 1151 279 contigit,

518 291 614 320 Insons
633 292 697 320 licet
716 293 753 320 sit
764 312 774 328 ,
791 292 931 329 plectitur
948 299 1027 330 saepe
1048 298 1079 321 ut
1098 301 1208 322 nocens.

275 392 378 429 Vulpes
402 397 430 421 et
450 391 566 421 Simius.
607 391 640 421 In
661 392 784 429 vulgatis
804 392 938 429 Aesopi,
959 393 1077 422 Phaedri
1103 393 1283 430 aliorumque
1303 392 1523 424 collectionibus
1550 394 1618 423 haec
1645 393 1742 425 fabula

230 452 290 473 nou
315 449 425 478 exstatg,
447 441 540 478 ipsius
562 442 650 479 igitur
673 443 773 472 Faerni
792 444 967 473 inventionis
995 452 1059 473 esse
1081 444 1206 475 videtur.
1246 443 1300 474 Cf.
1321 445 1506 476 Debillonius
1522 445 1559 474 ad
1582 444 1642 475 fab.
1660 453 1740 476 suam

232 503 283 529 27.
304 493 371 522 Lib.
391 494 417 521 Ι.

270 542 423 581 Colligebat
442 551 524 574 vasa.
566 544 632 574 Cic.
662 544 691 574 in
711 544 851 582 Verrem,
876 545 947 576 Lib.
964 546 1019 576 1V.
1042 554 1106 582 cap.
1126 554 1173 583 19.
1204 565 1224 583 „
1242 546 1291 576 ille
1309 555 1346 576 ex
1370 546 1472 576 Sicilia
1489 547 1555 583 jam
1572 553 1670 576 castra
1686 556 1743 577 mo-

233 616 253 630 „
272 601 373 630 verat,
395 601 422 623 et
442 603 512 623 vasa
534 595 721 632 collegerat?
761 595 829 626 Liv.
856 597 927 627 Lib.
946 598 1069 627 XXVII.
1094 606 1158 634 cap.
1257 617 1276 634 „
1294 597 1348 626 His
1362 599 1467 628 anxius
1481 599 1578 633 curis,
1598 599 1745 627 exstinctis

232 666 251 680 „
271 645 399 683 ignibus,
416 646 518 684 vigilia
529 648 629 685 prima
648 645 715 675 dato
730 649 827 685 signo,
845 656 878 678 ut
899 651 984 678 taciti
1005 657 1075 680 vasa
1090 648 1274 685 colligerent,
1293 649 1378 686 signa
1384 650 1467 685 fizrri
1486 648 1611 685 jussit.”
1636 648 1742 678 Senec-

228 697 328 733 Epist.
347 696 427 726 XIX.
455 696 549 733 princ.
593 717 611 734 ,‚
625 698 702 726 Sacis
727 698 849 728 multum
881 701 1013 739 temporis
1040 700 1216 737 sparsimus,
1246 701 1416 739 incipiamus
1441 701 1473 729 in
1503 705 1641 729 senectute
1672 707 1742 728 vasa

230 768 248 783 ‚,
266 746 434 786 colligere.’'

265 799 384 828 Vertens
406 799 507 829 solum.
547 798 667 828 Vertere
688 800 775 829 solum
797 801 933 831 solemnis
953 808 997 831 est
1020 800 1145 830 formula
1169 802 1205 830 de
1222 801 1280 839 iis,
1303 801 1353 839 qui
1371 801 1401 832 in
1417 802 1549 831 exsilium
1571 808 1649 831 eunt.
1673 801 1742 831 Cic.

226 850 255 878 in
280 849 408 886 Philipp.
435 849 505 880 Lib.
522 849 561 880 V.
588 859 652 887 cap.
673 860 702 888 5.
733 872 751 888 „
769 852 872 882 habent
897 854 970 882 enim
999 854 1157 891 legitimam
1185 855 1411 889 excusationem,
1438 853 1521 882 exilii
1543 862 1631 882 causa
1655 853 1744 883 solum,

230 920 248 935 ‚,
267 899 416 929 vertisse?
455 900 513 930 Pro
539 901 571 931 P.
597 902 700 939 Quint.
727 911 791 940 cap.
811 906 860 934 28.
912 924 931 940 „
954 903 1035 941 Quod
1058 913 1145 942 neque
1161 904 1331 942 fraudandi
1352 913 1439 933 causa
1468 903 1632 941 latitasset,
1659 911 1746 940 neque

228 972 246 986 ,ἦ
266 951 359 979 exsilii
378 960 467 980 causa
496 952 584 982 solum
600 954 726 981 vertisse
760 953 941 984 diceretur.”
989 955 1060 986 Liv.
1085 956 1157 987 Lib.
1178 958 1239 988 111.
1270 965 1338 994 cap.
1360 964 1409 993 13.
1438 974 1458 991 „
1473 955 1591 992 Judicit'
1615 954 1661 983 die
1681 962 1746 982 cum

224 1023 244 1038 ,‚
265 1008 451 1030 excusaretur
470 1003 557 1031 solum
580 1005 696 1033 vertisse
717 1006 812 1034 exsilii
845 1005 962 1035 causa'’
992 1012 1020 1035 et
1044 1015 1108 1044 cap.
1126 1008 1178 1044 58.
1213 1027 1234 1045 „
1249 1008 1372 1047 collegae
1402 1015 1501 1037 eorum
1536 1007 1634 1036 exsilii
1654 1013 1749 1034 causa-

227 1073 246 1090 „
265 1054 352 1083 solum
371 1053 559 1084 verterunt.”

929 1157 1041 1168 -—--

428 1233 691 1265 FABULA
748 1233 1204 1268 NONAGESIMA
1264 1235 1542 1269 OCTAVA.

664 1329 918 1349 RUSTlcvs
970 1331 1024 1349 'ET
1073 1331 1331 1355 JUPPITER.

514 1403 649 1433 Fundam
668 1404 810 1433 colendum
831 1406 956 1434 rusticus
975 1405 1096 1443 quodam
1117 1406 1153 1435 ab
1172 1406 1247 1444 Jove

511 1454 656 1483 conduxit
675 1464 767 1492 aequa
782 1462 870 1493 parte
888 1465 952 1484 cum
973 1457 1022 1484 illo
1035 1455 1213 1494 fructuum,

512 1505 578 1532 IIac
599 1505 657 1541 lege
669 1525 679 1540 ,
701 1512 732 1534 ut
751 1515 858 1535 omnem
879 1506 921 1535 ad
937 1508 1025 1545 ipsius
1044 1514 1145 1536 nutum
1164 1509 1264 1546 Deus,

519 1554 571 1583 Ad
587 1556 713 1591 rustici,
734 1557 852 1594 inquam
864 1577 874 1593 ,
886 1557 973 1593 jussa
994 1566 1117 1587 summus
1137 1558 1278 1600 Juppiter

516 1604 654 1641 Plueret,
676 1613 775 1635 serena
788 1607 925 1643 faceret,
945 1616 1034 1636 auras
1054 1611 1193 1641 mitteret.

510 1654 561 1684 lta
580 1655 680 1684 deinde
692 1657 806 1693 fundas
824 1658 918 1687 sedulo
935 1665 979 1687 est
998 1666 1107 1697 coeptus
1125 1661 1180 1690 coli
1189 1670 1202 1688 .-

513 1706 586 1735 Sata
604 1709 776 1744 provenire,
799 1715 826 1737 et
846 1716 934 1737 aucta
954 1710 1060 1739 culmis
1079 1719 1222 1749 surgere:

512 1756 685 1785 Praestante
700 1766 802 1795 pactas
821 1766 977 1798 temporum
998 1762 1064 1790 viee
1093 1762 1177 1796 Deo,

512 1805 556 1834 Et
576 1806 617 1834 ad
635 1808 800 1844 imperata,
823 1818 897 1836 nunc
916 1812 1004 1838 eitum
1026 1811 1185 1846 Favoniis,

517 1856 606 1885 Nunc
626 1856 741 1886 uvidum
762 1858 926 1895 exhibente,
947 1869 1021 1888 nunc
1042 1860 1143 1888 sudum
1164 1860 1257 1896 aira,

513 1906 565 1935 Fit
585 1916 644 1936 ecce
663 1909 778 1936 messis:
800 1918 859 1945 qua
880 1917 951 1948 spem
972 1911 1081 1940 hiantis
1100 1911 1203 1940 rustici

516 1957 609 1986 Vanis
629 1960 729 1987 aristis
748 1961 854 1989 sterilis
874 1962 957 1990 elusit
976 1970 1061 1999 seges.

516 2007 641 2036 Subrisit
652 2028 664 2044 ‚
686 2016 711 2037 et
725 2011 877 2046 jacturam
897 2021 959 2041 cam
977 2011 1062 2042 haud
1077 2021 1164 2050 aegre
1182 2013 1252 2043 tulit
1263 2033 1275 2049 ,

518 2061 576 2094 ⁴Qui
595 2060 698 2097 templa
717 2063 785 2090 coeli
804 2069 918 2100 torquet
930 2084 941 2099 ,
965 2070 993 2092 et
1012 2071 1110 2093 terrae
1128 2063 1200 2093 sola·

522 2108 579 2137 Sed
596 2112 730 2148 specimen
750 2118 782 2140 ut
797 2113 973 2151 prudentiae
992 2124 1062 2145 suae
1080 2114 1186 2144 daret:
