1919 2511
314 123 350 153 16
600 122 1242 161 JOANNISHERMANI
1301 127 1526 159 KROON

1010 232 1120 242 -—-..

753 305 1052 337 FABULA
1130 308 1385 341 SEXTA.

963 404 1062 423 ,⁴er1
1097 405 1178 424 DUO.

637 473 723 504 Asim'
742 475 796 505 duo
816 486 875 506 una
892 477 968 511 forte
979 478 1129 515 faciebant
1147 480 1205 508 iter

673 526 798 555 Onustus
818 529 895 557 alter
912 531 1053 567 spongiis,
1074 530 1151 558 alter
1169 530 1240 560 sale.

616 617 621 619 -
632 576 786 617 Quumque
806 580 851 609 hic
870 580 968 610 vadoso
989 582 1020 608 in
1034 580 1202 619 profluentis
1221 584 1349 612 transitu

669 628 727 657 Sub
741 637 958 669 praegravante
977 632 1072 669 lapsus
1092 638 1158 660 esset
1177 634 1314 669 sarcina,-

636 679 768 711 Contaclo
789 691 866 718 aqna
886 683 966 718 sale,
987 684 1072 720 inque
1091 682 1182 710 tabem
1203 683 1341 720 liquidam

670 730 784 767 Soluto,
805 731 842 760 ab
862 734 936 761 omni
956 732 1028 761 liber
1046 741 1146 768 onere,
1173 740 1201 762 et
1217 736 1337 771 gestiens

634 780 740 810 Eva‘sit
760 781 854 812 undis.
896 783 1032 822 Spongias
1051 784 1127 813 alter
1138 783 1257 821 ferens,

667 832 726 860 Hoc
745 833 822 868 viso,
844 840 871 862 ct
890 835 947 873 ipffl
965 836 1082 863 sarcina
1101 844 1155 864 sese
1175 842 1207 864 ut
1225 845 1278 864 sua

629 882 775 916 Levant,
797 884 856 913 alto
877 891 971 923 sponte
985 885 1138 924 procubuit
1158 886 1248 915 vado:

669 933 725 963 Sed
742 935 863 972 spongiis
882 944 988 973 aquam
1009 946 1094 974 usque
1112 937 1327 967 combibentibm

626 984 801 1023 Depressus,
822 986 877 1014 imo
896 995 1002 1016 mersus
1023 987 1116 1017 haesit
1130 988 1260 1025 flumine.

677 1084 745 1112 Non
765 1094 824 1113 una
844 1085 948 1124 agendi
966 1089 1044 1117 ratio
1060 1089 1169 1117 cunctis
1187 1089 1332 1126 congruit.

343 1136 429 1165 Asini
451 1135 520 1166 duo·
560 1135 638 1165 Inter
655 1135 765 1164 fabulas
781 1136 895 1173 Aesopi
911 1138 979 1166 olim
1000 1139 1089 1167 editas
1108 1139 1177 1167 haec
1195 1139 1292 1167 fabula
1308 1146 1368 1168 non
1385 1143 1496 1173 exstat,
1515 1137 1565 1166 sed
1582 1145 1617 1167 ex
1637 1137 1715 1167 Cod.
1731 1138 1753 1167 F
1756 1140 1811 1169 lor.

300 1187 350 1217 Cl.
381 1188 416 1216 de
442 1187 529 1216 Furia
554 1187 674 1216 similem
703 1187 851 1223 quamdam
878 1188 966 1217 edidit
993 1188 1053 1218 No.
1077 1197 1145 1219 122.
1176 1198 1242 1230 pag.
1260 1197 1308 1226 53.
1337 1189 1371 1217 de
1390 1188 1505 1225 Asino,
1534 1188 1584 1224 qui
1607 1190 1666 1218 sale
1692 1197 1814 1219 onustus

298 1238 376 1267 forte
399 1238 428 1267 in
453 1247 554 1274 aquam
580 1238 740 1274 ceciderat,
769 1245 817 1274 et,
845 1247 910 1268 cum
938 1248 969 1268 se
995 1241 1120 1270 levatum
1144 1249 1236 1270 onere
1253 1239 1412 1275 sensisset,
1433 1239 1534 1268 iterum
1553 1238 1611 1269 sale
1631 1247 1754 1270 onustus
1780 1241 1815 1270 de

298 1289 437 1319 industria
461 1289 489 1318 in
510 1290 615 1319 flumen
638 1298 669 1318 se
700 1291 840 1328 conjecit.
883 1291 949 1320 Hoc
974 1290 1058 1320 Asini
1075 1290 1229 1320 artificium
1248 1299 1313 1321 cum
1345 1290 1479 1320 dominus
1500 1290 1706 1328 intellexisset,
1727 1300 1818 1328 spon.

299 1341 358 1377 gias
384 1340 451 1369 emit
479 1347 506 1369 et
524 1340 617 1370 Asino
638 1340 768 1371 ferendas
786 1341 947 1378 imposuit,
970 1342 1021 1378 qui
1049 1342 1079 1371 in
1102 1350 1224 1378 aquam,
1254 1349 1287 1371 ut
1306 1349 1409 1377 antea,
1431 1350 1492 1370 sese
1510 1341 1686 1379 projiciens,
1716 1342 1814 1372 subito

298 1400 374 1420 onus
397 1391 498 1420 sensit
520 1391 728 1428 ingravescere.
777 1393 885 1421 Fabula
911 1393 969 1421 hoc
996 1392 1082 1422 habet
1107 1393 1307 1430 epimythion:
1338 1393 1449 1423 easdem
1480 1400 1525 1420 res
1558 1399 1587 1422 et
1613 1392 1757 1422 felleitatis
1785 1400 1814 1422 et

297 1441 392 1471 damni
418 1450 530 1471 causam
558 1451 621 1470 esse
648 1451 745 1478 posse.
785 1443 885 1479 Atque
910 1444 978 1473 haec
1008 1444 1123 1480 quidem
1146 1444 1243 1473 fabula
1270 1445 1379 1474 Faerno
1403 1453 1461 1473 non
1483 1443 1628 1473 innotuit:
1650 1443 1700 1472 sed
1719 1449 1812 1472 narrat

297 1493 485 1523 Plutarch.de
495 1492 708 1524 Anim.Solcrt.
721 1503 840 1531 prorsus
860 1495 981 1523 similem
999 1495 1070 1523 muli
1087 1495 1216 1524 astutiam
1228 1504 1287 1524 non
1304 1502 1438 1532 tanquam
1458 1495 1616 1523 fabulosam
1634 1494 1684 1522 sed
1695 1502 1787 1523 veram
1800 1513 1811 1529 ,

299 1553 383 1580 quam
413 1543 521 1572 Thales
551 1543 600 1572 ille
623 1544 760 1574 Milesius
789 1545 925 1583 opposita
952 1545 1055 1578 astutia
1079 1547 1179 1578 dextre
1204 1554 1354 1582 superasse
1381 1545 1499 1575 dicitur.
1539 1546 1613 1574 Cum
1634 1544 1706 1574 enim
1734 1543 1811 1579 forte

298 1596 412 1630 mulus,
445 1596 531 1623 salem
556 1594 671 1631 ferens,
693 1596 722 1625 in
741 1597 932 1632 profluentem
956 1597 1132 1627 concidisset
1158 1603 1185 1626 et
1209 1597 1267 1626 vim
1295 1605 1385 1633 aquae
1405 1596 1434 1626 in
1453 1604 1528 1626 onus
1546 1594 1810 1630 animadvertisset,

295 1645 452 1682 deinceps,
475 1645 590 1682 quoties
610 1655 661 1683 pet
685 1656 793 1676 amnem
814 1648 967 1684 transiret,
998 1650 1090 1678 dedita
1111 1658 1217 1686 opera,
1242 1649 1274 1677 in
1300 1657 1400 1685 aquam
1419 1639 1450 1677 se
1472 1646 1597 1677 demisit.
1639 1645 1703 1674 Hoc
1720 1644 1810 1683 igitur

294 1704 358 1724 cum
384 1695 491 1729 Thales
515 1695 650 1726 Milesius
673 1698 850 1734 audivisset,
876 1700 963 1736 jussit
989 1701 1056 1729 loco
1081 1701 1148 1729 salis
1172 1702 1262 1729 lanam
1290 1706 1317 1728 et
1339 1699 1476 1738 spongias
1501 1699 1579 1726 mulo
1605 1696 1716 1733 imponi
1738 1696 1809 1732 qui,

295 1754 375 1775 more
391 1755 445 1775 suo
459 1756 567 1783 agenS,
589 1748 630 1776 sic
649 1757 722 1778 onus
743 1749 832 1785 duplo
855 1751 945 1787 majus
974 1750 1088 1785 effecit,
1111 1759 1166 1786 qua
1184 1760 1214 1779 re
1233 1750 1343 1779 cautior
1361 1749 1476 1784 factus,
1498 1749 1676 1785 inposterum
1701 1747 1809 1776 flumen

293 1804 376 1826 caute
403 1797 524 1830 transiit,
564 1798 688 1827 Faernus
722 1808 875 1829 commune
900 1800 972 1829 illud
996 1801 1142 1830 hominum
1166 1801 1269 1830 vitium
1295 1808 1395 1830 notare
1422 1801 1543 1834 volens,
1579 1806 1638 1835 quo
1663 1804 1806 1834 perpetuo

292 1849 364 1878 alter
387 1849 504 1877 alterum
529 1849 635 1878 inmari
664 1850 782 1886 studet,
804 1857 886 1879 acute
903 1851 975 1881 hanc
1002 1852 1148 1884 Plutarchi
1172 1851 1360 1882 narrationem
1385 1850 1415 1880 in
1442 1858 1524 1879 suum
1551 1857 1633 1878 usum
1660 1848 1805 1878 convertit

292 1906 320 1929 et
341 1908 394 1937 per
415 1899 538 1929 fabulam
555 1902 636 1930 valde
656 1903 811 1938 elegantem
828 1902 946 1939 docuit,
968 1903 1026 1935 duo
1043 1903 1117 1932 idem
1136 1911 1223 1940 quum
1243 1901 1372 1938 fadum,
1392 1901 1464 1930 idem
1483 1908 1542 1931 non
1564 1908 1639 1929 esse.
1681 1898 1734 1928 Cf.
1756 1898 1808 1928 eti·

291 1959 335 1979 am
354 1950 476 1980 Gabriae
496 1950 556 1983 fab,
579 1961 629 1989 33,

329 2001 437 2030 Vadoso
461 2003 492 2029 in
512 2003 679 2040 profluentis
701 2006 842 2036 transitu.
883 2006 932 2036 Sic
952 2006 981 2037 in
1001 2015 1061 2037 mea
1084 2006 1210 2036 editione
1226 2005 1351 2045 legitun
1372 2006 1482 2034 mallem
1502 2009 1594 2032 tamen
1615 2000 1731 2032 vadosi:
1754 2009 1804 2029 να-

289 2051 369 2081 docus
395 2053 470 2083 enim
495 2055 637 2083 transitus
659 2054 753 2085 minus
780 2055 854 2086 bene
878 2057 935 2086 dici
959 2067 1048 2095 posse
1075 2058 1200 2088 videtur.
1241 2056 1388 2094 Proflztcns
1413 2055 1530 2087 vadosus
1556 2061 1588 2083 ut
1617 2053 1698 2089 Virg.
1725 2051 1803 2080 Aen.

1729 2100 1799 2130 Lib.
