1919 2511
330 217 368 245 62
619 216 820 247 PETRI
878 215 1232 248 ABRAHAMI
1287 217 1533 257 JELTES

328 303 376 324 tor
397 294 411 329 (
424 296 528 333 203),
558 307 641 335 aegro
663 299 691 327 in
720 301 795 328 lecto
818 299 950 335 deposito
974 305 1001 327 et
1024 298 1058 326 ei
1080 297 1213 327 cautione
1240 300 1386 337 adhibita,
1416 307 1447 330 ut
1470 300 1618 330 brachium
1644 300 1770 329 luxatum
1795 300 1829 329 li·

328 346 394 375 bere
411 356 426 376 a
449 349 514 377 lecti
539 349 664 385 margine
685 350 874 386 dependeret,
896 358 948 378 nec
973 349 1052 378 illius
1079 357 1175 378 motus
1197 350 1393 387 impediretur.

363 398 480 434 Doleo,
504 408 546 427 me
573 400 698 428 caruisse
721 401 813 435 libro,
838 408 920 436 quem
948 401 1034 429 edidit
1054 400 1198 438 Freytag‚
1221 410 1272 430 nec
1295 403 1330 430 de
1350 402 1400 431 illo
1422 410 1541 437 usquam
1561 401 1631 437 quid
1656 400 1827 436 reperiisse,

325 458 388 478 cum
406 456 450 478 rot
472 456 605 486 tantaque
624 451 791 486 promittat,
814 458 859 486 et,
882 451 906 479 si
924 451 1010 479 titulo
1033 451 1110 480 illius
1131 452 1195 480 libri
1216 454 1322 491 (204)
1344 453 1426 482 fidem
1451 453 1553 482 habere
1571 453 1676 488 liceat,
1699 453 1821 481 multum

327 501 392 536 opis
413 501 478 529 inde
498 501 717 536 exspectandum
739 507 783 529 est

363 551 455 588 Quam
487 551 647 580 invenimus
671 553 748 588 apud
776 552 925 590 Coopcrmn
952 553 1099 582 humerum
1123 555 1250 583 laxatum
1277 553 1415 583 tractandi
1439 553 1623 586 methodum,
1652 552 1734 582 valde
1762 552 1831 582 sim-

324 602 391 636 plex
411 608 474 636 est,
495 610 546 630 nec
572 611 657 639 aegro
683 610 819 632 terrorem
846 603 949 632 incutit
975 604 1228 635 instrumentorum
1251 604 1420 633 terribilium
1445 610 1603 640 apparatu,
1624 612 1682 639 quo
1706 611 1766 633 non
1790 604 1834 633 vi-

323 652 405 682 detur
425 662 494 682 usus
515 652 615 683 fuisse.

364 704 495 740 Fasciis,
528 712 559 733 ut
585 705 699 741 saepius
725 706 800 741 apud
825 706 897 734 alios
926 707 1070 735 Auctores
1102 706 1246 741 vidimus,
1276 705 1448 734 transversis
1473 705 1605 741 scapulae
1627 710 1655 733 et
1678 704 1833 734 claviculae

324 753 488 790 impositis,
509 757 831 785 contra-extensionem
857 764 958 792 curat,
979 757 1017 785 ita
1043 763 1155 791 tamen,
1183 764 1214 785 ut
1238 758 1316 785 nulla
1342 757 1407 785 inde
1434 755 1528 792 possit
1553 755 1621 784 oriri
1647 755 1759 792 pressio
1787 764 1828 784 m.

324 805 476 840 pectoralis
503 813 530 834 et
552 806 692 842 dorsalis,
715 808 780 835 dum
800 807 928 836 minister
946 807 1091 836 acromion
1107 807 1240 843 deprimit
1261 815 1343 844 (205
1353 807 1380 843 ).
1421 807 1563 836 Extensio
1582 807 1684 842 debet,
1702 816 1738 836 ex
1754 807 1833 836 illius

323 863 440 892 mente,
470 856 533 885 fieri
557 866 612 893 ope
638 857 802 894 ligamenti,
824 866 910 894 supra
934 858 1074 894 condylos
1100 858 1235 895 imposii,
1265 865 1292 887 et
1317 858 1410 894 primo
1435 857 1465 886 in
1489 859 1521 886 ea
1545 857 1724 893 directione,
1747 866 1831 894 quam

322 907 407 936 habet
437 916 470 936 os
494 909 641 943 luxatum,
662 908 726 937 dein
748 917 817 938 vero
844 908 959 937 cubitus
982 909 1070 945 magis
1094 910 1128 937 acl
1151 915 1245 937 costas
1270 909 1396 937 accedat.
1437 908 1601 945 Chirurgus
1624 915 1716 938 autem
1737 915 1832 938 utatur

323 964 490 993 momento,
513 967 570 993 quo
592 959 758 988 exrensione
780 958 943 987 sufficiente
967 958 1063 993 facta,
1083 960 1234 988 humerum
1257 960 1387 988 attollere
1403 966 1430 988 et
1448 960 1636 996 retropcllere
1653 960 1760 996 debet,
1781 968 1834 989 cu·

321 1008 413 1036 bitum
434 1009 587 1037 introrsum
610 1017 637 1038 et
658 1016 817 1038 extrorsum
838 1010 946 1038 ducens
967 1010 982 1047 (
993 1011 1085 1046 206).

360 1060 533 1095 Musculos‚
555 1061 593 1089 ait
617 1068 736 1096 auctor,
759 1062 980 1090 robustissimos
1002 1059 1113 1099 (207)
1143 1064 1218 1090 lenta
1240 1067 1267 1089 et
1290 1060 1425 1090 continua
1452 1060 1580 1090 extensio
1604 1060 1723 1097 fatigat,
1744 1066 1773 1088 et
1798 1059 1832 1088 fi·

320 1111 432 1139 brarum
453 1112 655 1141 relaxationem
679 1112 790 1147 efficit,
813 1114 868 1148 qua
892 1112 987 1148 facta,
1019 1111 1113 1141 facilis
1137 1112 1169 1140 fit
1192 1111 1355 1147 repositio,
1385 1112 1423 1140 ita
1448 1118 1502 1146 ut,
1534 1110 1559 1139 si
1585 1112 1620 1140 ad
1641 1112 1829 1148 polyspastos

320 1160 488 1197 confugiat,
508 1161 580 1190 illud
601 1170 715 1198 semper
739 1163 890 1191 tenendum
916 1171 977 1198 est,
1000 1164 1079 1199 quod
1101 1162 1228 1192 extensio
1255 1162 1391 1199 gradatim
1417 1168 1445 1190 et
1471 1163 1545 1190 lente
1565 1161 1615 1190 fiat
1636 1164 1714 1197 (208
1727 1160 1758 1196 ).

356 1211 519 1240 Secundum
547 1213 636 1248 Boyer
659 1213 788 1242 extensio
816 1213 900 1242 debet
924 1213 986 1241 fieri
1012 1213 1046 1241 ad
1067 1221 1204 1248 manum,
1234 1219 1261 1240 et
1285 1211 1544 1241 contra-extensio
1568 1220 1651 1249 agere
1673 1211 1703 1241 in
1728 1219 1831 1248 scapu-

318 1263 394 1296 lam,
424 1268 455 1289 ut
483 1262 681 1299 impediatur,
711 1263 866 1299 quominus
899 1263 1009 1291 humeri
1042 1263 1238 1292 extensionem
1269 1270 1418 1299 sequatur.
1471 1262 1592 1291 Homeri
1623 1269 1715 1296 autem
1742 1262 1834 1292 direc-

319 1313 423 1341 tionem
450 1313 563 1341 eandem
590 1314 740 1350 parandam
765 1323 826 1343 esse
858 1321 955 1343 monet
987 1314 1120 1349 Auctor,
1151 1316 1180 1344 in
1207 1315 1263 1351 qua
1285 1315 1378 1351 ipsius
1404 1314 1559 1343 luxationis
1591 1321 1740 1347 momento
1769 1324 1835 1344 ver·

317 1367 450 1402 sabatur,
473 1374 500 1395 et
522 1374 581 1396 tum
609 1369 722 1398 demum
747 1368 958 1405 coaptationem
983 1367 1045 1397 fieri
1070 1367 1195 1402 debere,
1226 1366 1339 1402 quando
1370 1371 1457 1403 caput
1483 1364 1558 1394 ossis
1585 1365 1673 1394 luxati
1702 1374 1716 1393 e
1742 1365 1835 1394 direc-

317 1426 348 1447 to
383 1418 531 1447 cavitatem
568 1421 701 1455 scapulae
735 1420 914 1449 articularem
945 1419 1065 1456 respicit
1099 1421 1185 1458 (209
1204 1423 1230 1454 ).
1285 1419 1366 1454 Apto
1400 1416 1549 1452 insideat,
1581 1416 1720 1452 praecipit
1753 1417 1834 1446 Auc-

316 1477 362 1498 tor
389 1473 495 1507 (210)
514 1490 525 1504 ,
559 1470 668 1506 sedili,
707 1471 798 1506 qualis
833 1470 966 1508 corporis
998 1470 1072 1498 situs
1119 1478 1154 1498 eo
1190 1468 1279 1505 magis
1312 1468 1552 1497 commendandus
1581 1473 1650 1502 est,
1687 1467 1753 1508 quia
1778 1467 1831 1501 „sic

317 1521 453 1556 chirurgo
479 1520 568 1549 libera
599 1521 765 1550 conceditur
788 1522 875 1551 actio.
919 1522 981 1559 Jam
1007 1529 1076 1550 vero
1101 1519 1259 1557 imponitur
1285 1519 1320 1547 ad
1350 1526 1478 1555 pugnum
1511 1518 1715 1555 ligamentum,
1745 1511 1829 1556 cujus

318 1577 442 1599 extrema
466 1570 515 1599 uni
543 1570 714 1607 pluribusve
739 1571 878 1601 ministris
896 1572 1070 1607 traduntur,
1091 1578 1124 1600 ut
1148 1570 1274 1599 extensio
1299 1569 1361 1599 fiat.
1407 1569 1439 1597 In
1458 1568 1542 1598 axilla
1567 1575 1661 1597 autem
1679 1569 1828 1605 spatium,

318 1621 398 1656 quod
421 1627 465 1649 est
487 1621 565 1649 inter
585 1630 626 1650 rn.
648 1623 820 1657 pectoralem
847 1623 982 1658 maiorem
1002 1628 1029 1650 et
1050 1622 1210 1656 dorsalem,
1232 1621 1349 1649 linteum
1369 1619 1482 1655 saepius
1502 1620 1690 1648 convolutum
1712 1620 1828 1656 replet,

319 1672 398 1707 quod
419 1671 557 1701 retinetur
575 1680 590 1701 a
616 1672 725 1702 mantili
745 1673 874 1710 plicato,
904 1674 987 1710 cujus
1016 1679 1137 1702 extrema
1161 1672 1280 1707 oblique
1301 1670 1497 1705 adscendunt,
1524 1676 1551 1698 et
1583 1670 1611 1699 in
1637 1679 1750 1699 summo
1776 1671 1830 1699 hu-

1769 1730 1829 1751 me·

382 1811 414 1830 20
484 1805 501 1829 l.
518 1810 543 1829 c.
588 1820 596 1829 .
618 1810 679 1830 212.
1684 1824 1687 1826 .

351 1802 456 1883 {2053
474 1810 627 1875 Beschrleib.
645 1850 696 1876 ein.
718 1857 744 1875 v.
768 1849 819 1875 ihm
838 1850 939 1876 erfund.
958 1850 1095 1883 compend.
1125 1850 1243 1876 machine
1269 1850 1325 1876 mit.
1353 1849 1470 1874 welcher
1492 1848 1680 1881 niitliigenfalls
1703 1849 1751 1876 ein.
1776 1850 1829 1876 ein-

318 1897 386 1927 ziger
403 1895 545 1920 Wundfirzt
570 1895 619 1919 alle
644 1896 723 1920 selbst
748 1896 883 1926 schwere,
909 1895 958 1920 und
980 1898 1105 1922 veraltete
1126 1896 1248 1922 Verrenk.
1272 1895 1299 1922 d.
1323 1895 1460 1921 Oberarms
1488 1903 1524 1925 am
1549 1896 1708 1928 axelgeleuk.
1733 1897 1826 1925 leicht.

318 1941 427 1966 einricht
445 1941 519 1966 kann.
544 1940 655 1966 Chemn.
676 1942 749 1967 1810.
768 1942 829 1968 8vo.
1802 1944 1805 1945 ⁷

351 1986 448 2021 (205)
474 1986 500 2013 S.
525 1987 642 2018 Cooper.
667 1993 697 2010 an
721 1985 796 2019 Epit.
822 1985 856 2011 of
877 1986 993 2013 modern.
1011 1985 1122 2018 {Surgen
1150 1994 1177 2019 p.
1197 1993 1253 2013 122.
1280 1985 1366 2014 Lond.
1389 1987 1460 2018 1813.

349 2032 450 2066 (226)
477 2033 493 2059 l.
512 2039 535 2057 c.
556 2039 581 2063 p.
601 2038 654 2062 123.

309 2104 313 2105 ⁷
350 2077 446 2112 (207)
473 2078 577 2110 Largam
596 2078 721 2110 sanguinis
745 2075 910 2104 eductionem
934 2085 960 2105 et
985 2079 1102 2105 balneum
1130 2079 1243 2112 tepidum
1273 2080 1298 2104 in
1317 2080 1358 2104 tali
1384 2080 1556 2105 musculorum
1578 2079 1665 2106 habitu
1684 2079 1826 2108 indicatum

316 2125 381 2151 dicit
407 2125 517 2150 Auctor.
907 2124 1000 2159 (208)
1028 2127 1046 2153 l.
1065 2134 1090 2153 c.
1124 2147 1127 2152 .

351 2167 450 2201 (209)
477 2170 563 2200 Boyer
587 2169 661 2194 traite
681 2168 725 2194 des
750 2168 840 2197 malad.
865 2169 938 2197 Chir.
969 2178 1030 2203 t.4.
1054 2180 1080 2204 p,
1102 2178 1149 2204 ¹99
1167 2179 1221 2204 seq.
1257 2171 1323 2198 Paris
1342 2172 1417 2203 1314.
1552 2167 1648 2205 (κιο)
1672 2170 1694 2198 1.
1709 2177 1735 2197 c.
