1919 2511
250 174 294 204 70
540 165 825 207 JOANNIS
885 164 1200 197 HERMANI
1255 163 1478 197 KROON

542 249 728 287 Interrogata
747 259 801 279 cur
820 259 887 278 onus
904 256 963 278 tam
984 247 1184 278 incommodum

544 301 604 330 Pro
623 311 737 330 munere
757 303 917 340 expetisset:
937 301 985 328 lzoc
1004 298 1168 328 incommodi

544 351 700 388 Perfer-re,
721 351 819 387 dixit,
840 352 934 386 malo,
954 360 1039 389 quam
1059 351 1180 379 arbitrii
1200 351 1254 378 mei
1291 352 1296 359 “

545 403 614 432 Non
635 413 708 439 esse,
728 403 858 433 devitare
877 405 979 432 vicinos
998 403 1095 431 malos.

543 502 684 533 Vicinitas
704 504 782 532 mala
800 505 897 532 instar
915 502 1071 537 infortunii
1089 508 1142 531 est.

299 604 441 644 Juppiter
458 610 485 633 et
505 603 633 634 Cochlea.
673 605 714 634 Et
740 605 809 634 haec
829 604 927 634 fabula
952 604 1059 633 Faerno
1086 602 1225 632 debetur:
1248 607 1324 631 certe
1339 600 1372 630 in
1392 606 1521 631 veterum
1544 598 1764 630 collectionibus

260 665 321 686 non
342 661 495 692 repr-:ntur-

300 706 442 736 Vicinitas
468 706 560 736 mala.
601 706 648 735 Sic
670 707 726 743 jam
753 704 896 734 statuebat
918 705 1040 733 Hesiod.
1071 704 1132 739 Op.
1158 712 1190 732 ac
1212 702 1296 733 Dier.
1318 711 1363 734 vs.
1382 712 1451 742 345·

544 760 634 794 Πῆμαι
653 758 735 791 κακὸς
755 758 854 793 γείτων
866 776 876 793 ,
898 755 975 786 ὅσα-αν
995 755 1023 786 τ’
1043 756 1149 790 ἀγαθὸς
1167 754 1235 791 μὲγ’
1257 754 1353 791 ὄνειαρ.

406 937 663 969 FABULA
720 936 1303 977 QUINQUAGESIMA
1360 935 1621 967 OCTAVA.

767 1033 983 1053 SATYRUS
1036 1033 1087 1052 ET
1139 1034 1276 1053 HOMO.

549 1109 669 1146 Satyrus
688 1115 774 1146 atquc
793 1108 868 1138 homo
881 1107 1007 1144 fuerunt
1027 1107 1091 1137 olim
1112 1109 1199 1137 amici
1217 1107 1360 1143 maximi,

547 1160 674 1198 Quorum
695 1169 817 1188 amorem
834 1161 1022 1197 gratiamque
1039 1168 1120 1188 casus
1140 1159 1185 1187 hic
1205 1158 1287 1187 scidit
1308 1165 1418 1195 repens.

546 1211 696 1241 Saeviente
715 1210 871 1248 aliquando
889 1211 1011 1247 bruma,
1032 1221 1117 1249 quum
1138 1219 1241 1240 manus
1257 1208 1367 1248 gelidas
1387 1209 1466 1238 homo

553 1261 657 1292 Crebro
676 1262 718 1291 ad
735 1272 761 1291 os
781 1271 861 1291 suum
882 1261 1060 1298 admoveret,
1083 1261 1208 1291 calidum
1229 1269 1314 1298 agens
1333 1260 1509 1297 anhelitum,

547 1314 672 1350 Satyrus
693 1313 899 1352 adspirationis
917 1321 1048 1342 caussam
1068 1312 1104 1340 ab
1124 1313 1174 1341 illo
1193 1313 1335 1350 quaesiit:

551 1365 709 1402 Frigidus,
731 1365 872 1403 respondit
891 1365 960 1400 ille,
982 1366 1021 1392 sic
1040 1363 1177 1400 calefacio
1197 1372 1308 1392 manus.

549 1416 651 1445 Postea
663 1437 672 1451 ‚
693 1423 825 1445 coenante
844 1422 982 1453 utroque,
1004 1421 1036 1443 ut
1055 1422 1137 1453 saepe
1157 1420 1347 1450 consuerant,
1368 1413 1474 1448 simul,

547 1465 636 1494 Forte
655 1475 738 1504 quum
759 1468 876 1495 venisset
895 1466 965 1494 illuc
977 1464 1124 1501 ferculum
1137 1465 1323 1501 ferventius,

549 1517 646 1554 Atque
663 1518 740 1546 homo
759 1517 909 1554 afflavisset
927 1515 998 1554 offae
1009 1536 1019 1552 ‚
1039 1525 1123 1555 quam
1144 1516 1197 1545 sibi
1215 1515 1406 1551 desumserat,·

551 1567 652 1596 Denuo
672 1577 800 1597 caussam
821 1575 938 1606 rogatus
957 1568 1039 1604 htzs'us
1059 1567 1170 1604 afflatus
1188 1569 1258 1602 sui,

554 1619 615 1646 Hoc
634 1617 711 1647 modo
732 1619 929 1657 refrigeravi,
950 1617 1047 1652 dixit,
1070 1627 1159 1647 escam
1172 1616 1335 1654 fervidam.

550 1671 670 1706 Satyrus
690 1671 734 1699 bic
753 1673 802 1699 ira
821 1673 979 1700 incitatus:
999 1668 1098 1698 dehinc
1110 1689 1120 1704 2
1142 1670 1205 1705 ait,
1227 1675 1315 1698 tecum
1337 1668 1408 1697 mihi

554 1721 650 1749 Nulla
669 1720 834 1749 consuetudo
846 1722 963 1757 fuerit,
985 1721 1067 1750 nulla
1087 1721 1235 1749 amicitiae
1250 1719 1339 1755 fides,

555 1773 611 1808 ¹Qui
630 1772 700 1799 mihi
720 1782 772 1800 uno
793 1773 939 1810 eodemque
950 1771 1056 1808 fundis
1076 1780 1123 1801 ore
1140 1769 1266 1799 calidum
1286 1776 1314 1798 et
1325 1769 1482 1807 frigidum.

556 1876 641 1909 ,Quem
660 1871 812 1910 bilinguem
833 1874 926 1909 nosti,
947 1874 1068 1901 amicum
1088 1880 1121 1900 ne
1141 1869 1195 1899 tibi
1218 1870 1292 1899 hunc
1310 1869 1466 1899 adsciscno·

307 1977 429 2011 Satyrus
448 1980 474 2002 ct
493 1973 592 2002 Homo.
632 1974 742 2011 Aesopi
762 1974 791 2003 in
812 1976 883 2003 coll.
905 1975 985 2011 vulg.
1015 1974 1079 2003 No.
1099 1973 1168 2002 125.
1190 1972 1270 2000 Flor.
1290 1971 1339 2000 26.

309 2026 406 2054 Amici
427 2026 558 2053 maximi.
601 2024 709 2053 Vereor
736 2032 770 2054 ut
789 2025 858 2054 satis
881 2024 985 2054 Latine
1002 2033 1056 2061 pro
1081 2025 1198 2052 intimi:
1215 2028 1313 2060 poetae
1330 2021 1453 2050 maximi
1473 2025 1557 2055 sunt,
1579 2019 1629 2055 qui
1649 2020 1776 2056 reliquos

271 2085 370 2105 omnes
392 2082 548 2111 superant,
582 2075 652 2110 quin
683 2082 713 2104 et
739 2083 881 2105 amatores
905 2077 1055 2105 mulierum
1086 2076 1207 2104 maximi
1229 2074 1306 2111 apud
1329 2073 1448 2102 Terent.
1473 2071 1609 2101 Eunuch.
1632 2073 1699 2100 Act.
1721 2073 1776 2101 IV.

268 2129 322 2157 δι’.
339 2135 367 2163 3.
392 2135 441 2155 sta.
456 2134 506 2163 23.
530 2133 668 2163 respectu
698 2127 820 2157 aliorum
844 2134 1002 2158 amatorum
1027 2128 1180 2157 dicuntum
1209 2125 1261 2154 sed
1284 2125 1315 2156 h.
1339 2125 1361 2156 1.
1391 2124 1477 2153 amici
1502 2123 1624 2152 maximi
1645 2121 1778 2150 dicuntur

1713 2179 1778 2200 sen-
