1919 2511
569 151 1077 185 ORATIO.
1538 152 1559 182 5

91 254 166 286 verb
195 248 246 283 vel
272 247 390 281 utiliter
416 244 527 279 addita
540 269 550 287 ‚
574 244 624 279 vel
653 244 804 288 inprimis
831 244 867 277 in
891 244 1097 275 contrarium-
1120 241 1226 274 timidi
1250 242 1443 284 angustique
1472 242 1557 284 genii

90 305 365 350 Napoleontiacae
387 304 463 346 legis
482 302 618 335 fuerunt
635 310 810 335 conversa.v
851 301 929 332 Hoc
944 298 1078 342 quidem
1094 298 1252 340 nuspiam
1276 295 1385 329 acrius
1404 301 1436 328 et
1457 307 1559 339 aper-

92 363 179 404 tius,
205 370 307 404 quam
329 360 365 392 in
393 358 580 392 studiorum
600 356 817 399 iuridicorum
838 355 945 387 forma
963 353 1127 396 modoque
1151 351 1393 385 constituendo.
1445 352 1561 394 Quum

93 420 183 452 enim
205 416 330 450 Gallica
350 417 404 449 lex
426 416 462 448 in
491 415 597 447 classe
621 412 759 456 juridica
786 410 834 444 nil
861 415 953 442 extra
978 412 1031 452 jus
1059 408 1151 443 civile
1177 409 1338 451 scriptum
1360 408 1482 439 sineret
1503 406 1564 439 do-

94 475 180 516 ceri,
210 484 300 506 nunc
324 477 356 505 et
377 471 553 503 historicae
581 475 613 502 et
634 467 880 512 philosophicae
905 467 1004 500 studii
1023 465 1154 509 juridici
1179 471 1290 508 partes
1313 464 1441 508 pridem
1463 462 1561 496 nobis

90 531 253 571 usitatae,
275 530 310 562 in
334 529 497 571 integrum
506 551 520 568 ,,
540 532 573 559 et
597 526 682 559 nova
706 525 877 557 sanctione
902 524 1072 564 munitae,
1103 521 1359 555 restituebantur
1388 531 1457 552 non
1488 525 1561 551 tan-

70 618 72 624 *
95 593 190 629 tum,
211 586 270 619 sed
293 586 357 628 juri
378 594 507 628 quoque
532 583 692 616 Gentium
702 606 716 624 ,.
737 586 768 613 et
794 579 950 621 P‘ublico,
975 589 1060 623 quae
1083 577 1120 611 in
1141 578 1205 610 illis
1228 581 1342 617 erant,
1375 575 1560 618 complures

91 642 303 676 addebantur
332 639 416 673 aliae
450 639 618 673 doctrinae
646 637 796 681 politicae
809 661 818 679 ,
850 646 935 680 quae
958 638 994 669 in
1017 633 1210 668 Academiis
1231 634 1345 667 nostr-a
1375 637 1481 664 aetate
1510 641 1570 673 per

90 699 316 732 ‚Germaniam
343 702 375 730 et
401 696 438 729 in
460 695 604 739 Imperio
635 696 776 728 Russico
805 693 950 736 pleniore
974 692 1082 730 forma
1106 691 1158 725 vel
1183 689 1341 723 institutis
1368 689 1419 723 vel
1443 688 1572 720 instau-

96 753 200 795 ratis,
223 754 393 797 propriam
412 751 672 795 Disciplinarum
695 748 913 783 Politicarum
936 749 1077 780 classem
1104 746 1174 781 sive
1198 746 1426 788 facultatem
1460 744 1572 786 (quae

95 809 232 851 dicitur)
256 808 386 841 efficere
408 808 521 840 solent.
570 808 646 838 Hae
669 811 785 838 tamen
807 803 898 846 apud
917 813 978 836 nos
990 828 1006 845 ‚.
1025 802 1162 844 eadem,
1185 803 1254 834 imo
1277 801 1394 843 majori
1412 797 1568 838 utilitate,

84 869 129 907 ¹et
157 863 256 897 simul
282 866 486 898 Batavorum
513 862 565 894 illa
586 860 745 904 prudenti·
767 861 1013 903 moderatione,
1038 862 1135 894 classi
1157 858 1323 892 Juridicae
1347 858 1483 890 fuerunt
1504 855 1568 887 ad-

98 923 248 964 junctam
280 924 317 952 ut
346 925 379 951 et
402 919 505 952 futuri
526 918 757 950 Jurisconsulti
778 918 915 952 civitatis
940 928 1021 950 suae
1047 917 1212 950 rationem
1237 923 1401 957 suumque
1422 912 1458 944 in
1490 911 1571 944 civi-

98 981 165 1008 tate
197 977 326 1016 locum,
358 979 390 1007 et
421 972 526 1006 futuri
560 973 699 1008 civitatis
725 979 871 1007 rectores
896 980 1054 1007 naturam
1087 973 1169 1015 juris
1202 977 1234 1004 et
1257 974 1467 1014 praesentem
1502 968 1572 1008 ejus

98 1031 242 1065 formam
261 1050 300 1055 —
320 1041 426 1075 neque
445 1030 479 1064 id
505 1030 595 1074 quod
612 1030 740 1064 bonum
766 1036 825 1063 aut
847 1030 924 1062 utile
947 1028 1117 1070 videatur,
1145 1027 1187 1060 ab
1212 1037 1251 1059 eo
1271 1025 1358 1069 quod
1378 1026 1504 1067 justum
1525 1026 1574 1054 est

99 1097 272 1122 secernere
282 1107 326 1111 —
343 1087 489 1127 discant5
506 1092 538 1119 et
554 1086 653 1120 simul
664 1087 826 1130 pristinus
838 1088 909 1129 ille,
925 1089 981 1131 qui
999 1086 1126 1120 dudum
1146 1084 1237 1129 apud
1248 1094 1329 1126 1108,
1344 1083 1424 1127 quin
1442 1087 1473 1114 et
1486 1078 1575 1123 apud

96 1147 274 1179 Romanos
293 1145 411 1178 haberi
432 1143 557 1178 solebat
577 1155 689 1178 nexus
706 1145 983 1186 confirmaretur,
1004 1148 1037 1177 et
1062 1144 1187 1186 majore
1209 1151 1271 1175 suo
1292 1142 1364 1184 jure
1383 1139 1465 1172 foret
1487 1136 1571 1172 Ad<-

65 1230 67 1234 ,
98 1207 312 1236 vocatorum
335 1200 424 1234 ordo
445 1200 689 1234 seminariam
712 1199 936 1245 dignitatum
960 1201 1033 1244 (ι).

144 1262 239 1301 Quae
263 1257 400 1301 quidemr
421 1256 591 1290 doctrinae
616 1262 728 1300 partes
741 1282 754 1300 ‚
781 1258 836 1291 illo
858 1258 967 1302 primo
991 1257 1090 1300 Regis
1114 1256 1231 1289 Edicto
1261 1254 1341 1287 huic
1372 1250 1570 1284 Academiae

101 1313 162 1345 soli
183 1314 431 1357 praescriptaer
456 1313 519 1346 sed
547 1324 642 1346 anno
670 1324 752 1346 mox
787 1315 981 1358 insequente
1009 1315 1046 1347 in
1076 1311 1299 1351 Lovaniensi,
1332 1306 1572 1348 Gandavens-i1,

101 1367 278 1402 Leodiensi
298 1368 485 1403 Academiis
511 1369 627 1403 itidem
651 1370 764 1404 doceri
795 1373 927 1414 jussae,
950 1369 1139 1402 Academiis
1158 1365 1502 1408 Rheno-Traiectinae
1524 1369 1571 1395 at-

101 1435 166 1467 que
193 1425 427 1468 Groninganae
451 1435 520 1457 non
545 1430 615 1457 tam
635 1431 792 1468 negata-e,
815 1437 919 1469 quam
942 1436 1012 1458 non
1038 1424 1211 1466 impositae
1236 1422 1355 1462 fuisse,
1385 1419 1572 1462 liberaeque

101 1480 284 1513 industriae
313 1480 445 1512 relictae
468 1479 654 1512 censendae
679 1485 758 1513 sunt
775 1493 793 1520 ς,
824 1486 857 1513 et
879 1482 1002 1524 partim
1028 1480 1065 1513 in
1091 1478 1211 1511 iisdem
1235 1476 1445 1516 Academiis,
1477 1480 1509 1506 et
1538 1475 1573 1505 in

76 1558 80 1562 -
102 1535 274 1568 Athenaeo
295 1546 426 1578 quoque
452 1535 752 1568 Amstelodamensi
767 1561 778 1578 ‚
798 1537 998 1570 Academiae
1019 1541 1153 1569 nostrae
1173 1539 1331 1577 cognato,
1352 1541 1472 1574 magna
1495 1540 1574 1563 cum

103 1593 199 1625 laude
228 1593 459 1626 Professor-um
483 1598 515 1625 et
536 1592 656 1625 ardore
677 1592 877 1627 discentium
899 1597 1096 1625 tractantur.

148 1647 213 1680 Sed
239 1651 334 1681 eccel‘
351 1657 459 1690 nuper
481 1648 596 1691 legitur
618 1649 654 1681 in
679 1648 972 1692 ephemeridibus,
998 1659 1226 1682 xznxnnnnun
1251 1649 1439 1680 Russorum
1461 1649 1576 1689 Impe-

103 1709 246 1739 ratorem
260 1728 270 1746 ,
300 1704 410 1747 pium,
438 1705 585 1746 justum,
618 1709 894 1749 magnanimum,
927 1705 1145 1749 praecipuum
1166 1702 1379 1747 Napoleontis
1402 1702 1577 1745 impuden-

100 1762 168 1793 tius
190 1759 391 1793 dominantis
422 1765 454 1793 et
482 1759 668 1794 libertatem
693 1762 896 1805 populorum
916 1760 1133 1804 opprimentis
1166 1769 1377 1801 eversorem,
1403 1764 1574 1792 auctorem>

104 1816 217 1849 Sancti
238 1818 367 1859 Regum
393 1816 568 1859 Foederis,
600 1816 641 1851 de
665 1817 798 1851 Christo
819 1820 953 1860 Regum>
974 1819 1063 1860 Rege
1089 1815 1278 1851 venerando
1302 1824 1497 1858 semperque
1519 1823 1579 1846 re—

105 1872 274 1914 spiciendo
298 1887 340 1896 —
363 1871 422 1904 sed
443 1872 611 1905 nolentem
637 1873 794 1916 proterva-
816 1872 946 1905 licentia
975 1872 1028 1907 vel
1044 1869 1265 1905 democratico
1294 1871 1411 1914 spiritu
1425 1894 1438 1911 ‚.
1459 1869 1515 1912 qui
1536 1867 1578 1900 ad

106 1926 300 1960 anarchiam
322 1937 449 1971 pronus
475 1933 507 1960 et
536 1927 744 1962 Christianae
772 1928 918 1972 religioni
951 1927 1103 1962 videatur
1128 1924 1284 1959 inimicus
1292 1950 1307 1968 ‚.
1335 1924 1494 1969 legitimos
1521 1933 1578 1957 re«

107 1992 163 2026 ges
191 1988 223 2015 et
252 1984 367 2025 quieta(
384 1993 485 2027 regna
510 1983 640 2018 turbari
667 1990 701 2019 et
730 1985 831 2022 everti
860 1998 907 2010 -·
937 1986 1179 2029 ImPffatorem
1205 1983 1303 2026 igitur
1332 1992 1577 2021 mentimini,

1519 2046 1578 2080 120-

149 2106 205 2137 (ι)
220 2107 285 2130 Νον·
304 2106 388 2131 Thwd·
405 2107 505 2139 (notius
516 2108 635 2135 Valentia.
653 2109 712 2142 111.)
728 2114 765 2140 ³4
778 2107 811 2134 de
828 2108 981 2134 romanam
1016 2107 1082 2133 aad.
1099 2108 1201 2133 emam.
1220 2108 1295 2135 Imm.
1309 2108 1392 2133 lustin.
1406 2105 1436 2129 in.
1446 2104 1505 2128 nm

859 2153 895 2187 A
915 2154 942 2185 5
