1919 2511
677 163 1082 197 ORATIO.
1601 167 1622 199 5

151 264 407 300 cinnameus.
453 250 582 285 Exinde
604 251 773 293 videmus,
795 251 968 294 Dogmatis
987 249 1208 292 desiderium,
1233 249 1320 294 quod
1342 256 1501 286 vetustate
1520 263 1620 286 sanc-

148 315 220 343 tum
239 309 384 351 faciunt,
413 307 494 341 adeo
518 308 629 341 oculos
651 307 850 349 obcaecare,
873 313 928 349 ut,
951 309 1024 352 ipsa
1049 310 1184 343 veritate
1209 309 1320 351 ducti,
1344 321 1411 343 nos
1427 322 1537 344 errare
1556 323 1620 355 pu*

149 371 258 401 temus
268 390 277 407 ,
304 376 443 408 eamque
457 376 524 398 non
541 365 633 408 prius
650 374 887 407 agnoscamus,
912 375 1012 407 quam
1033 365 1271 399 consuetudine
1286 368 1391 401 coacti
1404 378 1478 400 eam
1497 367 1619 399 diutius

145 421 305 465 negligere
327 432 395 454 non
419 431 608 465 possumus.
654 422 809 453 Planetas
836 420 1018 464 Ellipsibus
1045 421 1118 455 vehi
1136 446 1146 463 ,
1178 433 1240 455 nec
1269 424 1418 466 cogitavit
1449 436 1490 455 1:11
1500 435 1620 456 PPAR-

146 490 244 525 cnus
267 489 330 511 nec
351 489 633 518 PTOLEMABUS3
656 477 759 521 iisque
775 489 848 516 ,non
874 476 977 510 alium
996 484 1127 511 motum
1149 480 1214 512 nisi
1240 480 1437 513 uniformem
1455 486 1486 512 et
1510 481 1620 512 circu-

143 534 249 570 larem
275 544 345 568 esse
371 545 487 579 posse,
519 534 660 579 vulgaris
683 534 746 568 fuit
769 535 833 568 hac
862 540 968 568 aetate
999 536 1128 578 opinio:
1161 535 1265 568 immo
1296 535 1428 579 plurimi
1460 538 1621 579 excogita-

144 588 269 628 bantur
294 592 458 635 Epicycli,
482 602 595 624 rerum
623 598 761 625 naturae
786 594 898 625 minus
927 599 1162 636 congruentes,
1186 599 1222 625 ut
1244 593 1301 625 tali
1326 593 1461 626 artifieio
1488 598 1623 636 possent

141 648 357 692 irregularia,
389 648 437 682 uti
466 649 662 684 videbantur
677 675 687 692 ‚
720 650 959 683 Phaenomena
990 654 1100 681 motus
1132 650 1212 681 Solis
1241 654 1272 682 et
1307 652 1425 682 Lunae
1451 650 1618 692 explicari.

142 705 333 737 Daemones
358 711 468 738 motus
491 707 646 738 coelestes
670 706 836 739 moderari
860 706 1073 740 dicebantur:
1099 711 1131 738 et
1156 705 1274 749 cupide
1298 707 1361 739 tale
1378 712 1522 749 systema
1544 717 1621 738 am-

142 752 395 804 plectebantur,
419 762 507 805 quod
523 763 587 795 nisi
603 763 746 803 claram,
770 768 804 794 at
827 763 957 795 facilem
981 768 1114 803 tamen,
1137 772 1251 794 rerum
1279 763 1494 805 cognitionem
1512 762 1620 794 homi-

138 827 201 863 nes
221 817 338 850 docere
356 818 540 852 videbatur.
587 819 621 850 Si
645 828 761 850 omnes
782 818 853 850 illos
879 827 1006 849 errores
1029 828 1169 861 eamque
1196 819 1290 860 quasi
1318 818 1443 851 luctam
1469 829 1547 850 oum
1564 819 1621 851 in-

141 875 237 918 genio
255 875 404 908 humano
421 875 518 908 nobis
541 880 828 919 repraesentamus
846 879 877 907 et
905 874 1093 908 vetustioris
1118 875 1188 907 aevi
1215 875 1366 906 notitiam
1387 885 1620 916 comparamus

143 941 220 963 cum
248 942 287 964 ea
312 933 493 975 cognitione
508 956 519 973 ‚
552 942 654 974 quam
685 931 795 963 divina
821 930 880 962 lux
902 930 1051 972 ingenii,
1083 929 1156 962 Viri
1183 929 1379 963 immortalis
1411 942 1618 973 NEwrom,

141 985 226 1020 illico
249 987 441 1022 illustravit:
476 988 626 1022 videmus
652 986 773 1019 auxilia
791 1011 802 1028 ‚
835 984 954 1029 quibus
986 985 1028 1017 ad
1052 996 1166 1018 veram
1192 992 1381 1029 certamque
1404 988 1622 1029 cognitionem

142 1039 394 1086 perveniamus,
417 1054 486 1076 non
510 1044 605 1087 longe
623 1054 643 1075 a
665 1042 761 1076 nobis
777 1042 894 1074 abesse
906 1050 924 1080 ,’
940 1047 971 1074 et
996 1043 1084 1077 viros
1096 1066 1106 1084 ,
1134 1043 1322 1086 ceteroquin
1344 1042 1620 1086 ingeniosissimos

142 1111 182 1133 ea
195 1106 307 1134 tamen
323 1111 382 1144 per
399 1101 501 1133 multa
522 1101 654 1134 saecula
670 1099 861 1144 neglexisse.

186 1158 221 1189 Si
235 1158 414 1201 praecipua
431 1168 472 1190 ex
492 1156 629 1189 historia
652 1157 883 1189 Astronomiae
899 1156 971 1189 loca
995 1161 1119 1189 attente
1142 1157 1426 1201 contemplamur,
1450 1157 1533 1191 haec
1555 1169 1616 1192 nos

140 1211 282 1254 docent,
313 1223 378 1256 qua
402 1213 530 1245 ratione
552 1214 682 1256 Dogma
709 1211 877 1256 quoddam
900 1211 1082 1245 acerrimus
1113 1223 1186 1245 esse
1208 1213 1314 1257 possit
1336 1216 1457 1258 ingenii
1480 1214 1620 1248 humani

140 1266 268 1310 hostis,
293 1274 404 1312 utpote
427 1267 506 1301 illud
532 1279 552 1301 a
577 1269 722 1302 veritatis
747 1269 930 1311 cognitione
960 1268 1140 1302 abducens.
1193 1272 1376 1314 Praecipue
1401 1270 1481 1304 illud
1502 1272 1619 1306 vitium

141 1325 258 1357 exinde
273 1324 396 1366 oritur,
420 1325 510 1368 quod
527 1325 679 1358 homines
698 1325 1072 1368 Dogmaticamrperdite
1097 1331 1222 1359 amant.
1270 1329 1382 1359 Potest
1400 1333 1510 1360 autem
1528 1330 1553 1370 ej
1561 1338 1619 1360 us-

142 1380 233 1414 modi
256 1383 386 1424 Dogma
407 1388 523 1414 Verum
545 1391 638 1423 esse,
661 1387 807 1427 attamen
835 1380 914 1413 illud
938 1392 1056 1415 verum
1083 1383 1199 1415 haberi
1219 1394 1287 1416 non
1309 1382 1401 1425 licet,
1425 1383 1619 1428 priusquam

142 1445 185 1471 sit
211 1440 412 1482 argumentis
442 1438 620 1482 probatum
650 1444 682 1470 et
707 1437 892 1480 oppositam
917 1437 1077 1481 dogmatis
1107 1438 1306 1471 sententiam
1338 1439 1519 1473 absurdam
1547 1452 1618 1474 esse

143 1495 348 1538 apparuerit:
376 1495 464 1538 quali
481 1495 633 1527 examine
660 1494 810 1526 nondum
839 1494 1010 1535 instituto,
1034 1497 1191 1527 temerius
1214 1501 1332 1539 agmt,
1356 1495 1412 1539 qui
1430 1498 1509 1530 illud
1527 1500 1620 1541 Dog—

142 1561 217 1593 ma,
242 1557 278 1583 ut
294 1560 411 1584 verum
428 1557 622 1595 sequuntur.
667 1552 701 1583 Si
726 1557 837 1583 autem
866 1560 983 1583 verum
1011 1556 1079 1592 cst,
1104 1553 1278 1594 Dogmatis
1301 1552 1477 1586 virtutibus
1507 1560 1618 1594 caret;

143 1609 170 1640 si
185 1613 296 1640 autem
314 1606 508 1650 ambiguum
526 1612 558 1639 et
574 1605 738 1639 incertum
750 1632 759 1649 ,
780 1619 848 1641 non
864 1609 926 1641 alio
946 1620 1047 1652 quam
1066 1609 1296 1653 Hypotheseos
1315 1612 1450 1644 nomine
1465 1610 1528 1644 dici
1545 1623 1618 1644 me-

142 1669 253 1706 rctur,
277 1675 362 1707 qua,
386 1664 420 1696 in
437 1665 571 1697 veritate
585 1662 829 1708 investiganda,
854 1666 990 1698 utimur.

188 1719 324 1763 Saepius
334 1745 344 1761 ‚
362 1719 402 1752 A.
415 1722 475 1758 E„
490 1720 629 1763 cogitare
642 1721 729 1753 soleo
745 1722 862 1765 ingenii
881 1722 1021 1755 humani
1038 1729 1172 1756 sortem.
1219 1727 1348 1757 Incerta
1365 1723 1524 1756 dubitatio
1538 1724 1618 1757 illud

144 1782 260 1818 vexat,
291 1778 375 1820 viget
403 1782 514 1809 autem
541 1776 686 1810 veritatis
715 1778 909 1822 cognitione.
955 1780 1010 1812 Ille
1031 1785 1142 1811 autem
1168 1781 1325 1813 noscendi
1349 1791 1444 1812 amor
1473 1781 1621 1822 ejusdem

146 1831 230 1866 illius
251 1834 370 1876 ingenii
390 1834 476 1866 vires
500 1834 692 1876 saepissime
718 1836 866 1867 infirmas
894 1834 1010 1867 reddit.
1056 1835 1143 1879 Equi
1160 1836 1310 1869 effrenati
1331 1837 1435 1869 instar
1447 1839 1619 1879 provolant

144 1889 296 1922 homines
319 1899 377 1932 per
398 1890 506 1930 viam,
538 1900 622 1932 quae
646 1890 736 1922 ducit
761 1891 804 1923 ad
824 1901 976 1923 errorum
1006 1902 1160 1925 nemora:
1192 1897 1225 1924 et
1248 1893 1358 1934 mala,
1392 1902 1476 1935 quae
1499 1893 1617 1925 exinde

146 1951 220 1978 orta
249 1943 424 1977 hominum
458 1947 649 1978 societatem
682 1946 882 1990 obruerunt,
914 1948 1050 1981 historia
1074 1949 1220 1992 gentium
1255 1961 1324 1982 non
1353 1955 1538 1982 atramento
1560 1950 1618 1983 sed

147 2011 264 2033 cruore
281 2004 387 2033 notat!
433 1999 599 2044 Quaeritis
618 2001 752 2044 forsan,
777 2014 860 2047 quae
879 2004 1016 2037 tandem
1039 2007 1108 2045 ejus
1126 2006 1174 2036 rei
1190 2006 1232 2037 sit
1254 2009 1379 2038 causa?
1424 2008 1518 2037 Duas
1541 2017 1619 2038 eas-

146 2066 211 2099 que
229 2057 422 2099 praeeipuas
441 2056 533 2090 vobis
558 2058 594 2089 in
618 2060 816 2092 memoriam
843 2071 999 2095 revocare
1022 2062 1127 2094 liccat.
1174 2062 1272 2094 Ratio
1295 2062 1411 2094 docere
1435 2061 1563 2095 videtur
1586 2068 1617 2095 ct

148 2112 345 2146 confirmant
366 2113 626 2157 Disciplinarum
647 2115 866 2158 Physicarum
890 2119 1114 2160 incrementa,
1137 2127 1209 2150 esse
1231 2116 1368 2150 limitem
1389 2117 1565 2160 quemdam
1583 2119 1617 2150 in

887 2175 918 2207 A
942 2178 962 2207 5
1563 2185 1619 2208 re-
