1919 2511
350 122 369 154 s
982 117 1183 160 (=)

352 213 598 256 desiderarent,
630 223 697 246 una
728 223 805 246 cum
838 211 1022 245 studiorum
1045 210 1134 243 socio
1162 210 1335 243 JOANNE
1366 213 1571 253 HOOGIO,
1602 222 1657 244 me
1680 219 1811 255 quoque

350 269 510 314 probante
534 276 566 303 et
592 269 764 310 laudante,
796 269 968 301 consilium
998 265 1083 308 cepit
1114 276 1230 299 eorum
1255 267 1423 310 partibus,
1453 270 1509 312 qui
1532 268 1693 301 honorem
1717 267 1810 302 illum

347 325 411 358 sibi
433 332 561 369 gratum
578 325 646 358 fore
668 325 929 365 declaraveram,
956 323 1102 356 modeste
1120 323 1308 357 accedendi.
1354 327 1404 357 Re
1419 325 1462 358 ad
1483 328 1642 358 Senatum
1659 325 1804 367 perlata,

346 381 499 414 unanimi
522 380 733 414 Senatoribus
750 379 905 413 omnibus
923 389 1087 413 consensu
1107 381 1214 414 visum
1236 386 1304 422 est,
1328 381 1408 414 nihil
1431 381 1563 414 obstare
1576 405 1586 423 ,
1609 392 1674 424 quo
1696 381 1809 413 minus

348 443 505 481 uterque,
537 447 640 480 aeque
665 447 705 469 ac
731 437 868 479 reliqui,
895 437 961 469 voti
987 445 1122 478 compos
1146 435 1358 479 redderetur,
1390 447 1462 470 rem
1487 447 1564 471 vero
1585 448 1627 469 ex
1653 446 1746 469 more
1767 435 1812 470 ad

348 496 580 538 Magistraturn
610 493 788 526 Urbanum
816 493 1024 526 referendam
1051 503 1134 526 esse.
1182 491 1240 525 Ab
1268 492 1332 526 hoo
1357 504 1434 527 vero
1463 498 1594 526 tantum
1617 492 1741 533 abfuit,
1773 496 1811 525 ut

345 551 502 593 judielum
530 552 669 582 Senatus
699 549 963 593 improbaretur,
999 554 1035 581 ut
1061 548 1171 592 potius
1200 550 1278 582 illud
1301 550 1469 591 laudaret,
1499 551 1567 583 imo
1593 547 1811 593 praevertisse

342 607 515 640 videretur.
560 608 726 650 Insignem
751 617 832 639 sane
859 604 1052 640 in'modum
1073 606 1124 638 his
1146 605 1262 638 diebus
1285 606 1405 648 eluxit,
1429 616 1494 648 quo
1517 616 1592 649 erga
1609 602 1808 637 Academiae

343 662 437 697 cives
457 665 669 706 Magistratus
691 662 863 695 Leidensis
880 663 1004 696 feratur
1022 665 1134 695 animo
1145 687 1156 705 ,
1176 669 1208 696 et
1224 673 1289 707 quo
1304 664 1460 696 illustrem
1474 663 1563 696 hanc
1581 663 1808 696 doctrinarum

341 720 453 752 sedem
478 720 599 752 habeat
628 721 711 753 loco,
765 722 809 752 Et
833 725 956 762 quanta
979 722 1112 763 quidem
1135 724 1205 765 ejus
1229 724 1270 755 sit
1301 722 1477 756 liberalitas
1505 728 1537 755 et
1562 722 1810 764 munificentia,

342 776 556 809 manifestum
587 776 662 809 fecit
693 777 939 820 promptissime
971 777 1137 810 redditum
1171 778 1212 811 de
1241 778 1342 811 nobili
1366 778 1420 811 illo
1440 777 1704 812 candidatorum
1735 779 1809 822 pari

341 842 555 875 responsum,
587 843 628 865 ex
653 843 718 876 quo
741 833 914 875 apparuit,
949 834 1017 875 jam
1041 839 1117 866 ante
1152 834 1321 867 decretum
1342 835 1464 876 fuisse,
1488 839 1646 878 quotquot
1667 836 1809 866 Senatus

341 891 560 923 Academicus
583 890 791 923 eminentiori
814 890 914 922 studii
937 895 1035 933 atque
1058 889 1240 923 industriae
1266 889 1415 934 praemio
1445 890 1558 935 dIgnos
1584 891 1806 932 existitnaret‚

345 956 400 978 cos
421 947 566 989 singulos
595 957 724 990 quoque
745 951 902 978 ornatum
925 944 965 978 iri
984 947 1165 979 Consulum
1189 947 1288 980 dono.
1341 948 1477 980 Nullum
1503 957 1579 990 ergo
1604 946 1644 979 de
1668 951 1808 990 utroque

344 1002 416 1043 iilo,
441 1013 519 1035 cum
535 1003 693 1044 caeteris,
714 1002 758 1035 ad
774 1012 923 1035 summos
942 1002 1085 1036 honores
1105 1003 1272 1039 evehendo
1287 1009 1457 1047 supererat
1475 1002 1626 1036 dubium.
1681 1001 1808 1035 Ambos

340 1060 429 1091 euim
459 1058 577 1092 iisdem
603 1058 783 1103 condignos
817 1059 1019 1100 judicaverat
1050 1062 1201 1093 Senatus.
1256 1063 1309 1093 De
1339 1072 1497 1103 1100o1o
1527 1069 1606 1091 mox
1633 1058 1807 1092 referetur.·

341 1114 390 1147 Ad
413 1127 799 1148 BURGERnonnTmM
822 1115 910 1159 quod
930 1117 1063 1158 attinet,
1087 1118 1115 1149 si
1137 1127 1223 1150 unus
1241 1122 1371 1150 tantum
1389 1128 1407 1150 e
1424 1116 1556 1160 singulis
1574 1113 1818 1148 Facultatibus·

345 1170 532 1215 deligendus
557 1172 692 1214 fuisset,
720 1176 754 1204 et
778 1172 806 1204 is
836 1171 878 1203 ab
904 1172 996 1205 initio
1022 1183 1094 1205 rem
1117 1173 1179 1206 sibi
1199 1173 1418 1216 expetendam
1442 1171 1546 1207 videri
1572 1171 1806 1215 significasset,¹

343 1237 411 1259 non
434 1227 566 1270 dubito,
590 1230 670 1272 quin
696 1238 812 1261 omnes
839 1229 963 1272 primas
984 1229 1046 1273 ipsi
1070 1236 1180 1273 partes
1203 1230 1341 1263 delaturi
1362 1228 1512 1263 fuissent.
1564 1229 1652 1260 Nam
1680 1220 1807 1270 septem'

340 1293 446 1316 annos
470 1283 675 1317 laudabiliter
706 1284 887 1317 admodum
917 1286 952 1318 in
985 1285 1164 1318 Academia
1191 1291 1415 1319 commoratus
1439 1291 1506 1326 est,
1540 1295 1560 1316 a
1590 1282 1752 1316 modestia
1774 1287 1809 1317 et

340 1340 425 1373 vitae
447 1340 651 1383 integritate,
682 1341 711 1372 si
736 1341 809 1384 quis
836 1341 941 1382 alius,
972 1351 1050 1374 cum
1085 1343 1231 1375 maxime
1264 1340 1549 1375 commendandus
1563 1364 1572 1381 ,
1607 1349 1670 1372 nec
1694 1340 1806 1372 minus

341 1394 384 1427 ab
409 1395 570 1428 industria
601 1400 633 1427 et
661 1395 823 1438 diligentia
850 1396 978 1438 studii,
1012 1407 1075 1441 qua
1109 1399 1233 1431 nemini
1262 1399 1386 1440 cessit,
1417 1398 1591 1442 plerosque
1620 1396 1808 1429 antevertis*

338 1450 469 1483 samdju
492 1452 648 1494 reqiiisita
677 1462 718 1484 ex
741 1452 808 1494 lege
838 1453 993 1485 examina
1020 1459 1155 1487 strenue
1187 1456 1413 1496 sustinuerat,
1446 1452 1481 1485 in
1513 1451 1634 1496 quibus
1667 1452 1803 1485 omnino

339 1507 438 1538 talem
461 1517 498 1538 se
523 1508 685 1540 Facultati
715 1507 933 1550 probaverat,
967 1510 1020 1542 cui
1042 1511 1159 1543 merito
1186 1521 1226 1543 ac
1247 1512 1318 1553 jure
1350 1510 1392 1542 ad
1417 1512 1638 1542 Doctoratum
1676 1512 1804 1551 pateret

339 1561 464 1603 aditus,
496 1568 529 1594 et
551 1569 704 1606 paratum
736 1569 805 1596 erat
836 1566 1034 1607 opusculum
1057 1566 1151 1598 docte
1168 1565 1347 1609 scriptum,
1379 1571 1476 1608 atque
1506 1575 1545 1597 eo
1572 1562 1709 1597 consilio
1735 1563 1802 1595 ela-

339 1616 490 1649 boratum
516 1624 547 1650 et
567 1620 601 1651 in
627 1619 797 1662 publicum
821 1621 1074 1663 proferendum,
1105 1627 1142 1654 ut
1166 1621 1231 1655 hoc
1256 1623 1328 1665 ipso
1353 1622 1481 1654 circiter
1501 1625 1651 1663 tempore
1676 1618 1800 1652 Acade-

339 1674 426 1706 miae
455 1674 674 1707 valedicturus
696 1675 856 1718 haberet,
887 1677 977 1720 quod
999 1678 1123 1721 optimo
1145 1678 1263 1719 Patri,
1291 1690 1444 1711 solium
1473 1687 1801 1717 nunoannounr,

338 1730 574 1762 Jurisconsulto
599 1737 631 1764 et
663 1732 911 1775 Magistratibus
943 1733 1254 1767 Schiedarnensibus
1284 1733 1471 1777 adscripto,
1500 1739 1661 1776 tanquam
1690 1732 1737 1765 rei
1766 1732 1803 1766 in

337 1785 513 1819 Academia
534 1793 642 1829 gestae
668 1789 950 1841 specimenkqua
981 1800 1040 1833 par
1064 1795 1151 1823 esset
1181 1789 1390 1824 observantia
1420 1788 1602 1822 offerretur.
1647 1791 1679 1821 Is
1701 1782 1814 1830 vero,

339 1850 404 1884 qua
430 1847 479 1873 est
495 1852 627 1874 morum
647 1844 852 1886 simplicitate
878 1851 909 1877 et
932 1846 1150 1888 verecundia,
1165 1857 1217 1879 ‚ne
1242 1857 1301 1889 per
1328 1846 1497 1879 somnium
1517 1843 1669 1888 quidem,
1693 1850 1731 1877 ut
1751 1843 1801 1879 vi-

341 1898 454 1938 detur,
478 1897 518 1929 de
536 1900 735 1931 Doctoratus
759 1899 884 1933 honore
909 1901 975 1934 ritu
993 1903 1127 1946 antiquo
1148 1902 1367 1935 consectando
1392 1903 1556 1945 cogitanS,
1580 1902 1648 1934 non
1667 1899 1733 1933 nisi
1757 1899 1800 1933 ab

341 1953 412 1984 aliis
445 1952 510 1985 hac
549 1954 589 1985 de
631 1964 667 1986 re
700 1955 888 1989 admonitus
920 1963 952 1990 et
993 1958 1036 1990 ad
1070 1957 1146 1990 eam
1182 1958 1427 2001 suscipiendam
1469 1958 1630 1990 excitatus
1665 1959 1801 1989 Patrem

341 2008 438 2050 adiit,
470 2020 612 2052 eumque
641 2009 682 2042 de
715 2012 898 2044 amicorum
931 2012 1163 2057 fautorumque
1187 2015 1330 2047 consiliis
1357 2019 1389 2046 et
1411 2012 1693 2049 exhortationibus
1726 2022 1802 2045 cer-

341 2063 457 2097 tiorem
480 2065 575 2107 fecit,
607 2076 713 2109 neque
738 2065 914 2101 difficulter
945 2070 1015 2111 ejus
1045 2080 1245 2104 consensum
1269 2071 1459 2114 impetravit
1487 2069 1531 2104 ad
1563 2070 1653 2103 illam
1684 2079 1800 2112 aggre-

1706 2123 1802 2158 dien-
