1919 2511
306 140 344 178 36
558 136 786 168 CLAUDII
825 135 1053 167 HENRICI
1090 143 1170 165 VAN
1210 134 1556 167 HERWERDEN

306 222 418 252 randam
435 219 586 250 tendebant
604 220 685 249 etiam
700 228 751 255 ea,
774 227 845 255 quae
862 219 896 247 de
911 218 1073 248 scholarum
1092 218 1193 247 studiis
1211 219 1372 249 constituit.
1401 219 1596 249 Laudavimus
1607 239 1617 255 ‚
1636 228 1710 256 quae
1727 219 1761 248 ad
1778 220 1813 248 il-

306 274 361 302 lam
371 272 512 301 materiam
524 272 687 308 pertinent,
707 270 813 306 scripta
827 271 966 298 nonnulla
979 291 989 304 ,
1010 269 1128 298 Alcuini
1139 269 1338 305 potissimum:
1360 271 1409 306 qui
1429 279 1493 299 cum
1511 277 1537 298 et
1556 270 1812 298 eruditissimorum

306 323 351 352 sui
368 322 430 351 aevi
448 322 593 350 hominum
605 322 688 350 facile
710 322 846 357 princeps
865 327 958 355 esset,
981 326 1008 347 et
1026 320 1133 348 Carolo
1152 320 1181 349 in
1199 321 1333 349 omnibus
1360 321 1445 349 rebus
1457 341 1468 356 ‚
1486 321 1650 357 religionem
1665 327 1695 349 et
1708 321 1816 349 doctri-

305 381 369 402 nam
392 372 610 409 spectantibus,
640 373 780 406 adstaret,
803 372 963 406 exemplum
986 370 1065 405 quasi
1086 377 1149 405 est,
1172 379 1251 406 quo,
1273 371 1364 400 veluti
1381 371 1409 400 in
1441 372 1581 407 speculo,
1603 371 1714 406 videas,
1742 379 1813 406 quae

307 423 505 459 explicationis
522 422 823 458 interpretationisque
848 429 941 450 sacrae
964 420 992 448 id
1015 420 1152 456 temporis
1171 426 1199 448 et
1216 421 1288 449 ratio
1313 428 1341 449 et
1356 421 1495 457 perfectio
1508 421 1607 451 fuerit.
1649 422 1716 459 Qua
1735 421 1763 449 in
1782 429 1812 449 re

303 475 359 510 Jam
388 473 534 507 diximus,
563 473 714 500 Alc-uinum
736 480 852 507 quoque
875 470 1054 499 tenacissime
1070 470 1228 499 adhaesisse
1257 478 1368 507 patrum
1394 473 1652 501 ecclesiasticorum
1673 471 1817 507 vestigiis·

304 524 369 552 Hos
384 532 524 552 summum
542 522 728 558 perfectionis
749 522 864 558 gradum
884 522 912 550 in
932 521 967 549 iis
985 520 1087 549 studiis
1111 521 1194 549 etiam
1220 530 1392 551 consecutos
1408 531 1470 551 esse
1489 530 1516 552 et
1533 524 1579 551 ille
1590 544 1604 562 ,¹
1619 529 1645 551 et
1664 530 1762 550 omnes
1778 522 1812 550 ea

304 580 393 602 aetate
414 574 565 610 putabant.
607 573 652 601 Ab
670 573 713 602 his
729 574 775 601 vei
799 572 870 601 nihil
889 580 1008 608 prorsus
1027 573 1071 600 vel
1094 581 1246 608 parumper
1264 573 1350 601 modo
1371 582 1433 602 esse
1451 574 1650 602 recedendum.
1690 573 1815 601 Easdem

305 624 508 661 interpretandi
519 625 628 660 regulas
646 624 856 658 observandas,
878 623 972 651 cadem
990 621 1048 650 fere
1066 631 1138 658 quae
1154 623 1313 658 dixissent,
1331 624 1459 654 dicenda.
1490 625 1546 654 Sed
1565 630 1708 660 praeterea
1722 629 1815 652 rectae

305 674 384 704 Sacri
403 675 521 704 Codicis
540 675 769 711 interpretationi
788 674 919 703 obstabat
935 673 1066 702 diversus
1077 693 1087 709 ,
1104 673 1151 709 qui
1168 674 1266 703 iisdem
1282 674 1353 703 locis
1372 675 1509 710 dabatur,
1530 683 1631 704 sensus
1644 695 1654 709 ‚
1675 681 1723 703 aut
1738 673 1817 703 litte·

304 726 394 761 ralis,
415 733 463 754 aut
480 727 671 761 allegoricus,
693 732 742 754 aut
758 725 913 761 mysticus.
954 724 1002 752 Eo
1030 723 1103 752 enirn
1128 724 1234 753 factum
1262 732 1324 760 est,
1346 732 1396 761 ut,
1419 734 1507 761 quum
1532 725 1566 753 de
1595 727 1660 753 loco
1689 725 1813 760 quodam

304 782 452 812 ageretur,
474 777 508 805 ad
524 777 595 805 hanc
615 778 661 804 vel
678 777 754 805 illam
782 775 951 804 sententiam
978 775 1242 811 comprobandam,
1264 783 1390 812 utraque
1414 775 1642 804 dissentientium
1668 784 1733 811 pars
1754 782 1818 803 eum

306 826 334 855 in
356 835 440 855 suum
466 827 645 855 commodum
668 826 826 855 adhiberet.
867 825 942 853 Nam
964 826 1037 854 alius
1063 826 1118 855 alia
1144 827 1253 856 ratione
1279 828 1377 856 locum
1397 826 1586 864 explicabat,
1610 825 1733 862 quisque
1751 833 1817 854 eum

305 884 422 907 sensum
439 878 578 914 arripiens
589 898 599 913 ,
623 877 673 913 qui
689 877 746 906 sibi
761 877 857 906 favere
873 876 1019 906 videretur
1042 877 1057 911 (
1073 886 1084 906 1
1101 876 1130 911 >-

478 978 507 1015 §9
526 984 556 1006 2.
597 977 643 1005 De
663 977 761 1007 Caroli
780 978 888 1015 Magni
907 978 1038 1012 meritis,
1059 979 1090 1006 in
1110 977 1269 1007 doctrinam
1291 979 1436 1017 religionis
1458 980 1645 1010 Christianae

862 1029 1023 1066 generatim
1042 1029 1261 1058 consideratam.

342 1126 425 1164 Quae
451 1128 575 1158 Carolus
600 1130 679 1165 quod
711 1130 745 1158 ad
769 1130 840 1159 hanc
868 1138 925 1159 rem
952 1130 1053 1160 attinet
1083 1130 1177 1159 facere
1200 1138 1320 1160 conatus
1344 1138 1387 1160 est
1403 1151 1413 1167 ,
1450 1130 1549 1167 paucis
1580 1128 1716 1165 explicari
1746 1135 1822 1165 pos·

304 1185 382 1208 snut.
426 1179 524 1215 Quum
553 1180 659 1208 saeculi
689 1181 735 1208 sui
761 1180 895 1216 spiritum
922 1188 1052 1217 gereret,
1081 1182 1210 1216 adeoque
1232 1188 1344 1217 patrum
1370 1180 1508 1216 operibus
1533 1179 1606 1209 nihil
1630 1179 1818 1208 exceuentius

303 1235 351 1257 aut
376 1228 532 1265 perfectius
558 1231 695 1266 praestari
720 1238 806 1265 posse
830 1237 963 1267 putaret,
995 1239 1054 1259 eam
1089 1240 1209 1267 quoque
1226 1252 1237 1266 ‚
1271 1240 1354 1267 quam
1385 1231 1415 1259 hi
1439 1236 1646 1260 constituerant
1669 1228 1817 1266 religionis

303 1278 477 1315 doctrinam,
502 1280 530 1310 in
559 1281 679 1318 imperio
704 1278 771 1310 suo'
786 1283 903 1318 agnosci
924 1291 956 1311 ac
983 1283 1092 1318 populo
1117 1281 1191 1310 tradi
1215 1283 1321 1310 voluit.
1363 1281 1445 1309 Hanc
1474 1281 1503 1309 in
1529 1289 1587 1308 rem
1612 1280 1747 1308 doctores
1771 1286 1818 1308 ec-

303 1328 478 1359 clesiasticos
507 1332 611 1361 litteris
640 1333 755 1369 saepius
783 1332 914 1362 hortatus
937 1339 998 1365 est,
1029 1339 1061 1360 ut
1084 1331 1189 1367 fidem,
1218 1339 1301 1366 quam
1325 1331 1449 1366 diceret,
1478 1329 1646 1359 catholicam
1674 1328 1820 1365 praedica·

302 1385 386 1412 rent,
415 1388 446 1408 ac
470 1380 605 1411 docerent
628 1382 710 1418 (2).
751 1383 796 1412 Eo
824 1392 941 1420 quoque
965 1383 1061 1412 studio
1086 1383 1190 1411 ductus
1216 1382 1345 1411 vetuisse
1369 1381 1502 1416 videtu-r,
1524 1387 1557 1409 ut
1575 1389 1610 1409 ne
1636 1379 1701 1416 quis
1724 1388 1819 1409 narra·

303 1429 398 1458 tiones
415 1432 461 1459 vel
486 1431 610 1466 dubias,
634 1433 681 1460 vel
704 1441 768 1461 cum
787 1433 927 1462 catholica
951 1433 1005 1462 fide
1029 1442 1088 1462 non
1111 1441 1273 1469 congruas,
1295 1434 1400 1469 legeret
1419 1439 1468 1461 aut
1491 1440 1572 1461 veras
1589 1439 1652 1460 esse
1670 1430 1816 1465 crederet3

303 1480 433 1508 comburi
451 1490 501 1509 eos
519 1482 633 1510 libellos
651 1484 760 1520 jussit,
781 1493 817 1513 ne
834 1484 981 1513 hominum
1003 1484 1113 1512 animos
1130 1483 1159 1512 in
1180 1492 1303 1511 errorem
1322 1484 1500 1512 inducerent.
1543 1481 1709 1511 Canonicos
1724 1480 1816 1510 libros

305 1530 397 1557 soium
409 1550 419 1565 ‚
441 1540 494 1560 nec
513 1540 571 1561 non
585 1541 747 1562 sanctorum
767 1542 878 1570 patrum
900 1534 1055 1563 conciones
1070 1540 1157 1569 atque
1175 1533 1257 1562 effata
1275 1533 1331 1569 legi
1348 1541 1379 1561 ac
1402 1534 1515 1569 popu-lo
1533 1531 1604 1561 tradi
1623 1530 1718 1560 voluit
1735 1536 1750 1568 (
1761 1532 1817 1568 3).

304 1579 407 1615 Usque
427 1583 462 1610 ad
479 1583 553 1611 vitae
571 1584 682 1613 obitum
700 1585 752 1614 hac
771 1585 913 1614 sententia
937 1585 1077 1620 perstitit.
1121 1584 1233 1614 Ultimo
1262 1584 1335 1613 enim
1359 1593 1434 1613 anno
1459 1582 1589 1621 imperii,
1611 1580 1778 1611 convocatis
1797 1589 1814 1610 a

303 1637 334 1657 se
356 1629 386 1658 in
404 1629 531 1659 diversas
553 1635 639 1663 urbes
657 1635 804 1672 episcopis
823 1636 985 1672 praecepit,
1008 1642 1061 1672 ut,
1087 1635 1218 1664 collectis
1241 1643 1354 1671 patrum
1377 1634 1519 1670 decretis,
1541 1632 1710 1661 catholicam
1729 1631 1813 1660 fidem

303 1678 414 1708 firmius
429 1681 590 1711 stabilirent
605 1692 636 1711 ac
653 1686 815 1720 munirent3
841 1695 912 1721 quae
929 1686 1042 1722 singula
1060 1686 1222 1722 coEgissent
1238 1685 1382 1721 concilia,
1397 1694 1429 1714 ea
1444 1685 1526 1714 effata
1540 1683 1596 1711 sibi
1612 1682 1790 1711 traderentur
1804 1701 1818 1718 ,

304 1736 336 1758 ut
356 1729 431 1758 facta
447 1740 545 1759 eorum
567 1734 741 1771 collatione,
764 1742 797 1763 ea
819 1742 891 1770 quae
915 1734 1053 1763 omnibus
1076 1733 1157 1763 utilia
1184 1732 1374 1770 viderentur,
1403 1736 1514 1771 populo
1538 1733 1808 1764 commendarentur

305 1782 503 1819 cognoscenda
525 1784 540 1819 (
551 1784 599 1820 4).
1765 1820 1788 1852 F

1788 1829 1818 1850 a·

336 1900 403 1936 (ι)
423 1902 560 1928 schrockh
571 1922 579 1934 ,
599 1909 618 1930 t.
631 1902 733 1930 XXI-ll.
749 1912 776 1937 p·
796 1912 842 1937 123
859 1913 918 1939 sqq.

336 1947 379 1981 (2
393 1949 405 1978 )
423 1947 482 1974 Vld.
499 1956 532 1981 ep
559 1958 599 1976 20.
617 1957 657 1982 ap.
673 1950 760 1984 Bouq.
779 1959 806 1984 p.
821 1951 880 1983 632.
907 1951 991 1985 Capit.
1006 1953 1058 1979 ine.
1073 1959 1097 1979 a.
1120 1960 1144 1979 c.
1163 1961 1206 1986 29.
1224 1960 1266 1986 ap.
1282 1953 1368 1986 Bouq.
1384 1960 1414 1985 p.
1431 1952 1493 1985 691.

336 1993 402 2028 (s)
423 1996 451 2021 ln
469 1997 551 2021 Cone,
571 1997 693 2028 Aquisgr.
711 2005 735 2024 a.
749 1999 807 2031 789.
826 2005 854 2025 c.
866 1999 911 2032 76.
929 2007 970 2032 ap.
985 2001 1073 2026 Baluz.
1092 2007 1120 2032 p.
1136 2007 1194 2032 239.

337 2038 406 2075 (4)
426 2043 492 2068 Anu.
511 2042 554 2067 Fr.
574 2043 648 2069 Lois.
662 2050 705 2076 ap.
721 2045 752 2070 B.
770 2052 796 2077 p.
813 2045 856 2072 62.
883 2046 984 2074 cirron.
1014 2047 1100 2074 Musa.
1119 2055 1146 2080 p.
1160 2049 1202 2073 82.
1220 2053 1264 2079 ap.
1282 2046 1370 2077 Bouq.
1393 2045 1460 2072 Aun.
1485 2044 1527 2072 Fr.
1548 2044 1623 2072 Fuld.
1640 2052 1668 2078 p.
1681 2049 1740 2078 335.
1756 2043 1777 2070 Ι.
1790 2043 1811 2070 i·

304 2088 402 2122 ruga.
416 2089 484 2116 vitae
496 2090 589 2116 Bernh.
602 2090 681 2117 Arch.
694 2090 789 2118 vienn.
806 2100 833 2125 p.
845 2093 889 2120 81.
907 2093 927 2123 l,
940 2093 958 2121 l.
993 2094 1110 2121 Collatio
1124 2100 1253 2120 canonum
1271 2097 1356 2118 exstat
1370 2098 1415 2124 ap.
1427 2091 1525 2118 Mansi.
1542 2097 1563 2119 t.
1576 2090 1649 2118 xw.
1665 2095 1732 2124 9-55
1751 2096 1812 2123 ⁶⁴2⁴}-
