1919 2511
612 153 1014 186 ORATIO.
1404 156 1540 193 ,15

66 238 205 286 spectari
222 238 322 285 solet,
346 244 439 284 cujus
463 240 597 284 quidem
614 239 854 284 therapeutices
874 250 1007 273 summa
1025 245 1171 283 potestas
1202 240 1238 273 in
1264 249 1437 273 armorum
1465 252 1535 274 11011

67 311 227 342 numero,
251 301 309 333 sed
341 297 488 332 efficacia
514 298 668 330 cernitur.

109 358 216 400 Atque
244 358 372 389 utinam
396 356 428 387 in
457 354 521 386 hac
541 364 671 397 quoque
690 363 726 385 re
754 359 894 386 naturae
913 354 1124 386 imitarentur
1142 353 1384 395 simplicitatem
1405 353 1534 395 simpli-

69 415 178 458 cisque
205 413 312 446 studio
335 412 533 444 ducerentur
561 409 701 442 artifices
725 408 856 442 medici.
904 409 1033 453 Quodsi
1058 410 1213 452 simplicis
1238 408 1372 452 cupiam
1399 419 1537 441 sensum

68 470 203 503 medicis
228 470 418 510 excultum,
450 468 515 500 hoc
540 472 710 509 tempore,
740 465 825 507 hoc,
856 466 1015 509 inquam,
1043 471 1191 509 tempore
1222 466 1390 498 excultum
1415 466 1512 509 cupio
1527 489 1536 506 ,

68 537 134 570 quo
159 532 292 559 auctam
323 525 405 558 adeo
428 530 460 557 et
483 521 719 566 amplificatam
744 521 909 554 habemus
932 523 1059 565 sylvam
1082 522 1268 563 medicam,
1298 527 1335 554 ut
1365 533 1433 555 non
1463 523 1540 554 ino—-

68 584 159 627 piam
188 592 383 616 accusemus
406 581 465 614 sed
494 581 604 623 copias
628 585 771 612 nostras.
819 579 886 620 Qui
910 589 987 611 cum
1012 580 1208 622 empiricam
1231 584 1386 612 occaecat
1406 584 1560 621 peritur-w

68 639 190 683 batque
219 639 410 673 divitiarum
435 637 608 681 splendor,
640 636 823 678 simplicem
845 646 914 667 non
942 636 1131 668 occaecabit
1158 642 1215 668 aut
1237 635 1444 679 perturbabit
1466 646 1542 667 me·-

70 694 196 729 dicum.
243 699 276 729 Is
306 695 469 738 siquidem
499 699 639 727 naturae
666 691 814 725 imitatus
841 693 1105 735 simplicitatem,
1140 704 1209 725 non
1240 694 1345 726 multa
1372 690 1541 724 adhibebit

69 757 127 785 aut
152 753 333 786 novissima
357 750 527 791 remedia,
552 749 610 782 sed
631 749 757 791 optima
782 748 942 791 longoque
966 748 1046 781 artis
1074 759 1138 782 usu
1165 749 1392 792 comprobata.
1440 747 1541 792 Quod

68 814 182 841 tamen
205 819 274 841 non
297 819 336 841 eo
363 817 465 840 sensu
490 806 660 849 accipiatis
677 805 795 845 velim,
820 805 859 836 Α.
881 805 942 846 Α.,
967 816 1008 838 ac
1027 815 1053 837 si
1072 807 1260 848 priscarum
1283 816 1397 838 rerum
1421 814 1541 837 amans

69 874 154 898 nova
172 875 319 908 quaeque
336 863 412 897 odio
424 862 583 896 haberem
597 861 673 904 ,sed
689 862 737 894 sic
754 861 893 894 teneatis
911 862 1168 904 cupi0‚nonnisi
1184 867 1257 905 post
1278 862 1424 895 adhibita
1435 886 1444 903 ,
1459 871 1544 904 quae

68 923 289 965 experientiae
305 921 499 953 auctoritate
517 919 650 951 firmata
673 918 760 959 sint,
784 916 950 959 remedia,
970 918 1012 950 ad
1028 929 1114 951 nova
1130 919 1184 951 illa
1199 929 1271 951 esse
1289 918 1541 952 deveniendum.

111 981 227 1022 Neque
258 983 390 1010 tantum
413 977 583 1019 explorata
609 970 756 1007 remedia
781 971 897 1014 novis,
918 984 1035 1007 verum
1058 973 1221 1017 simplicia
1249 985 1379 1018 quoque
1403 974 1544 1016 compli-

70 1033 151 1067 c'atis
171 1033 403 1078 anteponenda
420 1042 493 1065 esse
517 1031 626 1074 jubet,
650 1040 753 1073 quam
772 1029 1068 1071 commendamus,
1092 1031 1172 1063 artis
1195 1031 1398 1073 simplicitas.
1446 1031 1547 1074 Qua--v

67 1096 221 1134 propter,
246 1096 283 1123 ut
305 1089 437 1123 illorum
453 1086 551 1121 nobis
565 1085 786 1130 improbanda
807 1085 936 1119 videtur
961 1086 1065 1127 ratio,
1088 1089 1145 1130 qui
1167 1088 1392 1121 remediorum
1414 1087 1546 1120 formu—

68 1148 118 1181 las
146 1152 263 1180 amant
286 1145 549 1190 sesquipedales,
582 1153 668 1187 quae
694 1143 723 1175 si
753 1141 838 1175 bene
865 1142 1118 1186 responderint,
1147 1144 1227 1187 quid
1249 1155 1291 1181 ex
1319 1150 1414 1177 tanto
1438 1143 1547 1176 medi-

70 1205 241 1237 caminum
263 1213 406 1237 numero
436 1198 617 1245 aegrotanti
639 1198 820 1243 profuerit,
849 1198 1049 1234 morbumve
1078 1201 1264 1243 sustulerit,
1296 1200 1362 1234 dici
1387 1212 1456 1234 non
1481 1209 1545 1242 po-

70 1266 153 1303 test,
176 1261 225 1294 sic
249 1271 313 1294 nec
332 1260 456 1293 horum
486 1258 572 1290 ratio
601 1255 768 1290 laudanda
792 1261 864 1298 est,
887 1256 966 1299 qui,
990 1246 1068 1289 cum
1092 1267 1228 1290 omnem
1253 1258 1367 1290 salutis
1389 1266 1484 1299 spem
1509 1256 1544 1288 in

32 1342 33 1345 η
68 1316 243 1350 medicinis
266 1322 393 1360 ponant
407 1341 417 1358 ‚
451 1312 709 1348 saluberrimam
738 1313 829 1345 illam
855 1313 1015 1357 negligere
1041 1314 1146 1347 solent
1176 1313 1303 1346 diaetae
1338 1313 1544 1353 doctrinam,

70 1382 172 1417 quam
200 1373 284 1405 tanti
305 1373 382 1406 fecit
401 1371 482 1413 ille,
506 1372 600 1413 cujus
629 1379 763 1402 summa
794 1369 884 1412 apud
909 1380 965 1402 me
993 1375 1043 1402 est
1069 1369 1268 1412 auctoritas,
1308 1380 1543 1410 mrmcmrns,

69 1435 107 1462 ut
130 1430 181 1464 vel
207 1429 273 1461 hac
298 1429 367 1461 sola
400 1438 538 1461 omnem
577 1427 645 1459 fere
680 1424 841 1458 contineri
876 1431 1052 1458 acutorum
1089 1427 1296 1459 curationem
1336 1426 1545 1459 existimasse

69 1486 232 1521 videatur.
279 1487 393 1526 Quare
419 1483 592 1524 dolemus,
614 1482 680 1514 hac
702 1483 814 1515 nostra
837 1487 963 1524 aetate,
985 1483 1021 1515 in
1044 1487 1139 1515 tanto
1162 1482 1443 1524 medicaminum,
1468 1482 1548 1526 quin

69 1544 260 1578 toxicorum
284 1544 417 1588 copiam
441 1542 580 1586 augendi
611 1541 731 1575 ardore
756 1552 797 1574 ac
823 1539 955 1580 studio,
987 1538 1076 1571 hanc
1103 1538 1170 1572 fere
1197 1540 1313 1583 negligi
1341 1538 1447 1574 victus
1477 1538 1546 1571 sive

71 1601 197 1634 diaetae
219 1601 424 1642 doctrinam,
448 1599 542 1644 quasi
559 1599 695 1633 venenis
709 1596 933 1632 valetudinem
950 1594 1077 1628 firmari
1099 1594 1301 1640 morbosque
1320 1593 1438 1633 sanari
1462 1604 1546 1638 pos-

70 1668 106 1691 se
127 1657 298 1691 crederent
324 1656 451 1699 nostri,
475 1654 641 1689 alimentis
665 1655 819 1697 victuque
846 1662 915 1685 non
935 1653 1043 1695 Posse.

112 1714 243 1759 Quodsi
270 1725 312 1747 ex
336 1714 471 1748 veritate
497 1718 674 1755 utramque
704 1710 922 1753 dijudicemus
948 1708 1167 1749 medicinam,
1199 1708 1404 1751 videbimus,
1434 1708 1521 1742 illam
1535 1731 1545 1749 ‚

71 1781 156 1815 quae
179 1770 431 1804 medicamentis
452 1768 574 1810 utitur,
598 1767 694 1809 huic,
717 1777 802 1811 quae
821 1767 911 1800 victu
929 1770 1044 1806 curat,
1066 1775 1136 1798 non
1158 1770 1290 1801 tantum
1306 1777 1376 1799 non
1395 1769 1546 1809 praesta-

71 1838 126 1869 re,
148 1836 265 1861 verum
286 1825 424 1859 minoris
442 1836 572 1870 quoque
588 1823 780 1857 habendam
798 1832 872 1855 esse
890 1819 998 1864 pretii.
1044 1822 1134 1853 Nam
1154 1826 1190 1853 ut
1206 1821 1258 1853 illa
1279 1823 1350 1855 sine
1371 1821 1437 1854 hac
1453 1819 1544 1852 nulla

71 1882 221 1928 putanda
242 1887 308 1924 est,
331 1884 379 1916 sic
403 1883 491 1916 hanc
513 1882 620 1915 solam
643 1877 845 1924 gravissimis
866 1876 1092 1912 valetudinum
1112 1877 1286 1919 generibus
1305 1886 1545 1922 saepenumero

72 1940 197 1973 mederi
223 1937 390 1973 novimus.
437 1938 536 1981 Quod
558 1938 683 1971 nemim·
706 1937 832 1969 mirum
856 1934 960 1969 videri
984 1938 1110 1976 potest,
1140 1934 1198 1976 qui
1219 1933 1422 1977 cogitaverit,
1451 1931 1546 1964 diac-

72 1995 206 2030 teticam
233 1996 326 2029 alteri
350 1995 533 2029 medicinae
558 1992 725 2038 duplicem
751 1990 886 2035 quidem
906 1989 950 2023 ob
977 1999 1114 2023 causam
1139 1994 1327 2033 praestare,
1359 1995 1432 2022 tum
1456 1988 1545 2032 quod

72 2053 176 2096 magis
201 2041 340 2084 naturae
362 2051 531 2085 humanae
556 2052 599 2084 sit
621 2054 865 2089 consentanea,
885 2052 960 2079 tum
978 2045 1067 2089 quod
1087 2045 1229 2078 aliorum
1244 2045 1469 2079 remediorum
1486 2054 1549 2076 ac·

74 2110 121 2143 tio
139 2107 232 2143 brevi
256 2107 437 2143 admodum
455 2108 589 2142 finiatur
609 2106 768 2150 temporis
793 2104 919 2148 spatio,
946 2100 1119 2146 diaetetica
1146 2112 1225 2139 vero
1243 2102 1366 2138 auxilia
1385 2101 1428 2136 ad
1446 2109 1546 2133 omne

1467 2165 1546 2201 pert
