1919 2511
294 133 331 164 34
548 120 776 153 CLAUDII
816 119 1047 151 HENRICI
1085 126 1167 148 VAN
1206 118 1555 152 HERWERDEN

585 363 964 397 SEc'rlo
1051 361 1532 396 SECUNDA.

380 471 430 492 Dr.
462 470 648 492 MATERIA
681 470 879 493 RATIONIS
908 468 1092 491 n‘ocnunl
1121 469 1381 492 RELIGIONEM
1411 468 1721 492 cHRISTIANAM.

766 573 983 604 PARS
1062 571 1352 604 PRIOR.

863 662 1261 685 THEORETICA.

444 781 474 817 s.
499 789 527 810 1.
567 779 614 810 De
635 786 709 809 cura
732 788 818 818 quam
845 778 965 808 Carolus
990 777 1119 816 Magnus-
1138 780 1224 817 gesst't
1247 780 1367 818 exempli
1386 780 1493 810 Sacrae
1514 779 1685 819 Scripturae

783 831 871 859 latini
887 832 1050 869 corrigendi
1070 839 1097 862 ct
1119 832 1344 871 interpretandi.

306 895 382 961 Sic
405 931 501 968 itaque
515 931 656 961 absolutis
674 931 709 960 iis
723 951 734 967 ‚
756 941 826 968 quae
845 933 969 963 Car01us
994 933 1119 971 Magnus
1146 934 1241 971 quoad
1264 933 1386 963 formam
1412 933 1531 964 rationIS
1559 934 1681 964 docendi
1700 934 1817 972 religio·

304 991 368 1013 nem
385 983 598 1017 Christianam,
612 984 641 1013 in
659 984 793 1013 ecclesiae
810 986 857 1014 vel
875 986 1077 1021 commodum,
1099 986 1145 1014 vel
1165 985 1366 1014 detrimentum
1385 985 1563 1021 instituerit,
1579 986 1635 1023 jam
1652 994 1704 1023 age
1714 986 1818 1016 ‘videa-

305 1042 367 1063 mus
387 1043 470 1070 quam
489 1043 603 1070 operam
628 1035 658 1064 in
677 1035 805 1072 ejusdem
829 1036 971 1065 materiam
995 1036 1115 1066 navarit.
1155 1035 1271 1064 Initium
1290 1035 1421 1064 ducimus
1437 1045 1453 1064 a
1471 1036 1583 1064 Codice
1601 1036 1712 1072 Sacro,
1733 1044 1818 1074 prae·

303 1084 390 1121 cipuo
410 1094 441 1115 ac
460 1085 606 1115 uberrimo
628 1085 822 1115 doctrinarum
849 1086 883 1115 ad
907 1086 1075 1123 religionem
1096 1086 1300 1124 pertinentium
1326 1086 1407 1115 fonte
1433 1093 1519 1123 atque
1543 1087 1702 1124 principio.

341 1138 375 1167 In
398 1138 599 1168 constituenda
623 1147 767 1167 sacrorum
790 1139 931 1168 librorum
957 1138 1030 1167 serie
1045 1158 1056 1173 ,
1085 1138 1122 1166 ab
1145 1137 1275 1167 ecclesiis
1302 1137 1400 1166 divina
1425 1138 1628 1174 agnoscenda,
1658 1137 1819 1169 Laodicen·

303 1189 343 1219 sis
364 1189 481 1219 concilii
507 1190 652 1219 decretum
679 1196 821 1224 sequutus
844 1196 889 1218 est
908 1189 1036 1224 adeoque
1062 1189 1246 1225 apocryphos
1265 1188 1307 1218 V.
1328 1188 1369 1218 T.
1394 1189 1485 1218 libros
1512 1195 1539 1218 et
1562 1190 1749 1228 apocalypsin
1766 1191 1820 1230 Jo·

304 1241 440 1271 hanneam
468 1241 567 1278 rejecit
597 1240 677 1278 (ι).
718 1240 817 1270 Caroli
843 1242 929 1279 Jussu
956 1240 1099 1270 Alcuinus
1126 1240 1260 1275 studuit,
1298 1246 1331 1268 ut
1359 1239 1493 1269 Latinam
1517 1239 1699 1277 versionem,
1727 1241 1819 1277 negli-

306 1292 400 1329 gentia
429 1292 586 1321 scribarum
614 1291 693 1321 vitiis
719 1291 877 1329 infectam,
903 1298 1039 1329 purgaret
1064 1297 1151 1326 atque
1175 1290 1339 1319 emendaret
1369 1291 1448 1325 (α).
1486 1290 1658 1319 Psalterium
1681 1291 1766 1329 J'ussu
1790 1291 1820 1320 et

305 1341 380 1371 cura
395 1344 448 1370 sua
463 1343 567 1372 litteris
593 1342 686 1371 aureis
711 1350 877 1378 exaratum,
900 1343 1024 1372 Carolus
1047 1342 1124 1371 dono
1143 1341 1220 1371 dedit
1236 1341 1380 1370 Hadriano
1398 1339 1535 1369 Pontifici
1555 1340 1705 1376 Maximo,
1726 1341 1821 1371 versi·

305 1391 378 1421 culis
401 1391 571 1428 quibusdam
593 1393 763 1430 inscriptis,
788 1394 854 1431 (3,)
872 1394 935 1423 aevi
954 1393 999 1422 sui
1014 1392 1146 1428 Principe
1165 1400 1345 1428 nequaquam
1368 1390 1494 1427 indignis
1515 1390 1589 1429 (4).
1628 1392 1657 1420 A
1679 1391 1818 1421 Francico

304 1442 442 1472 historico
464 1441 604 1479 Thegano
626 1444 771 1479 proditum
796 1451 840 1472 est
868 1445 959 1481 (5),
990 1443 1127 1473 Carolum
1151 1451 1226 1472 anno
1252 1448 1316 1471 ante
1336 1441 1449 1470 obitum
1470 1441 1595 1477 ultimo,
1618 1450 1706 1477 quum
1724 1442 1823 1478 preci·

304 1494 359 1523 bus
386 1493 539 1522 fundendis
552 1513 563 1528 ,
585 1494 774 1530 eleemosynis
791 1494 892 1523 dandis
905 1515 915 1529 ,
934 1501 963 1523 et
978 1502 1063 1522 manu
1086 1493 1202 1530 scriptis
1223 1493 1325 1521 Sacrae
1348 1492 1511 1528 scripturae
1534 1492 1684 1521 codicibus
1702 1491 1821 1523 studen-

305 1545 349 1575 dis
367 1546 564 1580 incumberet,
586 1553 710 1582 quatuor
725 1548 871 1584 euangelia
889 1546 1049 1576 correxisse
1067 1544 1221 1582 praeprue
1242 1552 1308 1572 cum
1329 1542 1449 1571 Graecis
1466 1543 1616 1580 Syrisque.
1657 1541 1752 1580 Cujus
1770 1544 1817 1573 10·

307 1596 334 1625 ei
357 1595 499 1631 duplicem
521 1596 581 1625 vidi
609 1597 842 1634 explicationem.
883 1599 958 1627 Sunt
985 1598 1063 1627 enim·
1083 1597 1133 1633 qui
1155 1605 1189 1624 ex
1210 1604 1248 1624 eo«
1278 1594 1459 1631 conficiant,
1485 1594 1645 1631 Carolum,
1675 1602 1764 1630 quum
1788 1593 1820 1623 id

309 1646 450 1683 temporis
471 1645 537 1674 libri
555 1649 611 1676 una
626 1650 705 1679 serie·
727 1658 786 1679 non
807 1658 877 1678 vero
896 1650 1017 1685 punctis.
1034 1647 1188 1678 diacriticis
1212 1646 1341 1675 distincti
1368 1646 1456 1674 scribi
1473 1647 1618 1681 solerent,
1646 1652 1731 1673 usum
1754 1652 1822 1673 esse

309 1698 487 1728 Graecorum
513 1696 712 1733 syrorumque
740 1701 871 1734 exemplo
891 1700 993 1729 Sacrae
1017 1699 1204 1735 Scripturae,
1233 1698 1269 1726 ad
1292 1696 1523 1730 orthographiam
1549 1695 1649 1723 melius
1674 1695 1821 1725 instruen-

311 1749 373 1779 dam
392 1749 474 1786 (6).
513 1747 618 1776 Putant
640 1756 709 1777 vero
737 1748 809 1784 alii,
836 1756 931 1785 regem
955 1747 1061 1777 auxilio
1088 1746 1193 1776 Graeci
1213 1753 1245 1774 ac
1268 1745 1335 1782 Syri
1359 1745 1482 1782 exempli
1503 1747 1662 1783 exemplum
1681 1746 1821 1777 Latinum

1758 1802 1830 1827 cor&

351 1877 416 1913 (t)
434 1876 498 1906 vid.
510 1878 621 1909 Heme,
639 1887 668 1912 p.
683 1886 744 1911 520.
882 1878 946 1915 (α)
964 1880 1025 1908 vid.
1039 1878 1190 1908 Schrdckh‚
1209 1883 1229 1903 t.
1244 1876 1314 1903 XIX.
1332 1884 1359 1910 p.
1374 1882 1433 1908 133.

351 1924 388 1958 (³
400 1924 420 1959 ).
433 1924 511 1958 Quos
527 1924 705 1957 habenBouq.
722 1933 752 1957 p.
765 1932 830 1957 404.
959 1925 976 1959 (
985 1926 1025 1959 4)
1043 1926 1102 1952 vid.
1115 1923 1250 1951 Schr'o‘ckh
1261 1941 1268 1953 ‚
1286 1929 1310 1949 t.
1322 1924 1346 1950 l..
1359 1931 1387 1955 p.
1399 1923 1441 1955 48.

351 1970 416 2004 (5)
434 1972 479 1997 De
494 1972 574 2002 gestis
588 1971 696 1997 Ludov.
710 1971 740 1997 Ρ.
757 1971 818 2004 imp.
837 1979 867 2004 p.
880 1978 941 2004 277.
960 1972 993 1998 T.
1009 1971 1046 1997 1·1.
1063 1971 1162 2003 scriptt.
1179 1969 1239 1995 hist.
1255 1969 1349 1995 Franc.
1363 1967 1545 1996 ed..Chesnii<„

354 2014 422 2050 (26)
438 2016 479 2042 Sic
493 2014 600 2051 Simon,
615 2016 727 2043 HIstoire
741 2017 803 2043 crit.
818 2016 862 2043 des
880 2017 1000 2044 versione
1015 2016 1050 2042 du
1068 2016 1110 2043 Na
1120 2016 1154 2043 Τ.
1171 2022 1202 2048 p.»
1213 2021 1274 2045 100,
1294 2019 1355 2041 101.
