1919 2511
338 101 568 140 Responsm
583 114 638 137 im
667 100 985 144 omissi-mmm
1018 100 1352 134 THEOLOGICAM.
1569 105 1608 134 43

97 190 164 230 daim
191 184 302 223 inutilis
329 199 372 222 est
395 193 424 220 et
445 191 529 227 plane
552 189 689 219 mittenda
713 183 837 218 videtur.
878 188 906 217 A
930 188 1039 220 Carolo
1061 191 1215 222 propterea
1242 190 1319 212 mota
1346 181 1479 216 videtur,
1508 177 1606 216 quodg

96 247 188 281 cunm
206 246 248 274 uti
267 253 353 274 unum
373 242 430 272 sibi
446 242 561 271 suberat
581 234 730 277 imperium
743 259 753 275 ,
775 238 813 267 ita
833 247 951 275 quoque
967 246 1051 267 unam
1071 237 1101 265 in
1121 235 1255 264 omnibus
1271 232 1493 262 consentientem
1513 231 1604 258 eccle·

92 298 174 328 siam
190 305 253 326 esse
275 295 467 329 desideraret,
490 293 617 328 reliquos
641 291 763 321 Latinos
789 297 882 319 autem
902 299 917 319 a
935 289 1029 318 Gallis
1056 286 1255 323 Hispanisque
1278 284 1432 314 dissentire
1451 285 1603 317 cerneret,

93 344 122 379 in
148 349 214 377 ΞΜ
230 354 309 384 parte
335 345 482 383 symboli3
514 345 568 373 hoc
591 343 749 372 discrimen
776 342 899 377 tollere,
924 346 967 369 et
977 340 1012 368 ad
1032 346 1121 367 unum
1148 342 1323 365 concentum
1353 341 1451 362 omnes
1475 331 1603 367 redigere

93 403 259 439 flagraret.
277 399 324 428 Sic
344 399 432 435 igitur
454 397 603 426 universae
627 393 796 425 concordiae
820 392 897 422 forte
921 391 1054 429 profuit,
1071 397 1143 425 quae
1166 395 1259 417 tamen
1278 385 1354 414 haud
1370 383 1521 420 periisset,
1543 389 1605 410 cre-

92 455 155 487 do,
183 453 229 482 vel
255 450 337 480 etiam
362 439 532 478 conturbata
559 447 688 482 fuisset,
710 445 735 474 si
760 445 858 474 Latini
878 444 1020 472 diversum
1045 439 1221 471 cecinissent
1250 436 1426 473 symbolum
1467 433 1510 463 At
1531 440 1601 462 vero

92 504 235 535 levissima
251 503 321 532 haec
347 500 544 531 controversia
562 507 622 529 non
657 504 785 535 magnam
812 495 871 525 vim
897 495 926 524 in
951 492 1099 523 ecclesiam
1121 489 1313 520 Christianam
1340 484 1476 515 exercuit.

130 557 185 587 lV.
223 553 437 591 Religiosarum
460 550 679 581 contentionum
696 570 706 585 ‚
739 556 858 584 quarum
883 546 942 575 dux
967 551 996 574 et
1023 550 1125 573 auctor
1154 541 1279 571 Carolus
1309 538 1436 574 Magnus
1462 534 1571 564 exstitit
1588 554 1599 569 ,

92 605 172 640 nulla
193 606 250 636 fuit'
272 607 303 635 ea
325 604 459 641 graviori,
483 610 566 638 quam
593 601 628 629 de
646 601 728 629 cultu
744 597 898 634 imaginum
923 594 1071 625 conflavit.
1112 593 1222 621 Harum
1244 597 1388 622 caussam,
1410 587 1475 616 inde
1492 595 1506 615 a
1523 586 1602 614 Leo-

92 663 130 694 ne
149 657 297 693 Isaurico,
319 656 354 685 ad
374 654 517 691 synodum
541 658 648 681 sextam
670 650 880 679 oecumenicam
893 666 903 686 ,-
920 648 1179 685 Constantinopoli
1200 646 1326 675 habitam
1339 663 1349 678 ,
1368 651 1460 678 usque
1483 641 1602 671 derelic-

90 715 169 758 tam.)
197 711 318 739 alterum
336 706 495 735 Nicaenum
517 703 674 733 concilium
698 708 864 739 susceperat
888 705 920 732 ae
946 702 1102 737 pertulerat
1122 703 1202 739 (ι)
1242 697 1367 726 Caiolus
1383 696 1490 732 igitur,
1506 692 1604 729 Pipini

89 761 194 805 p‘atris
194 759 324 796 vestigiis
343 757 479 787 insistens
491 776 502 792 ‚
522 755 592 791 qui,
610 763 675 783 cum
693 761 777 791 aegre
792 754 899 788 ferret,
920 753 1073 787 homines,
1091 760 1158 787 prae
1175 751 1285 779 honore
1302 748 1407 778 sanctis
1423 746 1513 776 tribui
1531 745 1603 775 soli

86 822 139 850 to,
150 810 248 850 ipsius
266 809 322 839 Dei
341 808 379 839 O
400 808 449 837 M.
471 806 624 841 oblivisci,
642 805 766 842 ideoque
781 807 906 834 carmina
922 812 1000 833 sacra
1015 804 1051 832 ad
1068 802 1123 831 Dei
1139 802 1231 831 solius
1249 802 1388 829 honorem
1414 798 1477 827 cani
1496 795 1602 835 jussis·

89 866 134 895 se't
150 864 236 908 (e),
256 861 361 890 librum
380 860 427 888 vel
448 858 511 894 ipse
527 856 666 893 scripsit,
687 857 735 886 vel
751 865 767 886 a
779 857 865 885 docto
884 856 1027 892 quodam,
1048 852 1205 884 Alcuinum
1220 853 1354 882 nonnulli
1369 852 1497 888 cogitant
1514 849 1611 886 (3),

86 910 178 946 scribi
188 909 257 949 fecit
268 932 279 949 ,
297 920 354 947 quo
374 910 597 939 iconolatrarum
613 910 723 936 errores
741 907 879 936 refutaret
895 916 927 936 ac
945 908 1057 936 cultum
1074 912 1172 935 eorum
1189 903 1367 940 reprobaret.
1395 902 1482 931 Hunc
1500 888 1614 929 librum*

90 963 120 996 in
139 964 270 1002 synodo,
287 957 489 993 Francofurti
510 968 585 988 anno
610 957 816 992 DCCXCIV,
844 958 957 993 habita,
985 956 1181 993 publicavisse
1206 954 1340 990 videtui-3
1364 953 1500 989 Synodus
1515 958 1611 982 autem

88 1014 254 1053 imperatori
274 1013 397 1042 assensit
413 1021 444 1041 ac
462 1010 584 1040 solemni
601 1010 738 1040 adversus
754 1010 902 1039 Nicaenos
921 1011 1016 1045 patr'es
1037 1008 1153 1036 decreto
1174 1005 1284 1034 edendo
1306 1003 1485 1041 imperatoris
1501 1003 1612 1032 doctri-·

89 1066 243 1098 na‘ni‘tuita
268 1070 311 1093 est
332 1065 415 1102 (4).
453 1062 562 1097 Neque
581 1067 675 1090 tamen
697 1068 748 1090 aut
771 1061 915 1093 Carolus,
944 1062 994 1088 aut
1016 1064 1113 1095 patres
1135 1056 1395 1086 Francofurten'ses
1413 1056 1449 1084 ad
1461 1055 1612 1084 iconoma-

89 1116 164 1149 citos
176 1115 337 1147 referendi
343 1120 429 1148 sunu
449 1122 466 1143 a
481 1112 587 1150 quibus
606 1118 663 1141 tam
679 1113 735 1141 late
752 1112 859 1142 distant
871 1131 881 1147 ‚
902 1117 935 1140 ut
955 1109 987 1139 hi
1005 1109 1063 1146 ipsi
1080 1108 1111 1138 in
1136 1108 1220 1138 libris
1242 1107 1389 1137 Carolinis
1406 1106 1512 1136 diserte
1534 1114 1613 1136 con-v

88 1160 259 1199 defflnentur
280 1170 296 1206 (
306 1173 323 1203 5
334 1167 374 1204 ).
838 1183 841 1187 .
1166 1181 1179 1184 A

105 1212 196 1266 Quo
224 1215 347 1247 nomine
362 1224 435 1245 vero
447 1215 624 1245 iconolatros
646 1204 858 1250 condemnent,
875 1206 1044 1243 videamus.
1075 1211 1122 1241 Ab
1139 1210 1186 1241 his
1208 1210 1353 1240 deci-'etum
1369 1216 1450 1243 erat,
1472 1208 1602 1239 omnium

88 1262 253 1302 sanctorum
277 1268 415 1305 imagines
439 1275 499 1297 non
527 1268 622 1296 solum
651 1266 769 1303 publice
793 1272 879 1303 atque
905 1264 936 1293 in
968 1262 1086 1292 aedibus
1113 1264 1205 1299 palam
1230 1263 1294 1292 esse
1318 1260 1523 1296 collocandas,
1550 1259 1612 1288 sedv

90 1330 209 1360 quoque
226 1319 395 1349 osculandas
417 1327 450 1347 ac
467 1317 630 1348 honorifica
648 1317 778 1347 oratione
795 1315 1034 1354 prosequenda53
1058 1315 1231 1352 (ἀσπασμὸν
1244 1314 1290 1343 καῖ
1307 1316 1441 1348 ram-mm
1459 1310 1614 1347 moenum--

88 1373 130 1405 σ’-ιν
133 1364 291 1409 aiu-lusam
300 1372 338 1417 )·
330 1392 340 1407 ,
362 1368 458 1410 neque
481 1376 575 1398 tamen
598 1377 661 1397 eum
684 1370 795 1398 cultum
812 1367 847 1396 iis
865 1366 1079 1396 attrlbuendum
1097 1370 1180 1400 esse‚
1199 1364 1250 1400 qui
1270 1364 1318 1401 pia
1334 1372 1365 1392 ac
1384 1362 1490 1392 devota
1510 1364 1604 1390 mente

89 1425 156 1455 Deo
178 1423 235 1453 soli
262 1414 402 1456 offertur,
424 1420 475 1449 sed
498 1420 614 1449 incensa
631 1428 663 1448 ac
680 1420 808 1455 lumina,
831 1426 923 1455 quae,
948 1425 983 1446 ex
1007 1416 1064 1445 ritu
1084 1414 1312 1452 antiquissimo,
1329 1413 1429 1449 cruci,
1447 1412 1604 1449 evangeliis

89 1484 122 1505 ac
139 1474 259 1510 reliquis
277 1471 471 1518 monumentis
490 1471 578 1500 sacris
595 1476 822 1507 consecrantur,
843 1469 1014 1506 imaginibus
1036 1476 1100 1496 esse
1116 1466 1308 1496 consecranda
1326 1465 1380 1502 (οὗ
1396 1466 1450 1500 μην
1465 1466 1555 1495 πίστιν
1576 1463 1608 1497 ἧ-

70 1529 151 1563 Δμῶν
173 1525 298 1559 ἀληθινῠν
323 1523 453 1559 muciam
468 1543 478 1558 ‚
508 1522 524 1557 ἦ
548 1521 645 1559 πρέπει
669 1523 772 1559 udum-fi
795 1523 842 1560 θεᾷ
863 1520 949 1559 φύσει
973 1531 1001 1550 κ.
1019 1531 1049 1549 r·
1074 1526 1105 1548 λ
1115 1517 1130 1555 )
1159 1518 1239 1555 (5).
1285 1516 1333 1546 Ex
1358 1524 1417 1552 quo
1443 1517 1509 1544 loco
1532 1514 1612 1543 haud

91 1576 179 1607 dubie
203 1575 343 1609 efficitur,
371 1580 467 1611 patres
487 1572 635 1602 Nicaenos
660 1574 770 1611 optime
799 1571 966 1602 distinxisse
991 1569 1101 1600 cultum
1121 1576 1153 1598 et
1177 1567 1370 1597 adorationem
1395 1566 1501 1603 quibus
1525 1565 1605 1594 Deus

92 1627 279 1658 honorandus
310 1631 354 1654 est
371 1631 392 1660 ‚¹
411 1633 427 1653 a
461 1625 543 1653 cultu
574 1630 603 1653 et
628 1623 795 1654 adoratione
827 1626 919 1660 quam³
939 1623 1102 1651 sanctorum
1134 1617 1305 1657 imaginibus
1330 1616 1467 1655 praestari
1491 1615 1606 1653 jubent.

91 1676 160 1708 Hoc
185 1676 348 1706 honorandi
372 1685 462 1713 genus
486 1676 677 1713 προσκυνήσω,
697 1673 775 1704 illud
793 1674 925 1712 λάε-[μείων
944 1678 1063 1703 vocant,
1103 1671 1167 1700 Eos
1187 1674 1281 1698 autem
1305 1667 1356 1696 illo
1379 1666 1521 1696 vocabulo
1544 1675 1608 1695 om-

92 1727 164 1760 nino¹
190 1727 272 1758 aliam
293 1735 350 1755 rem
370 1726 530 1764 significare
555 1726 705 1761 voluisse,
729 1724 813 1761 quam
837 1730 910 1761 quae
929 1724 1019 1759 vulgo
1037 1720 1183 1750 adoranda·
1197 1728 1271 1749 voce
1287 1718 1447 1753 indicatur,
1470 1717 1552 1747 etiam
1569 1725 1604 1747 ex

94 1779 152 1810 alio
167 1781 236 1810 loco
253 1778 410 1807 clarissime
425 1784 521 1815 patet,
543 1786 605 1815 quo
634 1799 653 1815 „
669 1777 826 1815 imagines,
846 1775 1004 1812 inquiunt,
1019 1772 1177 1803 adorandae
1187 1790 1198 1808 ‚
1216 1771 1246 1800 id
1261 1777 1325 1807 est,
1340 1769 1502 1799 salutandae
1517 1775 1585 1798 sunt
1595 1789 1607 1804 ,

110 1866 195 1904 (1)
218 1868 284 1894 Acta
305 1873 403 1893 exstant
427 1875 469 1901 ap.
486 1868 570 1894 Mansi
590 1873 609 1894 t.
624 1865 701 1894 xm.
835 1862 898 1898 (2)
919 1863 979 1891 Vid.
995 1864 1127 1896 Basnage,
1143 1861 1206 1888 hist.
1221 1860 1255 1886 de
1271 1860 1371 1893 l'eglise
1388 1867 1415 1892 p.
1432 1858 1505 1886 1288.
1551 1821 1610 1850 hoc

116 1914 195 1951 -(3)
217 1914 278 1941 vid.
299 1913 432 1940 Schrockh
442 1931 452 1945 ‚
469 1920 488 1941 t.
503 1915 561 1941 XX.
584 1922 614 1947 p.
625 1914 683 1946 587.

131 1960 195 1999 (¹4)
210 1961 277 1987 Ann.
301 1960 343 1987 Fr.
364 1960 421 1986 Pet.
443 1968 470 1993 p.
485 1966 529 1993 49.
551 1966 594 1992 ap.
619 1960 726 1991 Bouq.‚
750 1957 820 1984 Ann.
845 1956 887 1982 Fr.
911 1954 990 1981 Fuld.
1010 1964 1038 1989 p.
1055 1961 1114 1987 330.
1137 1954 1155 1980 1.
1173 1954 1193 1981 l.
1212 1953 1312 1981 Chron.
1337 1951 1421 1979 Muss.
1442 1959 1471 1985 p.
1489 1956 1533 1987 75.
1550 1952 1569 1978 1.
1588 1951 1608 1979 1.

97 2008 194 2040 Eginh.
213 2014 271 2033 ann.
287 2014 315 2039 p.
332 2013 391 2032 211.
411 2006 429 2033 l.
446 2007 465 2032 l.
486 2006 565 2033 Poet.
583 2007 642 2032 sax.
665 2006 684 2031 l.
701 2003 752 2031 111.
778 2010 820 2029 vs·
835 2009 898 2035 320.
920 2009 979 2034 sqq.

132 2051 196 2087 (5)
211 2051 275 2079 vid.
293 2053 362 2078 actio
376 2058 402 2085 7.
423 2060 465 2086 ap.
480 2052 584 2084 Mami,
601 2052 618 2078 1.
636 2053 654 2078 1.
671 2059 698 2085 p.
710 2050 768 2085 378.
896 2080 919 2110 F

940 2089 957 2111 2
