1919 2511
292 120 328 144 10
540 107 765 143 cLzAUmt
806 107 1036 141 HENRICI
1075 117 1156 142 VAN
1194 112 1575 157 HERWERDEN·

291 196 372 232 plum
387 199 416 224 et
433 192 582 230 imaginem
599 193 799 228 destruxerat,
815 200 886 229 opes
900 191 1056 228 diripuerat
1068 212 1080 228 ‚
1096 191 1223 225 hostium
1240 197 1385 234 regionem
1402 205 1581 238 vastaverat,
1600 199 1632 231 in
1648 200 1671 230 F
1675 200 1802 231 tantiam·

293 254 426 275 reversus
451 253 526 276 esset
543 246 632 284 (ι),
662 246 791 276 Saxones
814 245 909 273 denuo
934 252 1010 273 arma
1038 252 1190 274 moverunt
1217 247 1296 285 (α).
1337 250 1428 286 Igitur
1450 259 1501 280 eos
1528 260 1588 281 non
1613 252 1699 281 modo
1721 252 1801 289 sibi,

289 298 340 326 sed
359 297 443 326 etiam
459 297 579 328 Christo
598 296 746 334 subjectos
763 296 881 326 reddere
902 295 1068 325 constituit.
1111 298 1168 326 Cui
1191 308 1258 330 mox
1283 303 1367 331 multi
1390 311 1495 333 nomen
1512 304 1662 334 dederunt.
1703 305 1799 343 Quam

289 349 336 385 pia
360 358 391 379 ac
409 349 519 380 sincera
537 356 631 379 mente
645 350 774 379 advertas
794 357 913 386 quae50.
953 348 1031 377 Ecce
1051 348 1254 387 Witekindus,
1278 353 1328 388 qui
1357 362 1387 382 se
1408 355 1443 383 ad
1461 355 1586 385 Francos
1605 354 1798 392 aufugiendos

289 401 318 429 in
333 400 540 432 Normanniam
562 402 744 437 contulerat,
765 402 800 430 ad
817 401 947 432 Saxones
959 419 970 436 ‚
986 400 1017 430 in
1034 401 1153 437 patriam
1167 403 1260 433 redit!
1284 405 1331 433 Ad
1346 406 1505 436 libertatem
1516 429 1528 440 „
1544 408 1578 436 ad
1596 407 1746 442 instituta,
1762 407 1798 436 ad

286 454 364 483 Deos
381 456 519 493 majorum
530 476 542 492 ,
561 455 699 492 sanguIne
712 454 921 490 recuperandos
941 461 972 482 ac
989 454 1132 490 tuendos,
1150 454 1229 484 cives
1253 464 1323 485 suos
1340 464 1452 487 evocat.
1493 458 1585 494 Igitur
1600 467 1700 487 omnes
1721 457 1798 486 sedi-

278 505 362 536 vtione
378 506 496 544 agitari,
518 506 617 536 Caroli
631 505 797 542 religionem
815 505 951 543 rejicere,
969 505 1131 540 exsecrari,
1151 506 1276 542 oppida,
1299 516 1372 542 quae
1387 515 1586 539 construxerat
1597 529 1608 545 ,
1630 509 1794 538 incendere.

585 558 707 588 Cunctas
726 566 797 595 quas
810 563 947 596 poterant
965 556 1051 586 villas
1068 556 1204 586 invadere
1219 557 1346 595 flammis

580 608 768 641 tradiderant
783 627 795 644 ‚
812 610 879 646 ipsis
899 609 984 636 etiam
1005 617 1060 638 non
1078 610 1127 638 νὶα
1142 611 1270 648 pepercit

583 662 721 696 ecclesiis,
743 670 793 689 nec
810 667 875 689 erat
894 661 1037 689 hominum
1055 660 1148 689 caedis
1169 660 1264 690 modus
1284 661 1372 692 ullus.

587 712 656 742 Non
675 711 794 750 aliquod
809 721 910 747 sexus,
930 714 1055 748 aetatis,
1075 712 1244 742 conditionis

584 764 692 793 nullius
703 763 796 801 furor
815 766 932 793 immitis
952 763 1104 793 discrimen
1124 765 1246 802 agebat,-

576 816 671 844 omnia
690 814 739 843 sed
748 814 867 852 fhrrum
887 816 933 844 vel
950 815 1024 844 edax
1042 822 1233 845 consumserat
1251 817 1342 854 ignis.

580 864 656 894 Hinc
677 875 730 895 non
745 865 912 905 praedandi
929 867 1042 904 studio,
1063 866 1113 896 sed
1130 874 1160 896 us
1183 867 1252 896 ultio
1273 865 1415 904 quaedam

581 918 613 945 in
632 917 758 948 Francos
773 916 876 953 fieret,
896 918 944 947 hoc
964 926 1005 947 eos
1021 919 1136 956 gessisse
1150 917 1293 956 probatur
1312 918 1329 955 (
1343 917 1398 954 3).

315 966 394 996 Haec
424 965 564 997 Saxones.
612 967 738 997 Carolus
766 968 919 997 vindictam
948 976 1008 997 non
1030 968 1154 999 distulit.
1196 970 1273 998 Cum
1299 969 1426 998 exercitu
1444 969 1474 998 in
1500 977 1550 997 eos
1573 967 1794 1006 proficiScitur,

277 1019 427 1055 omniaque
442 1019 568 1061 incendit
588 1028 620 1049 ac
637 1020 758 1056 diripit,
780 1029 814 1049 eo
833 1028 972 1050 successu
987 1020 1119 1057 scilicet,
1142 1027 1173 1049 ut
1192 1022 1280 1049 multa
1305 1020 1392 1049 millia
1412 1020 1580 1056 hominum,
1602 1019 1710 1049 relictis
1728 1019 1792 1048 ido-

275 1071 329 1103 lis,
351 1079 450 1100 verum
468 1072 562 1100 Deum
587 1072 718 1100 adorent.
771 1071 863 1108 Igitur
888 1071 970 1100 aedes
1003 1080 1098 1101 sacrae
1131 1072 1336 1108 aedificantur,
1367 1071 1492 1101 ministri
1513 1072 1662 1108 religionis
1684 1071 1794 1107 regioni

274 1129 489 1159 praeponuntur
505 1123 586 1159 (4).
629 1124 669 1152 At
689 1122 889 1151 Witekindum
908 1122 1035 1151 nondum
1063 1123 1224 1153 domuerat.
1266 1124 1368 1152 Slavos
1383 1123 1430 1151 hic
1447 1123 1588 1159 suscitat,
1608 1129 1641 1151 ut
1663 1122 1793 1151 Thurin-

274 1174 346 1210 giam
363 1174 507 1204 invadant.
549 1174 597 1202 Ad
620 1182 694 1209 quos
723 1174 904 1209 repellendos
928 1182 960 1202 ac
982 1173 1167 1203 debellandos
1184 1175 1272 1203 additi
1285 1175 1401 1204 Francis
1426 1174 1575 1210 Saxones,
1599 1174 1697 1202 subito
1711 1173 1793 1209 ipsos

276 1234 345 1254 suos
366 1227 463 1267 socios
487 1233 515 1254 et
544 1225 677 1254 dominos
704 1224 928 1262 aggrediuntur,
963 1232 1145 1261 stragemque
1164 1235 1264 1255 eorum
1294 1226 1440 1262 ingentem
1467 1227 1555 1255 edunt
1577 1224 1652 1261 (5).
1699 1224 1729 1253 A
1749 1231 1795 1252 re·

273 1287 307 1315 ge
320 1298 329 1314 ‚
347 1277 572 1306 fortissimorum
593 1286 712 1306 suorum
732 1277 880 1307 hominum
899 1277 978 1306 clade
989 1277 1175 1314 exacerbato,
1193 1284 1316 1314 quatuor
1328 1277 1416 1306 millia
1433 1284 1461 1306 et
1478 1276 1627 1313 quingenti
1644 1275 1792 1305 Saxonum

273 1330 453 1366 captivorum
479 1329 508 1359 in
535 1329 636 1359 castris
661 1329 754 1366 capite
780 1335 949 1359 truncantur
970 1328 1052 1366 (6).
1093 1328 1172 1357 Tum
1189 1329 1224 1357 ad
1239 1337 1316 1358 arma
1342 1336 1411 1365 gens
1428 1328 1562 1356 universa
1577 1328 1672 1362 volat3
1694 1334 1789 1362 regem

270 1390 327 1410 uno
350 1389 425 1411 anno
446 1381 491 1410 bis
517 1390 615 1410 secum
639 1380 699 1409 acie
722 1380 855 1409 dimicare
875 1381 968 1417 cogit.
1020 1380 1145 1410 Primum
1172 1390 1265 1417 aequo
1287 1387 1375 1410 marte
1396 1386 1541 1415 certatur,
1571 1385 1640 1415 post
1662 1377 1786 1413 Franci,

270 1436 361 1465 auctis
386 1436 561 1473 refectisque
587 1435 700 1465 viribus
720 1456 730 1471 ,
760 1435 1021 1472 splendidissimam
1051 1439 1199 1472 reportant
1232 1432 1383 1462 victoriam
1412 1431 1493 1469 (7).
1544 1429 1673 1458 Tandem
1700 1436 1791 1464 quum

274 1496 340 1516 cum
361 1487 492 1524 expedita
511 1496 595 1517 manu
611 1487 674 1525 ipse
693 1487 728 1516 ad
744 1495 828 1524 agros
846 1487 989 1524 villasque
1005 1487 1195 1517 destruendos
1218 1492 1374 1522 egressus,
1395 1482 1463 1512 satis
1481 1481 1638 1518 inquietam
1659 1480 1790 1516 hyemem

1702 1530 1792 1559 Saxo·

271 1629 392 1656 sentiunt.
426 1628 481 1655 Alii
495 1627 528 1653 de
542 1628 692 1659 Mercurio,
711 1628 745 1654 de
756 1628 871 1655 Arminio
887 1630 928 1654 alii
946 1629 1081 1661 cogitant;
1099 1628 1140 1654 alii
1156 1627 1236 1652 aliter.
1270 1625 1331 1651 Vid.
1348 1621 1491 1655 Gruperiis
1510 1620 1645 1646 Observa·
1660 1624 1745 1644 refum
1763 1623 1789 1643 et

271 1678 352 1709 antiq.
373 1677 461 1703 Germ.
478 1683 505 1708 Ρ.
525 1675 581 1708 165.
616 1674 755 1701 ὃεὶπὸοἰὼ
773 1676 792 1702 1.
807 1676 828 1701 1.
845 1683 872 1708 p.
887 1681 954 1708 254,
971 1682 1030 1709 255.
1066 1673 1210 1706 Dippoldt,
1230 1680 1257 1704 p.
1275 1678 1335 1703 229.
1370 1667 1524 1700 Biographie
1542 1667 1560 1692 1.
1576 1666 1593 1693 1.
1612 1673 1639 1698 p-
1653 1672 1696 1697 92-

307 1723 373 1757 (1)
392 1725 458 1751 Ann.
476 1723 566 1750 Franc.
581 1724 668 1750 Petav.
688 1730 717 1755 p.
733 1728 772 1756 14.
797 1730 839 1757 ap.
860 1724 993 1755 Bouquet.
1013 1722 1109 1755 Eginh.
1131 1720 1197 1746 Ann.
1214 1719 1232 1746 1.
1250 1719 1267 1744 i.
1286 1725 1313 1750 p.
1331 1722 1393 1743 201.
1428 1714 1534 1741 Lois.1.
1552 1713 1570 1739 i·
1588 1720 1615 1744 P·
1631 1719 1672 1746 37·
1709 1711 1787 1738 5³⁰5st

272 1771 366 1797 saxon.
385 1771 402 1795 l.
419 1778 442 1796 1.
460 1777 498 1795 vs.
512 1770 544 1795 60
561 1777 620 1802 sqq.

302 1816 366 1850 (2)
385 1818 460 1843 Poe't.
476 1817 535 1842 Sax.
553 1817 572 1843 1.
587 1817 605 1842 l.
623 1823 663 1842 vs.
680 1823 727 1849 177
745 1823 803 1848 sqq.

306 1862 371 1897 (3)
392 1865 476 1890 Poeta
490 1863 551 1890 Sax.
571 1863 587 1889 l.
606 1863 623 1889 l.
643 1870 682 1889 vs.
693 1870 742 1895 410
756 1870 815 1895 sqq.
853 1862 895 1888 Sic
914 1869 1021 1895 quoque
1036 1860 1131 1893 Eginh.
1146 1860 1213 1886 Ann.
1234 1866 1261 1890 p.
1274 1864 1323 1889 204
1343 1862 1384 1887 ap.
1401 1855 1487 1884 Bouq-

304 1910 370 1945 (4)
390 1911 450 1936 Vid.
469 1912 539 1937 Ann.
555 1911 649 1937 Franc.
669 1911 761 1937 Petav.
780 1918 808 1942 p.
825 1917 876 1943 14,
897 1917 940 1942 ¹5·
957 1917 998 1943 ap.
1019 1909 1109 1941 Bouq.
1148 1907 1298 1937 Fragment.
1316 1903 1385 1928 Arm.
1402 1901 1497 1927 Franc.
1521 1907 1548 1932 p.
1569 1898 1612 1924 26.
1638 1904 1679 1930 ap.
1694 1898 1781 1930 Bouq.

273 1959 403 1986 Chronic.
421 1958 548 1985 Mussiac.
566 1966 593 1991 p.
607 1965 650 1990 70.
668 1959 756 1990 Bouq.

303 2004 366 2039 (5)
386 2007 452 2031 Ann.
472 2005 548 2030 Po'e't.
566 2004 627 2029 Sax.
646 2005 664 2031 l.
683 2004 733 2030 111.
752 2003 782 2028 ad
800 2010 858 2030 ann.
872 2004 929 2036 885.
965 2004 1077 2033 Moser,
1095 2010 1124 2035 p.
1140 2009 1199 2028 202.

304 2053 372 2088 (6)
391 2054 495 2080 Fabric.
512 2054 530 2080 l.
549 2054 567 2080 l.
590 2053 609 2077 l.
624 2059 651 2084 4.
677 2059 705 2084 p.
739 2069 749 2078 .
876 2049 943 2085 (7)
964 2050 1058 2083 Eginh.
1077 2050 1146 2075 Ann.
1168 2046 1199 2073 ad
1217 2052 1278 2072 ann.
1292 2045 1352 2078 783.
1388 2043 1503 2074 Moser,
1522 2041 1577 2068 1.1.
1597 2047 1626 2073 p.
1641 2046 1701 2072 2¹4·
