1919 2511
241 162 281 190 90
523 154 812 193 JOANNIS
873 150 1188 184 HERMANI
1246 153 1473 186 KROON

530 237 604 273 Jam
624 236 678 265 sibi
696 238 875 276 exspectabat
895 238 966 266 obici
983 243 1173 267 contumacem
1187 238 1369 276 puerculum.

529 288 658 316 Multam
678 291 709 318 in
728 290 828 318 horam
849 291 888 318 sic
908 296 1053 327 moratus,
1076 300 1177 320 rursus
1196 292 1280 322 audit
1300 292 1446 321 mulierem

532 338 603 367 Voce
622 338 750 376 blanda,
771 347 798 369 et
820 340 861 369 ad
878 348 998 380 soporem
1014 344 1225 381 provocandam
1246 345 1363 374 tinnula

534 391 640 419 Dicere
659 392 785 427 infanti:
804 393 879 422 Bono
898 396 992 423 animo
1012 404 1059 430 es,
1086 402 1155 424 nate
1173 397 1214 424 mi
1231 395 1409 431 dulcissime,

534 442 614 470 Nam
634 443 750 480 lupum,
773 445 798 471 si
817 450 919 481 raptor
936 446 985 474 ille
1004 445 1059 474 hllc
1077 448 1205 483 venerit,
1229 447 1427 477 mactabimus.

530 491 586 520 Hic
604 493 685 530 lapus
705 500 766 521 tum
786 493 905 532 dentque
925 498 999 524 omni
1019 496 1171 525 destitutus
1191 505 1237 536 spe
1254 508 1308 527 sua

528 543 629 571 Tristis
648 544 679 571 in
698 544 784 573 silvas
804 545 930 575 recedens
939 556 950 575 .·
966 547 1038 586 proh
1058 548 1193 586 Supreme
1208 549 1369 587 anpt'ter,

532 592 604 621 Alia
623 593 741 630 dicunt,
763 595 824 623 alia
836 595 956 632 faciunt
975 598 1035 627 hice
1054 600 1208 637 mortales,
1229 601 1286 631 ait.

281 696 378 734 Lupus
398 702 424 724 et
445 695 565 727 Mulier.
605 696 659 725 Est
684 696 757 726 inter
781 697 891 733 Aesop.
919 698 1000 728 Coll.
1020 699 1139 731 Planud.
1167 701 1226 730 No.
1248 701 1313 739 138.
1339 702 1418 732 Flor.
1443 700 1505 730 No.
1528 706 1591 736 104.
1612 698 1761 728 Tractavit

242 755 267 776 et
294 748 424 777 Avianus
452 747 510 776 fab.
533 755 559 777 r.
601 747 706 777 Babrio
732 749 809 778 illam
833 749 979 778 vindicare
1005 751 1115 780 studuit
1141 752 1328 788 Tyrwhittus
1353 752 1382 781 in
1407 751 1479 781 diss.
1504 752 1539 780 de
1560 750 1665 780 Babrio
1692 759 1761 787 pag·

243 807 377 828 CLxqu.
401 799 445 826 ed.
469 799 503 827 de
523 798 620 830 Furia.

279 850 458 887 Vagientem.
499 850 554 879 Est
580 859 637 880 vox
658 851 730 881 facta
751 861 767 881 a
786 860 880 888 son0,
912 853 1075 889 exprimens
1095 859 1168 882 teste
1188 853 1268 883 Gell.
1298 854 1369 884 Lib.
1392 854 1476 885 XVI.
1504 862 1571 891 cap.
1594 861 1639 889 17.
1666 862 1760 882 sonum

240 902 310 929 vocis
337 904 467 932 recentis.
509 901 643 932 solemne
661 909 754 932 autem
772 909 814 932 est
837 902 955 933 verbum
974 905 1008 934 de
1029 905 1202 937 infantibus.
1225 907 1348 937 Terent.
1370 906 1480 944 Hecyr.
1501 906 1570 936 Act.
1582 906 1636 937 IV.
1662 905 1711 935 Sc.
1733 914 1761 936 1·

240 962 285 983 VS.
309 963 338 982 2.

526 1005 606 1034 Nam
625 1005 767 1035 audivisse
784 1014 874 1035 vocem
889 1009 977 1045 pueri
996 1010 1058 1038 visu
1079 1009 1115 1038 ’st
1134 1012 1287 1048 vagientis.

238 1057 343 1085 Cicero
370 1057 404 1085 de
430 1057 546 1087 Senect.
573 1067 637 1094 cap.
657 1066 706 1094 23.
735 1058 810 1087 med.
852 1078 870 1094 ,.,
888 1065 915 1087 et
940 1061 964 1087 si
991 1062 1053 1097 quis
1080 1060 1158 1089 Deus
1187 1062 1258 1090 mihi
1284 1062 1458 1099 largiatur,
1481 1067 1513 1089 ut
1540 1069 1575 1089 ex
1595 1061 1647 1090 hac
1667 1066 1760 1089 aetate

243 1128 260 1143 ‚,
281 1115 501 1146 repuerascam,
522 1115 548 1137 et
573 1110 604 1137 in
627 1109 707 1137 cunis
731 1109 867 1146 vagiant,
888 1108 978 1146 {valde
999 1110 1156 1140 recusem.”

279 1158 370 1188 Obict.
411 1159 469 1188 Vix
492 1161 637 1196 probanda
654 1161 770 1191 videtur
791 1161 861 1190 haec
884 1161 973 1190 erasis
989 1170 1043 1197 pro
1061 1161 1163 1199 objici,
1188 1169 1264 1191 certe
1278 1169 1408 1192 veterum
1424 1163 1556 1200 exemplo
1574 1162 1652 1199 quod
1668 1161 1756 1191 sciam

238 1219 296 1239 non
317 1210 515 1241 confirmatur.
556 1211 693 1241 Conferri
713 1219 808 1241 tamen
828 1219 954 1241 meretur
975 1212 1095 1242 Wasius
1116 1212 1145 1243 in
1166 1212 1297 1244 Senario.

276 1261 347 1290 Voce
372 1254 500 1292 tinnula.
542 1262 651 1292 Catull,
675 1264 867 1294 Carm.LX[.
888 1272 934 1294 vs,
961 1272 1011 1294 12.

527 1314 688 1352 Nuptialt'a
708 1315 853 1343 concinens

526 1364 597 1394 Voce
615 1367 748 1394 carmina
769 1366 896 1396 tinnula.

275 1415 357 1444 Nam
387 1416 482 1454 lupum
503 1420 528 1444 si
545 1431 582 1439 —-
599 1419 721 1447 venerit.
762 1417 955 1454 Perfrequens
981 1425 1024 1448 est
1048 1427 1118 1448 usus
1140 1418 1206 1449 talis
1227 1419 1452 1449 constructionis
1473 1420 1550 1456 apud
1569 1424 1700 1451 veteres‚
1721 1417 1756 1446 de

239 1476 297 1502 quo
320 1466 378 1496 vid.
397 1467 428 1504 J.
453 1467 588 1497 Perizon.
610 1469 645 1497 ad
667 1469 766 1499 Sanct.
791 1468 921 1500 Minerv.
948 1468 1018 1500 Lib.
1031 1471 1072 1501 11.
1097 1479 1162 1507 cap.
1177 1480 1210 1508 5.
1233 1477 1302 1500 nota
1317 1478 1347 1507 5.
1370 1470 1421 1507 qui
1451 1469 1492 1499 ibi
1516 1478 1643 1506 magnam
1663 1477 1756 1497 exem-

239 1519 353 1554 plorum
375 1517 487 1554 copiam
512 1518 637 1549 exhibet.

277 1569 352 1596 Proh
376 1569 510 1606 Suprema
535 1569 687 1608 Jappiter.
728 1571 783 1600 Est
811 1580 874 1600 mos
901 1572 1098 1601 admirantium
1130 1579 1158 1602 et
1177 1571 1390 1610 indignantium
1407 1571 1548 1610 ejusmodi
1569 1570 1752 1600 exclamatio·

238 1627 289 1648 nes
315 1619 441 1648 sermoni
470 1620 615 1656 inserere,
645 1630 732 1656 quum
761 1622 896 1651 invocant
931 1630 958 1651 et
983 1623 1073 1657 alios,
1095 1630 1123 1652 et
1148 1624 1267 1652 maxime
1287 1624 1408 1661 Jovem,
1437 1629 1572 1657 tanquam
1603 1623 1752 1650 Summum

240 1671 344 1700 Deum.
387 1670 528 1708 Jisppiter
553 1678 646 1700 autem
671 1674 757 1701 modo
781 1673 949 1710 simpliciter
971 1682 1123 1711 usurpatur
1145 1677 1226 1705 velut
1252 1675 1328 1711 apud
1353 1674 1464 1703 Catull.
1492 1673 1588 1703 Carm.
1606 1672 1629 1701 Ι.
1654 1680 1700 1700 VS.
1724 1680 1751 1707 7.

242 1722 275 1749 de
296 1721 389 1750 Corn.
413 1721 540 1758 Nepote.

529 1772 603 1808 Jam
625 1780 684 1802 tum
697 1795 706 1806 ‚
726 1783 790 1802 cnm
811 1783 896 1803 ausus
917 1784 942 1803 es
963 1784 1034 1804 umes
1055 1775 1196 1803 Italorum

530 1824 618 1852 Omne
637 1833 736 1853 aevum
755 1824 848 1853 tribus
868 1826 1013 1863 explt'care
1031 1827 1161 1862 chartis,

526 1874 625 1903 Doctt's
637 1895 647 1910 ,
668 1874 829 1913 anpiter!
850 1882 877 1904 ct
897 1875 1055 1906 laboriosis.

244 1927 329 1956 modo
352 1927 450 1964 juncta
479 1926 618 1962 particula
634 1933 689 1963 pro
714 1933 746 1954 ut
768 1926 842 1962 apud
865 1926 954 1955 Ovid.
985 1927 1062 1957 Met.
1090 1926 1159 1957 Lib.
1179 1927 1260 1957 XIII.
1283 1937 1329 1958 vs.
1350 1935 1378 1965 5.

532 1975 734 2014 Intendensqzsc
753 1985 852 2005 manns
865 1997 877 2013 ,
899 1977 1039 2015 Agimus,
1056 1985 1109 2017 pro
1128 1978 1291 2018 Juppiterl
1311 1981 1406 2017 inquit

530 2029 606 2057 Ante
625 2035 701 2057 rates
720 2037 847 2058 causam.

1708 2080 1755 2108 vel
