1919 2511
281 172 318 199 42
585 159 782 191 PETRI
833 159 1185 190 ABRAHAMI
1229 161 1490 199 JELTES.

286 245 367 274 etiam
395 250 530 274 memorat
555 245 667 274 Auctor
693 243 929 273 Glossocomium
959 253 974 273 a
1003 244 1109 273 Bernli.
1132 243 1267 273 Norbet'n
1288 246 1342 274 sibi
1367 247 1625 284 communicatum,
1647 248 1729 286 cujus
1757 249 1793 278 fi·

285 304 380 332 guram
401 296 497 334 adjicit
517 297 624 334 (30),
646 302 672 324 et
696 305 802 332 usum,
824 295 848 324 si
873 296 926 323 rite
951 295 1112 331 applicetur
1129 296 1369 333 instrumentum,
1392 299 1486 327 laudat
1507 297 1608 334 (31).

320 348 518 384 Reprehendit
537 355 631 378 autem
652 349 827 377 Pur-mannus
845 347 1019 376 recentiores
1036 347 1206 383 chirurgos,
1231 349 1299 384 qui,
1323 350 1411 378 multa
1428 350 1513 377 verba
1531 349 1666 379 facientes
1686 350 1720 379 de
1738 351 1791 380 hu·

284 407 360 427 mero
385 401 504 436 luxatO,
524 407 617 429 tamen
642 408 742 436 parum
761 398 831 428 novi
856 398 886 427 in
909 398 987 427 illius
1006 397 1152 426 curatione
1175 408 1410 435 proposuerunt,
1433 409 1505 435 quae
1524 409 1567 428 res
1591 402 1624 429 ab
1647 401 1792 437 antiquio·

283 451 383 487 ribus,
408 453 456 488 qui
478 461 552 481 nova
575 451 775 488 excogitabant
798 450 922 483 auxilia,
941 449 1028 478 sicuti
1054 449 1114 484 ait,
1135 450 1234 487 maj-ori
1258 450 1356 479 studio
1380 457 1496 479 tractata
1520 451 1574 480 fuit
1596 453 1655 488 (32
1668 452 1694 484 ).
1728 453 1790 490 Jam

280 510 350 530 vero
371 502 523 531 dolendum
550 510 609 536 est,
629 510 796 537 auctorem,
821 502 856 530 de
879 500 1068 529 recentiorum
1092 503 1224 538 neglecto
1250 502 1345 531 studio
1364 502 1392 531 in
1418 503 1502 532 novis
1526 504 1718 540 excogitandis
1742 513 1793 534 au-

280 552 356 582 xiliis
372 554 406 582 ad
422 554 533 582 humeri
548 554 638 584 luxati
657 554 869 583 restitutionem
891 559 1074 589 querentem,
1096 553 1260 589 praeeundo
1279 562 1340 583 non
1356 554 1506 590 docuisse,
1528 556 1717 591 proponendo
1735 556 1792 585 sci·

281 604 348 633 licet
367 614 470 634 novam
491 605 659 635 restituendi
679 606 846 634 methodum
871 605 1028 634 manualem
1050 605 1096 633 vel
1115 604 1372 634 instrumentalem.

317 656 482 692 szckcrus
517 659 630 686 locutus
659 658 693 686 de
722 657 834 692 modis,
868 656 919 692 qui
944 655 979 685 ad
1002 656 1199 692 palaestricum
1225 663 1253 684 et
1278 656 1471 686 methodicum
1501 657 1662 687 referuntur
1688 663 1793 699 (33),

280 715 417 736 memorat
447 709 564 737 modum
598 709 764 745 organicum
794 707 1039 740 usitatissimum,
1067 713 1095 735 et
1126 708 1281 736 secundum
1314 716 1393 736 suam
1429 708 1597 737 senteutiam
1631 708 1794 744 praeferen-

280 760 345 787 dum
369 760 454 796 (34)
478 761 611 789 omnibus
630 759 892 796 praecedentibus,
915 767 988 795 quos
1007 757 1109 794 omisi,
1132 767 1197 787 cum
1217 759 1273 796 jam
1297 767 1347 787 eos
1371 760 1447 795 apud
1470 759 1679 796 Hippocratem
1697 768 1797 790 recen-

279 811 400 840 suimus.

315 862 363 890 Ad
390 862 464 891 hunc
487 863 600 891 modum
625 871 660 891 ex
677 863 802 893 auctoris
822 863 990 892 recensione
1006 863 1131 899 pertinet
1148 862 1277 891 machina
1298 861 1432 890 tractoria
1453 861 1598 896 Vitruvii,
1621 871 1705 898 quam
1730 871 1798 892 cor·

278 913 350 941 rexit
377 913 538 949 Micliault,
561 921 588 941 et
608 914 727 942 ulterius
755 915 877 951 perfecit
897 915 972 943 Petit
996 916 1105 954 (35);
1129 913 1243 950 saepius
1268 921 1361 942 tamen
1384 913 1572 941 sufficientem
1597 914 1792 943 extensionem

277 971 419 999 praestare
444 966 537 994 lorum
565 965 682 995 Hiltlani
701 973 782 995 notat
803 965 988 1003 Junckerus‚
1010 966 1067 993 imo
1089 966 1191 994 multas
1212 973 1273 992 esse
1299 964 1409 993 humeri
1429 964 1610 1000 luxationeS,
1635 972 1704 1000 quas
1726 966 1792 994 nul·

276 1016 303 1042 la
331 1016 395 1043 talis
420 1016 569 1053 machina,
591 1018 642 1046 sed
667 1018 790 1054 simplex
812 1017 942 1054 operatio
971 1017 1084 1053 reponit
1107 1015 1218 1058 (36),
1244 1025 1294 1053 per
1318 1017 1436 1045 linteum
1458 1015 1588 1051 scilicet,
1610 1014 1640 1045 in
1659 1016 1797 1053 trianguli

277 1064 396 1094 formam
425 1069 555 1096 volutum
570 1089 580 1104 ,
605 1078 663 1105 quo
689 1078 772 1098 suum
798 1072 906 1099 collum
927 1070 1061 1106 aegrique
1086 1069 1196 1098 axillam
1222 1069 1436 1105 amplectente,
1457 1074 1486 1095 et
1512 1066 1642 1096 manibus
1667 1067 1727 1096 suis
1751 1076 1796 1096 re-

277 1116 453 1151 positionem
481 1125 570 1148 tentat
594 1119 767 1157 chirurgus,
795 1121 829 1150 ab
861 1130 920 1151 uno
952 1123 1085 1153 ministro
1112 1123 1230 1151 firmiter
1255 1128 1368 1159 retento
1391 1118 1516 1158 corpore
1533 1139 1544 1156 ,
1575 1119 1609 1149 ab
1636 1122 1725 1149 altero
1749 1128 1798 1148 exn

277 1165 409 1196 tensione
429 1168 604 1198 sufficienter
623 1171 733 1206 parata.

396 1245 426 1280 §-
447 1253 478 1279 4.
520 1244 562 1274 E.
583 1245 720 1274 Camerer
737 1248 877 1286 (¹722)·
898 1248 941 1278 R.
964 1249 1109 1280 IVisaman
1128 1251 1271 1290 (1734).
1300 1249 1338 1278 L.
1359 1247 1508 1277 Heium-us
1529 1246 1668 1288 (1741).

316 1317 509 1356 observatio,
532 1330 615 1357 quam
641 1323 728 1352 nobis
753 1324 871 1361 reliquit
892 1325 1026 1355 Camerar
1046 1327 1061 1361 (
1073 1327 1135 1364 37)
1150 1347 1160 1363 ,
1187 1325 1276 1355 refert
1301 1325 1495 1354 machinarum
1508 1345 1518 1361 ,
1539 1330 1626 1361 atque
1652 1316 1798 1355 encheiie-

278 1368 350 1398 sium
374 1371 582 1407 simpliciorum
607 1375 826 1412 praestantiam,
849 1386 864 1405 a
886 1385 918 1406 se
939 1377 1003 1414 ipso
1028 1379 1057 1407 in
1077 1378 1172 1407 tribus
1192 1377 1307 1405 casibus
1329 1383 1484 1413 expertam.

317 1420 450 1451 Feliciter
476 1423 550 1452 enim
570 1425 734 1455 medebatur
753 1426 867 1455 Auctor
889 1428 1005 1465 Juvenis
1030 1429 1199 1466 cujusdam,
1221 1428 1256 1457 ab
1282 1436 1356 1464 equo
1374 1426 1521 1465 prolapsi,
1542 1426 1803 1464 femori,⁷introroe

1464 1484 1466 1488 ’
1732 1484 1802 1507 Sum·

312 1558 399 1593 (30)
429 1561 448 1587 1.
466 1568 490 1587 c.
515 1565 535 1587 t.
556 1567 594 1594 ¹4·
617 1570 644 1595 p.
661 1564 722 1596 692.
1465 1579 1468 1583 ·
1791 1579 1805 1589 -=

310 1604 388 1639 (3¹)
417 1607 436 1632 l.
455 1613 480 1633 c.
507 1615 535 1640 p.
552 1608 610 1635 681.
638 1609 722 1636 laudat
742 1611 816 1637 etiam
836 1612 897 1637 illud
921 1613 1116 1639 instrumentum
1139 1612 1267 1638 Platnetus
1289 1613 1314 1637 in
1333 1611 1467 1645 Haudleid.
1486 1618 1525 1638 tot
1543 1611 1576 1637 de
1593 1612 1714 1645 Chirurg.
1734 1613 1805 1643 Ver..

279 1652 342 1677 taald
365 1652 432 1678 door
457 1654 498 1679 M.
518 1655 644 1682 Houttuin
669 1657 718 1684 2d.
745 1659 767 1689 §-
787 1660 862 1686 1228.
892 1659 964 1686 conf.
983 1668 1009 1686 v.
1028 1660 1137 1685 Hussem
1156 1667 1219 1686 over
1245 1659 1294 1684 deu
1311 1658 1444 1689 ontwrigt.
1462 1657 1591 1684 schouder
1610 1650 1641 1684 in
1666 1659 1801 1694 Verhand,

279 1705 326 1723 van
345 1698 387 1724 liet
405 1700 551 1726 Zeeuwsch
572 1702 769 1736 Genootschap.
793 1712 811 1736 9
827 1705 855 1731 d.
879 1706 905 1739 §.
923 1714 950 1732 2.
974 1714 1002 1738 p.
1019 1706 1052 1738 36
1068 1713 1122 1738 seq.

312 1744 391 1779 (32)
419 1747 436 1773 1.
457 1753 482 1773 c.
510 1754 535 1779 p.
554 1747 615 1775 682.

312 1791 392 1826 (33)
419 1792 515 1818 Omnes
542 1794 608 1819 enim
632 1795 763 1820 humerum
784 1796 900 1822 luxatum
924 1797 1068 1824 reducendi
1092 1797 1228 1824 methodos
1258 1797 1390 1829 distinguit
1416 1796 1559 1831 Jurickerus
1583 1797 1676 1830 triplici
1695 1798 1796 1824 ratione

282 1839 358 1864 sicuti
379 1846 499 1871 veteres,
518 1847 557 1865 eas
582 1842 686 1867 scilicet
706 1835 797 1868 vel'ad
813 1843 917 1869 modum
943 1845 1121 1877 palaestricum
1141 1846 1184 1870 vel
1208 1845 1238 1870 ad
1258 1844 1455 1875 methodicum‚
1473 1845 1514 1869 vel
1541 1844 1571 1870 ad
1596 1845 1742 1877 organicum
1759 1851 1800 1871 re.

281 1884 376 1912 ferens.
412 1885 474 1912 Vid.
493 1887 636 1920 Conspect.
655 1889 776 1921 Chirurg.
795 1890 848 1919 tab.
862 1890 906 1922 65.
923 1890 954 1916 de
974 1892 1055 1918 luxat.
1073 1891 1099 1915 in
1117 1892 1212 1923 specie.
1238 1891 1317 1917 Halae
1337 1897 1412 1924 1721.
1430 1891 1499 1918 evo,

315 1929 398 1968 (34)
425 1933 442 1959 ¹-
460 1940 487 1959 c·
516 1942 543 1966 P·
561 1940 623 1967 493·

316 1976 398 2011 (35)
426 1979 486 2005 Act.
512 1980 587 2012 Lips.
606 1983 680 2014 1706.
705 1989 784 2010 mens.
810 1984 891 2017 April.
913 1992 942 2017 p.
961 1984 1018 2016 156.
1058 1984 1127 2012 Galli
1151 1983 1216 2010 illud
1240 1991 1339 2012 vocare
1359 1984 1570 2017 solent'mousie‚
1593 1985 1665 2012 conf.
1682 1983 1798 2020 Juncke·

279 2029 332 2051 rus.
356 2025 374 2051 l.
392 2033 417 2052 c.
1732 2042 1736 2044 ·

315 2070 372 2103 (36
422 2073 440 2098 1.
459 2079 490 2099 c.‚

317 2069 402 2150 '37))
434 2118 570 2151 Ephemer.
587 2120 681 2147 Natur.
700 2122 805 2150 Curios.
831 2130 899 2152 cent.
917 2130 944 2156 9.
967 2124 1024 2152 obs.
1042 2125 1084 2158 96.
1106 2132 1139 2158 p.
1157 2131 1208 2158 2⁰7
1225 2132 1279 2157 seq.
