1919 2511
357 202 364 208 ⁴
406 190 636 221 RESPONSIO
665 198 708 220 AD
740 188 1050 228 QUAESTIONEM
1079 189 1293 220 MEDICAM.
1560 202 1597 231 35

80 278 211 309 Galenus
236 277 328 315 (17),
350 282 377 305 et
402 276 450 305 cui
475 274 618 312 propriam
639 273 772 303 concedit
789 272 979 304 encheiresin.
1020 273 1100 303 Dicit
1117 272 1207 302 enim:
1233 273 1306 309 (18)
1327 273 1382 308 „in
1399 282 1466 303 casu
1481 290 1515 297 —
1535 283 1594 309 quo

82 350 102 368 ‚‚
122 330 150 360 in
169 330 292 367 priorem
311 335 416 365 partem
445 327 573 363 excidit,
592 335 651 355 non
667 325 804 354 convenit
827 325 925 353 eodem
951 326 1037 354 modo
1054 325 1220 361 impellere,
1243 333 1301 360 quo
1318 324 1348 353 in
1369 326 1438 353 alam
1457 325 1593 353 articulus

81 402 99 418 ,‚
121 381 231 418 erupit,
248 381 288 409 ibi
305 380 378 409 enim
396 388 470 415 opus
487 385 544 407 erat
562 377 711 406 articulum
731 376 824 413 primo
841 376 871 404 in
888 375 1013 412 priorem
1032 382 1137 411 partem
1149 395 1159 411 ,
1182 376 1284 404 deinde
1303 384 1418 404 sursum
1435 376 1591 411 adducere,

80 453 99 470 ‚‚
120 433 185 461 dum
205 433 397 461 collocaretur
411 439 425 459 e
446 430 561 466 regione
581 428 626 457 sui
647 427 730 456 cavi:
753 436 829 456 nunc
851 434 945 456 autem
960 434 994 449 —‘
1011 427 1157 463 impellere
1174 427 1267 463 ipsum
1291 433 1409 463 oportet
1428 427 1461 454 ad
1481 433 1593 455 contra-

79 499 98 520 „
119 484 187 513 riam
210 482 373 520 regionem,
392 482 421 510 in
439 489 496 517 quo
524 479 655 509 faciendo
674 478 832 515 periculum
855 484 917 514 est,
936 488 971 508 ne
995 478 1057 514 ipse
1081 479 1215 506 deorsum
1237 480 1335 515 lapsus
1360 487 1375 507 a
1399 477 1537 506 musculis
1562 477 1592 505 in

77 555 97 571 ‚‚
116 536 187 564 alam
213 535 360 568 trahatur,
385 541 467 568 quam
493 540 551 561 rem
578 531 608 560 in
637 531 748 560 diversa
775 530 960 559 extendentes
983 531 1136 567 praecipue
1159 529 1296 560 vitamus.
1338 529 1409 558 Non
1433 534 1476 557 est
1498 534 1592 558 autem

78 605 99 622 ‚‚
120 585 154 615 ab
180 594 210 614 re
233 586 298 614 dum
324 585 356 614 in
383 585 496 613 diversa
522 582 700 614 extenditur,
722 583 817 610 locum
843 581 971 618 saepire,
995 581 1043 617 qui
1065 581 1118 610 sub
1139 581 1183 609 alst
1204 580 1275 609 est”
1301 587 1365 609 cet:

115 637 260 665 Memorat
284 636 367 665 etiam
388 635 516 664 Galenus
545 633 723 662 extensionis
747 632 968 662 instrumentum
990 632 1215 661 Glossocomum
1242 632 1332 668 (19)
1358 630 1484 663 dietum,
1514 630 1592 666 quod

77 688 169 725 ipsius
193 696 298 717 nomen
323 687 463 721 retinuit,
493 684 646 722 praecipue
670 685 704 712 ad
732 692 765 712 os
791 683 910 713 femoris
937 683 1058 713 fractum
1085 683 1281 719 reponendum
1314 682 1461 710 usitatum.
1502 680 1593 709 Glos-

75 748 225 769 socomum
246 748 269 768 s.
294 737 532 767 Glossocomium
547 757 558 772 ,
579 742 697 764 auctore
723 735 858 771 Caleno,
887 736 921 764 ab
948 735 1055 765 Atticis
1084 735 1244 771 appellatur
1269 734 1385 769 arcula,
1408 732 1437 762 in
1458 732 1514 767 qua
1533 739 1592 759 ser-

73 800 140 823 vare
161 789 291 819 homines
321 791 416 818 solent
440 797 486 817 res
510 796 576 822 eae,
599 796 669 822 quas
694 787 724 815 in
752 787 846 823 pretio
865 787 984 817 habent.
1029 787 1111 815 Usus
1138 794 1206 815 vero
1231 786 1324 814 voluit
1354 784 1484 818 efficere,
1514 782 1591 818 quod

76 842 265 872 instrumenta
289 842 447 877 pleraque,
470 839 535 867 dein
560 839 594 867 ad
614 838 809 867 extensionem
834 839 985 874 parandam
1011 838 1148 873 inventa,
1170 836 1236 865 licet
1259 836 1374 865 minime
1392 836 1502 864 arculae
1518 834 1591 870 figu-

75 901 133 922 ram
157 891 316 928 referrent,
336 890 536 922 Glossocomii
557 890 673 920 nomine
695 890 830 927 insignita
849 890 970 919 fuerint.

693 974 722 1010 §.
745 982 775 1009 4.
818 972 979 1001 Oribasius.

74 1064 79 1067 ·
107 1057 168 1096 Jatn
195 1059 284 1096 magis
307 1057 472 1094 composita
496 1057 685 1087 instrumenta
715 1055 788 1084 fiunt
822 1055 856 1084 ad
884 1055 1092 1084 restituendum
1116 1054 1266 1082 humerum
1291 1053 1440 1086 luxatum,
1462 1058 1514 1079 nec
1532 1058 1589 1078 am-

72 1109 150 1145 plius
175 1110 281 1139 sufficit
304 1110 426 1145 simplex
456 1107 645 1145 Hippocratis
670 1109 773 1142 ambe,
808 1107 859 1135 sed
885 1107 1007 1144 majores
1030 1106 1286 1135 instrumentorum
1312 1108 1463 1138 apparatus
1487 1108 1590 1138 petun-

70 1160 121 1189 tur
140 1161 250 1199 (ρο),
274 1160 402 1196 quibus,
422 1159 552 1195 diceres,
574 1159 624 1189 vix
646 1167 723 1195 opus
746 1167 808 1187 esse
828 1166 896 1186 saxo
917 1157 1027 1194 ingenti
1045 1156 1204 1186 volvendo.

99 1211 191 1241 *Tres
209 1211 327 1249 agnovit
347 1211 499 1239 Oribasius
517 1211 695 1240 luxationum
716 1209 847 1246 species,
870 1209 908 1237 ita
932 1215 964 1236 ut
981 1206 1140 1244 reponendi
1161 1206 1326 1234 methodum
1344 1205 1484 1233 diversam
1503 1203 1589 1231 doce-

71 1268 122 1298 at,
146 1269 234 1299 prout
257 1268 344 1299 caput
369 1261 481 1290 humeri
498 1261 528 1292 in
549 1263 640 1298 alam,
662 1268 695 1290 ut
717 1261 779 1296 ait,
801 1258 958 1295 exciderit,
983 1260 1030 1288 vel
1050 1258 1080 1286 in
1104 1256 1252 1295 priorem,
1278 1258 1324 1286 vel
1341 1255 1372 1285 in
1395 1254 1587 1291 posteriorem

71 1321 195 1350 partem.

111 1364 244 1394 Breviter
265 1364 359 1402 ipsius
387 1364 575 1402 repositionis
601 1364 718 1393 modum
739 1363 769 1392 in
796 1362 909 1398 singula
937 1360 1034 1397 specie
1062 1367 1259 1389 resumamus:

110 1415 214 1453 Quoad
228 1418 376 1454 primam:
415 1437 434 1452 „
456 1423 572 1452 opor-tet
601 1415 679 1452 (21)
704 1414 797 1442 scalae
820 1413 929 1440 cuidam
950 1417 1101 1441 annectere
1123 1419 1268 1445 cuneum,
1290 1416 1317 1438 et
1336 1410 1374 1438 ita
1399 1407 1534 1444 quidem,
1555 1412 1588 1435 ut

74 1466 246 1496 eminentior
264 1476 330 1503 pars
347 1467 449 1496 axillae
466 1475 564 1495 cavum
582 1465 702 1501 subeat,
723 1465 788 1493 dein
807 1465 842 1492 ad
858 1463 1025 1492 inferiorem
1043 1463 1134 1491 scalae
1152 1468 1257 1498 partem
1273 1469 1402 1498 organon
1419 1466 1586 1487 tractor1um

73 1518 246 1555 alligandum
265 1524 308 1546 est
331 1527 381 1554 per
405 1520 528 1547 annulos
555 1524 582 1545 et
607 1510 691 1545 funes
716 1516 819 1553 (22).
861 1515 996 1552 Quatuor
1018 1521 1164 1550 praeterea
1178 1511 1323 1541 trochleae
1341 1511 1497 1544 addantur,
1519 1516 1588 1544 qua-

72 1577 136 1597 rum
160 1569 248 1604 duae,
270 1578 285 1597 a
305 1578 417 1598 summo
438 1570 526 1606 gradu
550 1576 730 1605 suspensae,
759 1567 893 1595 deorsum
921 1571 1077 1601 spectent,
1102 1565 1173 1592 duae
1198 1563 1232 1592 ab
1254 1563 1312 1591 imo
1339 1569 1466 1590 sursum.
1503 1560 1589 1596 Juxta

73 1621 178 1648 scalam
205 1620 592 1654 confirmatamsubsellinm
611 1621 791 1653 collocetur,
813 1625 899 1653 super
929 1616 1008 1652 quod
1031 1615 1184 1644 adscendat
1203 1614 1291 1643 horno
1317 1614 1374 1650 (ut
1397 1611 1531 1647 quaedam
1554 1610 1588 1638 de

75 1670 162 1708 hujus
188 1670 370 1700 instrumenti
388 1680 443 1700 usu
461 1670 640 1707 notemus),
663 1678 691 1698 et
707 1669 830 1707 trajiciat
852 1667 998 1696 brachium
1020 1675 1109 1703 super
1132 1666 1247 1702 gradum
1261 1684 1272 1700 ,
1289 1665 1328 1692 ita
1346 1670 1378 1692 ut
1396 1669 1505 1692 cuneus
1522 1667 1587 1697 apte

76 1723 147 1751 alam
165 1722 364 1759 ingrediatur,
384 1729 411 1751 et
428 1723 519 1759 capita
535 1722 648 1758 laquei,
667 1722 785 1750 humero
803 1720 838 1749 ad
863 1719 990 1748 cubitum
1010 1717 1129 1755 injecti,
1149 1717 1282 1745 deorsum
1305 1715 1390 1743 ducta
1415 1714 1450 1742 ad
1475 1715 1586 1742 clavum

75 1773 137 1802 axis
159 1773 334 1810 religentur,
353 1775 436 1811 cujus
455 1774 609 1803 conversio
626 1773 734 1802 directa
751 1771 923 1801 deductione
942 1770 977 1798 ab
997 1768 1129 1797 inferiori
1148 1774 1227 1805 parte
1248 1765 1382 1795 intendit.
1422 1765 1516 1794 Aucta
1532 1765 1588 1800 jam

75 1823 145 1852 satis
162 1824 344 1860 intensione,
367 1833 397 1854 et
423 1825 562 1855 subsellio
586 1825 759 1861 subtracto,
782 1822 912 1852 minister
932 1830 949 1850 a
970 1820 1125 1858 posteriori
1145 1826 1226 1856 parte
1249 1818 1409 1846 collocatus
1431 1817 1536 1844 collum
1559 1814 1589 1842 in

1518 1873 1588 1894 con-

110 1962 190 1997 (¹7)
210 1963 316 1991 Comm.
334 1964 360 1990 in
378 1964 426 1992 lib.
446 1964 528 1998 Hipp.
548 1964 581 1990 de
602 1971 648 1991 art.
668 1971 688 1991 t.
703 1970 728 1996 5.
746 1971 774 1996 p.
791 1969 837 1996 255
856 1969 911 1995 seq.
1105 1958 1186 1993 (¹8)
1205 1959 1223 1986 ¹·
1241 1964 1268 1985 ⁰·

109 2008 126 2041 (
138 2009 196 2042 19)
215 2011 318 2036 Comm.
335 2011 370 2037 11.
391 2012 416 2037 in
437 2011 518 2045 Hipp.
537 2013 583 2038 lib.
606 2011 637 2036 de
658 2011 735 2036 fract.
753 2018 780 2042 p.
797 2010 852 2036 180.
876 2007 950 2034 conf.
967 2008 1077 2033 Scultet.
1096 2007 1114 2032 l.
1131 2013 1157 2033 c.
1174 2014 1200 2039 p.
1217 2006 1260 2038 58.
1277 2003 1329 2030 tab.
1342 2007 1385 2033 25-
1403 2001 1447 2033 fig.
1459 2008 1485 2033 4·

109 2053 193 2087 (ρο)
211 2056 348 2082 Oribasius
367 2057 399 2083 de
416 2058 536 2084 machin:
554 2058 624 2083 Vido
640 2056 724 2083 Vidio
742 2056 887 2083 Florentin.
905 2055 1040 2086 interpret.
1061 2060 1086 2079 c.
1105 2060 1128 2080 1.
1147 2060 1175 2085 p.
1192 2052 1237 2078 161
1260 2057 1292 2076 ex
1305 2050 1388 2076 henr.
1406 2045 1525 2079 stephani
1545 2044 1593 2070 lib.

80 2098 149 2126 med.
166 2107 215 2128 art.
230 2103 366 2135 principes
384 2105 542 2131 continente.
864 2106 870 2113 '
1247 2096 1249 2098 Ι

116 2145 237 2188 (21)>l.
254 2154 281 2175 c.
302 2155 360 2183 cap.
378 2156 417 2176 ιο.
435 2158 463 2183 p.
474 2151 519 2176 268
539 2157 596 2183 seq.

114 2191 199 2226 (22)
219 2194 304 2227 Hujus
323 2197 409 2228 organi
427 2195 572 2230 descriptio
591 2198 689 2230 legitur
707 2197 725 2224 l.
740 2203 766 2224 c.
784 2202 809 2222 c.
822 2195 847 2221 8.
865 2202 891 2226 P·
909 2193 967 2228 ¹57·

839 2240 866 2270 E
887 2249 905 2269 2
