1919 2511
412 109 641 142 RESPONSIO
670 121 712 142 An
738 110 1055 151 'QUAESTIONEM
1079 114 1364 150 LITERARIAM.
1614 129 1653 159 71

148 197 237 220 sensu
264 190 435 228 reciproco,
457 201 581 228 quorum
601 194 672 223 alter
695 196 814 224 alterum
842 194 964 224 maxime
984 196 1140 234 diligebat,
1163 200 1242 236 quod
1267 209 1328 232 non
1354 209 1427 239 puto
1452 203 1568 234 indicari
1589 214 1653 234 ver—

146 241 213 276 bis,
241 241 346 277 quibus
370 251 442 271 usus
465 250 508 272 est
532 251 628 281 poeta.

183 291 271 320 Casas
287 307 324 314 —
340 300 450 330 repens.
488 294 559 325 Liv.
588 295 658 326 Lib.
674 296 809 325 XXXIII.
835 301 899 334 cap'.
916 306 946 328 Ω.
979 318 999 335 ‚‚
1017 306 1157 336 quantum
1179 301 1279 330 Attali
1304 309 1400 341 repens
1425 312 1504 332 casus
1527 306 1647 343 coegit.”

181 340 318 370 Caussam
345 351 462 381 rogatus
486 346 570 382 hus'as
586 346 640 384 aff.
660 355 719 378 cet.
759 347 849 377 Ovid.
866 348 988 379 Metam.
1019 349 1089 379 Lib.
1107 350 1147 379 V.
1176 359 1225 380 vs-
1247 353 1317 388 651.

427 397 492 431 Qua
512 398 627 433 veniat,
645 408 828 438 caussamque
848 399 930 434 viae,
954 408 1104 438 nomenque
1128 408 1257 438 rogatus.
1480 438 1483 442 .

181 442 339 471 Amicitiae
362 443 445 479 fides.
485 447 590 477 Iterum
609 449 677 478 haec
697 451 772 481 dIcta
796 459 864 482 sunt
886 458 938 490 per
961 453 1080 491 figuram
1110 464 1194 492 quam
1221 454 1249 486 ἓν
1279 456 1324 486 διὰ
1351 456 1422 487 δυοῖν
1446 462 1569 492 vocant,
1595 465 1648 492 pro

140 493 264 523 amicitia
286 493 380 531 fideli,
408 503 441 526 ut
466 507 554 536 supra
582 500 641 529 fab.
663 510 709 539 17.

180 546 236 584 Qui
263 545 336 575 mihi
357 562 396 570 ·-
413 547 530 584 fandis.
570 551 724 588 Eleganter
748 553 790 583 sie
821 564 905 593 saepe
928 569 960 588 το
982 559 1053 588 mihi
1079 560 1254 596 pleonastice
1279 560 1398 599 ponitur
1423 561 1501 599 apud
1522 561 1649 599 optimos

139 601 252 632 poetas.
291 597 379 634 Ptop.
403 598 545 631 LibsIV.
568 604 642 639 eleg.
659 612 689 640 4.
718 613 766 634 vs-
784 614 810 635 1.

428 650 506 686 Quid
522 653 593 681 mihi
611 659 671 682 tam
692 657 798 685 mullas
816 657 981 696 laudando,
1002 660 1105 698 Basse,
1120 662 1252 700 puellas,

464 703 615 733 Matinum
634 705 749 736 domina
767 710 839 746 cogis
857 709 937 739 abire
955 713 1043 741 mea?

138 750 213 787 eleg,
232 757 278 780 12.
300 759 345 781 νε.
366 761 397 783 1.

428 806 506 844 Quid
523 808 596 837 mihi
612 809 736 839 desidiae
754 821 810 841 non
827 822 916 842 cessas
931 813 1041 852 fingere
1057 816 1166 844 crimen
1176 837 1194 852 ,.

470 858 551 896 Quod
578 859 680 896 faciat
699 862 775 891 nobis
793 867 902 893 conscia
919 866 1013 895 Roma
1033 869 1170 897 moram?

137 901 187 932 Cf.
209 904 328 934 omnino
343 905 372 943 J.
393 906 486 937 PerIZ.
507 910 541 938 ad
561 911 658 942 Sanct.
681 913 810 945 MInerv.
832 916 901 947 Lib.
920 919 962 948 ΙΙ.
988 926 1054 955 cap.
1077 932 1104 953 2.
1130 925 1197 948 nota
1214 924 1244 954 55

175 957 261 989 Quem
286 955 440 995 bilinguem
463 966 520 989 cet.
561 962 610 991 Sic
629 963 768 1002 bilingues
789 967 874 1004 Virg.
901 968 971 998 Lib.
997 971 1023 999 I.
1052 969 1128 999 Aen.
1155 978 1202 998 vs.
1221 968 1289 999 661.
1311 976 1396 998 vocat
1416 969 1540 1006 Tyrios,
1562 974 1648 1009 quasi¹

136 1004 277 1035 subdolos
300 1013 328 1035 et
353 1008 455 1037 dubiae
483 1010 550 1040 fidei
581 1013 724 1045 homines.
775 1017 907 1054 Milphio
937 1026 1038 1048 servus
1064 1019 1141 1055 apud
1165 1020 1260 1049 Plaut.
1290 1019 1321 1049 in
1347 1021 1476 1051 Poenulo
1510 1024 1580 1053 Act.
1604 1024 1648 1053 V..

136 1053 182 1084 Sc.
200 1064 232 1086 ει.
254 1065 300 1086 vs,
318 1066 368 1094 72.
394 1059 567 1091 Hannonem
591 1064 859 1103 CarthagIniensem
884 1070 927 1099 sic
952 1070 1135 1106 alloquitur:

421 1113 466 1141 At
484 1113 577 1142 hercle
596 1121 624 1144 te
642 1116 779 1146 bominem
799 1126 826 1148 et
842 1121 1041 1159 sycophantam
1060 1128 1087 1150 et
1106 1121 1248 1151 subdolum
1260 1143 1280 1158 2„

421 1162 507 1200 ¹Quid
522 1164 577 1194 hue
595 1165 737 1197 advenisti
755 1178 802 1198 nos
820 1177 969 1209 captatum
988 1172 1137 1210 migdilybs

419 1214 650 1254 Bisalcilingzxa,
672 1221 755 1256 quasi
767 1228 935 1260 proserpens
954 1222 1068 1252 bestia?

133 1260 198 1291 Hos
224 1261 338 1297 διπλοῦς
352 1263 452 1301 ἄνδρας
475 1268 659 1303 appellabant
682 1270 799 1302 Graeci.
839 1272 921 1301 Alias
935 1272 1072 1311 bilingues
1087 1274 1254 1304 dicebantur
1275 1284 1304 1305 v.
1322 1283 1353 1305 c.
1376 1279 1503 1315 populi,
1524 1281 1573 1316 qui
1589 1281 1644 1309 dun

133 1314 202 1351 plici
229 1316 325 1352 lingua
350 1317 563 1352 loquebanturz
593 1319 655 1350 vid.
675 1321 757 1352 Hier.
785 1323 930 1353 Columna
953 1324 988 1354 ad
1003 1324 1093 1354 Ennii
1119 1324 1232 1363 Fragm.
1252 1336 1282 1364 p.
1300 1336 1369 1365 327·
1393 1329 1439 1359 ed.
1459 1330 1547 1362 Hess.

827 1428 946 1440 —.

309 1496 568 1530 FABULA
626 1502 1211 1543 QUINQUAGESIMA
1267 1507 1458 1541 NONA.

654 1598 811 1618 MURES
863 1601 913 1620 ΕΤ
963 1601 1120 1622 FELES·

412 1670 547 1699 Mariam
567 1673 609 1700 vis
628 1683 734 1712 magna
753 1676 784 1704 in
804 1677 868 1705 unis
886 1686 986 1707 aevum
1007 1678 1111 1717 agebat
1131 1679 1245 1709 aedibus
1252 1688 1266 1708 .·.

415 1721 471 1754 Qui
489 1713 612 1752 videntes
624 1724 696 1760 felis
713 1732 779 1755 astu
798 1735 826 1755 se
843 1728 875 1755 in
894 1727 952 1756 dies
971 1728 1132 1766 absander,

410 1771 471 1800 Hoc
489 1774 546 1801 suis
563 1765 674 1813 coepere
693 1776 774 1805 rebus
792 1779 919 1815 remedi,
941 1787 974 1809 ut
992 1782 1208 1811 excelsissimam

410 1821 534 1851 Aedium
550 1831 663 1861 partem
683 1832 810 1856 tenerent
828 1829 900 1858 hosti
918 1832 1087 1861 inaccessam
1107 1844 1176 1870 sua,-

413 1872 494 1909 Quod
509 1875 624 1903 salubre
641 1879 821 1907 constitutum
841 1881 969 1911 muribus
987 1884 1163 1914 servantibus
1171 1905 1188 1922 ,.

409 1924 495 1953 Hane
513 1926 634 1954 vicissim
655 1930 824 1966 excogitavit
842 1931 965 1962 callidus
975 1933 1048 1970 feles
1066 1934 1183 1972 dolam,

413 1973 454 2002 Ut
473 1975 566 2012 tigillo
582 1979 757 2014 prominenti
772 1983 885 2019 pariete
903 1992 939 2012 ex
957 1985 1102 2016 domestico
1113 2007 1125 2023 ,

412 2026 567 2066 Applicans
580 2029 665 2067 pedes
683 2034 811 2072 supinos,
831 2037 924 2075 capite
942 2035 1070 2066 deorsam
1085 2037 1230 2077 pendula,

1549 2094 1633 2124 Mun
