1919 2511
10 2148 13 2161 l

316 122 545 157 RESPONSIO
573 131 616 153 An
645 120 958 162 QUAESTIONEM
987 120 1313 153 THEOLOGICAM.
1531 126 1566 156 19

58 212 113 250 giis
128 211 256 240 illustres
269 230 279 245 ,
297 209 479 238 Willehadus
499 207 514 245 (
528 206 584 244 1),
606 205 753 235 sturmius
772 204 864 242 (2),
884 205 1047 244 Liudgerus
1063 206 1079 243 (
1091 214 1105 242 3
1119 205 1147 241 ).
1189 203 1228 232 At
1245 202 1423 231 sacerdotum
1448 199 1566 238 plurimi

55 263 180 302 improbi
201 263 354 298 homines,
376 271 407 291 ac
425 261 455 291 in
468 260 568 299 primis
593 259 655 289 dira
680 258 803 288 habendi
828 257 963 294 cupidine
986 256 1151 286 inflammati
1171 255 1271 295 fuisse
1284 253 1430 282 videntur.
1468 251 1564 287 Supra

55 315 250 350 narravimus,
271 314 408 343 Cat-olum
425 312 548 342 decimas
566 311 602 340 iis
619 311 774 340 solvendas
786 309 949 338 Saxonibus
965 308 1151 345 imposuisse.
1192 306 1283 344 Quod
1296 304 1459 334 institutum
1474 303 1568 332 notis-

55 367 141 395 simae
161 367 222 403 ejus
241 365 408 401 prudentiae
425 364 505 393 valde
522 363 612 400 impar
627 368 698 392 erat.
740 362 865 391 Saxones
881 361 954 390 enim
971 359 1132 397 praefectos
1150 366 1220 388 suos
1238 357 1307 386 olim
1325 355 1443 385 arbitrio
1460 354 1567 391 singuli

56 417 282 446 remunerabant.
327 416 398 445 Non
423 416 526 444 mirum
555 422 604 443 eos
624 413 721 450 itaque
749 412 903 449 aegerrime
925 412 1049 448 tulisse,
1079 420 1110 440 se
1133 408 1354 444 sacerdotibus,
1377 407 1426 444 qui
1454 406 1571 442 religio-

54 476 139 504 nem,
151 468 238 505 magis
254 474 334 504 peste
347 468 467 497 invisam
479 487 489 503 ‚
509 465 709 496 annuntiarent
726 471 814 500 atque
829 464 1034 499 defenderent,
1055 471 1129 499 quos
1145 462 1215 490 adeo
1233 458 1385 489 infortunii
1399 457 1444 486 sui
1459 465 1491 486 ac
1509 464 1571 485 ser-

57 519 120 549 vitii
144 527 276 549 auctores
299 519 471 555 praecipuos
498 518 730 553 considerarent,
752 516 861 545 tributa
889 515 1013 552 pendere
1031 515 1097 551 cogi
1117 513 1201 551 (4).
1242 512 1309 541 Hoc
1333 510 1447 548 egregie
1466 509 1570 539 Alcui=

53 578 108 599 nus
133 570 265 599 viderat:
296 576 471 607 quapropter
497 570 636 599 Carolum
666 576 869 604 commovere,
898 566 953 595 etsi
981 566 1063 595 nullo
1094 573 1253 600 successu,
1281 570 1402 592 conatus
1425 567 1504 597 erat,
1534 567 1569 589 ut

53 629 112 650 earn
133 622 222 658 legem
240 622 401 658 abrogaret.
442 621 495 650 Ille
512 627 605 649 autem
629 619 768 660 putabat,
790 627 820 647 se
839 618 922 647 etiam
946 619 999 647 sua
1023 624 1113 646 aetate
1136 625 1170 645 ex
1189 616 1286 645 divina
1303 614 1472 643 auctoritate
1494 612 1572 642 deci·-

54 681 113 702 mas
130 673 241 709 exigere
260 682 368 709 posse,
391 681 461 709 quas
489 674 568 702 Deus
592 672 660 701 olim
687 671 786 700 Israeli
813 669 966 699 solvendas
988 669 1164 705 imposuerat
1185 667 1263 704 (5).
1305 665 1448 695 Alcuinus
1474 665 1571 700 itaque

55 732 119 752 eum
143 724 255 753 monuit
269 744 279 759 ,
302 731 334 753 ut
350 724 481 760 videret,
501 733 571 754 num
595 722 722 760 apostoli
742 731 882 759 quoque,
905 721 1043 751 divinitus
1069 720 1184 756 edocti,
1207 726 1235 748 et
1261 718 1341 747 missa
1360 719 1394 746 ad
1417 717 1573 746 docendam

27 809 29 811 ι
53 775 166 804 Christi
192 775 372 812 doctrinam,
394 777 517 805 decimas
542 774 716 813 exegissent.
758 773 854 803 Bonas
880 781 926 802 eas
957 780 1019 802 esse
1043 771 1155 810 ajebat3
1185 770 1289 799 melius
1315 777 1386 798 vero
1409 769 1460 797 has
1488 776 1573 803 quam

55 825 140 854 fidem
161 827 301 863 perdere,
323 835 354 855 se
377 827 508 863 aliosque
533 827 562 857 in
589 827 646 856 fide
668 832 773 861 natos,
793 824 941 861 nutritos,
964 825 1083 853 edoctos
1099 823 1148 853 vix
1169 821 1353 856 consentire,
1376 829 1406 849 se
1430 819 1575 848 decimari.

57 876 160 914 Quid?
181 884 279 907 tenera
296 878 386 914 fides,
407 878 549 908 infantilis
575 879 685 909 animus
698 899 708 915 ,
729 886 813 907 avara
831 884 913 906 mens
934 875 1092 912 largitatem
1112 872 1278 912 hujusmodi
1300 871 1397 900 ferat?
1424 871 1493 899 Fide
1513 878 1578 898 cor-

53 928 211 965 roborata,
239 929 467 966 confirmataque
484 928 693 960 consuetudine
716 929 908 966 Christiana,
937 935 999 957 tum
1023 927 1115 964 viris,
1142 926 1247 956 adultis
1273 925 1428 961 videlicet,
1452 923 1575 952 fortiora

57 980 148 1010 danda
176 989 238 1010 esse
258 988 429 1018 praecepta,
454 990 526 1017 quae
547 982 641 1011 solida
666 990 746 1011 mens
772 990 832 1011 non
858 981 1012 1010 abhorreat
1032 979 1112 1017 (6).

59 1045 63 1048 ·
91 1032 171 1061 Haec
185 1032 246 1062 ille.
285 1033 380 1070 Cujus
401 1034 570 1062 sententiam
590 1033 655 1062 ideo
681 1033 727 1062 hic
749 1033 809 1063 loci
830 1032 1000 1068 attulimus,
1025 1031 1104 1068 quod
1127 1038 1161 1059 ex
1187 1030 1220 1058 etl
1241 1029 1361 1058 maxime
1388 1027 1460 1057 effici
1487 1035 1576 1063 posse

54 1083 204 1119 videatur,
223 1090 361 1120 quantum
375 1092 460 1114 verae
474 1084 586 1114 Christi
603 1085 741 1115 ecclesiae
761 1084 896 1114 nocuerit
915 1081 1095 1113 sacerdotum
1121 1081 1257 1117 avaritia,
1279 1088 1354 1117 quae
1371 1080 1438 1115 plus
1454 1078 1536 1107 etiarn
1557 1088 1574 1106 a

55 1136 166 1172 populo
185 1135 331 1172 exigeret,
354 1144 439 1172 quam
458 1135 572 1172 quidem
588 1138 652 1174 lege
673 1138 899 1174 permitteretur.
940 1137 1030 1175 Quod
1045 1144 1164 1173 quoque
1180 1135 1336 1172 pessimum
1355 1141 1454 1162 eorum
1471 1132 1575 1162 vitium

35 1186 200 1224 Anninus
226 1187 358 1223 queritur
386 1186 418 1217 in
441 1187 546 1217 litteris
570 1189 605 1218 ad
627 1188 838 1226 Meginfridum
862 1188 987 1218 aulicum
1014 1188 1093 1226 (7).
1140 1187 1187 1216 Ex
1210 1186 1265 1222 qua
1291 1183 1451 1220 scriptione
1478 1183 1578 1212 claris-

55 1236 128 1265 ΜΕ
144 1243 242 1274 ΡᾶἨθῑε
261 1238 379 1276 sacros:
389 1238 536 1268 Saxonum
554 1241 700 1276 praesules
727 1250 789 1271 non
815 1243 912 1271 solum
939 1241 1111 1272 inexhausta
1130 1239 1267 1270 aviditate
1292 1237 1430 1267 excitatos
1461 1235 1574 1269 fuisse,

57 1289 107 1318 sed
125 1297 245 1327 quoque
269 1293 362 1320 multo
388 1292 480 1329 magis
506 1294 695 1330 congerendis
718 1294 890 1325 incubuisse
911 1294 1039 1331 opibus,
1069 1301 1155 1329 quam
1178 1290 1290 1320 muneri
1317 1286 1499 1318 sanctISsimo
1522 1285 1577 1313 rite

33 1373 35 1376 ,
58 1341 205 1372 obeundo.
244 1341 283 1371 Se
301 1342 375 1372 enim
391 1349 492 1379 optare
509 1343 570 1380 ait,
592 1351 625 1374 ut
644 1345 779 1376 doctores
809 1347 988 1385 apostolicae
1012 1345 1079 1375 fidei
1101 1343 1256 1380 aliquando
1277 1341 1475 1379 reperiantur,
1497 1337 1578 1375 prae-

57 1390 218 1428 dicatores,
239 1401 299 1422 non
314 1402 386 1422 vero
404 1395 598 1430 praedatores.

100 1443 150 1487 Sic
180 1443 267 1481 igitur
290 1444 486 1480 nequissimos
513 1446 644 1476 homines
672 1456 687 1476 e
718 1448 918 1478 sacerdotibus
942 1448 972 1477 in
995 1446 1146 1476 Saxoniam
1175 1443 1270 1474 missis
1299 1443 1391 1472 fuisse
1422 1441 1575 1471 cernimus.

55 1492 124 1531 Etsi
140 1501 234 1524 amem
261 1495 349 1524 trium
374 1497 593 1533 tantummodo,
617 1506 691 1534 quos
713 1499 913 1535 laudavimus,
941 1497 1062 1534 optima
1075 1495 1268 1533 praeditorum
1290 1494 1386 1523 indole
1404 1491 1551 1520 hominum
1565 1508 1577 1525 ,

29 1546 34 1551 '
57 1543 95 1593 'ad
111 1554 165 1576 nos
181 1546 313 1583 pervenit
328 1547 482 1584 memoria,
504 1554 627 1577 attamen
651 1557 780 1585 summa,
804 1550 863 1585 qua
878 1548 1023 1579 Alcuinus
1034 1568 1045 1583 ,
1062 1554 1150 1583 penes
1169 1547 1306 1576 Carolum
1321 1564 1332 1579 ,
1346 1543 1496 1571 fruebatur
1511 1550 1578 1571 auc-

61 1596 179 1629 toritas,
200 1605 315 1633 sperare
331 1598 451 1634 suadet,
466 1599 666 1636 imperatorem
685 1602 785 1637 plures
802 1599 963 1635 antistites,
981 1598 1152 1636 gravissimo
1170 1603 1254 1633 aptos
1271 1594 1366 1623 officio
1377 1614 1388 1630 ,
1405 1594 1477 1631 elegi
1496 1594 1578 1623 enixe

59 1651 187 1716 eurasses
218 1646 324 1677 Exstat
342 1648 417 1678 enim
429 1669 440 1686 ,
455 1650 491 1679 ad
505 1658 564 1680 eam
583 1658 641 1680 rem
658 1651 805 1688 pertinens
814 1671 826 1688 ,
838 1650 933 1692 Flacci
950 1649 1076 1687 epistola
1090 1648 1126 1678 ad
1139 1655 1233 1685 regem
1249 1645 1362 1685 egregie
1378 1644 1484 1682 scripta
1496 1644 1576 1682 (8).

187 1712 189 1714 ·
314 1731 318 1733 Δ
1502 1695 1581 1725 Hor-

46 1762 165 1815 -(Ὓι)
184 1780 214 1807 bn
226 1782 278 1807 vita
293 1789 336 1815 ap.
352 1782 443 1815 Bouq.
434 1799 460 1813 .‚
476 1790 505 1816 p.
520 1790 581 1818 ⁴77·

98 1825 165 1873 (2)
186 1827 216 1852 1¹²
232 1827 285 1851 Vim
301 1833 344 1858 ³1>-
355 1826 457 1858 Bouqn
474 1836 505 1858 P·
516 1836 578 1859 479·
612 1831 660 1858 Cf.
672 1831 746 1858 etiam
760 1833 786 1858 in
799 1833 890 1865 primIs
904 1833 961 1859 Nea
962 1831 1022 1858 ndri
1036 1831 1139 1857 libellus
1149 1848 1157 1861 ,
1170 1830 1217 1855 cui
1232 1828 1337 1854 titulus·
1358 1827 1578 1859 Gedenkwurdig-

61 1862 149 1901 keiten
164 1879 208 1898 aus
227 1866 270 1897 der
288 1864 388 1898 Gesch.
400 1870 445 1897 des
464 1872 565 1900 Christ.
581 1872 636 1899 und
654 1874 700 1901 des
712 1876 821 1904 Christi.
836 1878 956 1910 Lebens,
975 1878 1008 1905 T.
1021 1877 1074 1904 111.
1091 1878 1121 1904 Ρ.
1137 1876 1174 1903 ΙΙ.
1191 1883 1220 1909 p-
1237 1881 1283 1907 1¹5
1300 1881 1358 1907 sqq·

84 1915 161 1953 (3)
181 1919 209 1944 In
223 1919 274 1944 vita
291 1926 319 1951 p.
335 1918 386 1950 480
402 1925 443 1951 ap.
453 1910 543 1951 'Bouq.

74 2001 81 2009 Γ,
70 1953 165 1999 (43
180 1964 245 1992 Vid.
265 1963 397 1995 Schmidt,
416 1964 512 1991 Gesch.
526 1965 552 1990 d.
569 1961 695 1994 Teutseh.
713 1969 741 1995 h.
755 1969 772 1995 l.
790 1977 817 2002 p.
833 1976 877 2003 4¹³·
913 1967 1049 1996 Schrfickh
1062 1986 1071 2000 ‚
1088 1976 1115 2001 p.
1132 1968 1181 1994 261
1197 1975 1254 2000 sqq.

73 2010 76 2017 ’
100 2009 122 2046 ·(
133 2010 278 2046 5)·Capit.
297 2010 330 2036 de
352 2015 417 2043 pm.
436 2011 522 2043 sax..
538 2019 564 2039 n.
584 2018 623 2045 ις.
639 2014 726 2047 capit.
745 2015 870 2042 Francos.
885 2015 942 2041 anni
958 2021 1018 2048 795.
1034 2022 1062 2041 n.
1076 2019 1119 2046 25.
1151 2013 1200 2041 cf.
1218 2012 1429 2047 Montesquieu,
1446 2018 1515 2045 espr.
1532 2011 1576 2037 des

71 2051 144 2089 ibix,
161 2058 180 2084 1.
193 2057 303 2084 XXXII.
321 2064 347 2083 c.
360 2064 401 2085 12.
568 2057 634 2093 (6)
653 2059 706 2093 Ep.
723 2067 764 2094 14.
782 2068 824 2094 ap.
842 2062 949 2094 Bouq.,
967 2068 995 2093 p.
1006 2061 1067 2087 622.

106 2102 125 2137 (
135 2102 174 2138 7)
191 2103 253 2131 vid.
268 2111 331 2138 opp.
346 2104 406 2132 Alc.
422 2103 462 2132 ed.
481 2103 560 2133 Frob.
571 2123 581 2138 ,
595 2112 618 2134 ε.
634 2107 657 2134 1.
674 2114 701 2140 p.
715 2113 758 2139 37.
914 2104 979 2141 (8)
997 2106 1069 2141 Opp.
1087 2111 1108 2134 t.
1124 2106 1146 2134 Ι.
1164 2113 1208 2140 ep.
1222 2107 1265 2134 28.

463 2154 465 2157 ⁴
833 2152 864 2183 C
884 2161 904 2183 n
