1919 2511
296 148 332 174 1²0
689 112 739 168 M]
804 129 1359 174 J.‘MAcQ1JE-1.YN

292 225 459 259 somnium
474 221 682 256 divinasset:
713 220 833 264 quibus
856 219 998 254 inventis
1025 220 1065 252 si.
1078 219 1242 254 addamus
1266 229 1329 260 ca,
1356 228 1441 262 quae
1465 228 1485 251 a
1506 217 1762 260 physico-Chaa

292 282 386 315 micis
417 279 519 313 circa·
537 278 629 312 fluidi
660 275 857 318 Galvanici,
891 275 1045 308 Electrici
1065 299 1074 316 ,
1106 277 1314 320 Magnetici,
1343 275 1378 308 in
1404 277 1534 318 Corpus
1561 277 1759 309 Humanum

292 339 454 371 actionem
480 333 643 368 instituta
666 339 744 366 sunt
762 333 996 376 'experimenta
1013 356 1023 373 ,
1055 333 1350 376 magniloquentiae
1378 341 1433 363 me
1463 342 1532 365 non
1560 331 1760 364 accusabitis

292 395 330 425 A.
352 394 393 424 A.
411 394 455 424 H.
478 389 533 433 H,
557 391 586 422 si
602 391 687 422 inter
703 390 816 432 prima
825 413 835 430 ,
858 394 890 421 et
905 388 1284 432 praeeipua:Mcdicinac
1299 389 1470 421 Practicae
1484 389 1637 421 Doctoris
1650 386 1761 420 officia

292 447 529 482 recensendam
554 456 625 478 esse
646 451 801 477 statuam
826 445 1066 488 cognitionem,
1088 449 1120 476 et
1145 445 1294 477 criticam
1320 445 1591 488 perquisitionem
1610 444 1761 477 omnium

291 506 422 538 illarum
450 500 678 536 inventionum
691 525 702 542 ,
732 511 817 544 quae
837 510 857 532 a
878 499 1046 542 Physicis,
1080 499 1265 543 chemicis,
1297 501 1465 534 Botanicis
1487 518 1522 524 —
1545 511 1612 533 uno
1636 499 1737 534 verbo
1752 524 1765 541 ,

293 560 333 592 ab
353 560 518 592 Historiae
533 558 700 590 Naturalis
716 556 906 589 Cultoribus
921 555 1179 599 ipsiofferuntur
1189 581 1199 598 ,
1223 563 1255 590 et
1275 567 1419 600 quarum
1434 566 1496 599 ope
1510 556 1661 589 Humani
1674 558 1759 589 Cor-

292 617 471 659 periswum
483 615 555 646 sani
567 632 580 655 ,-
600 619 673 646 tum
686 613 886 657 aegrotantis
901 615 1067 645 Naturam
1083 613 1220 655 callere,
1246 614 1460 656 etutriusque
1485 613 1588 645 statiis
1612 611 1765 655 pliaeno⁶¹

292 682 391 704 mena
412 671 454 704 ad
478 672 586 714 legum
608 668 830 702 Naturalium.
846 668 1130 711 observationem,
1153 675 1186 702 et
1211 669 1463 713 explicationem
1479 667 1657 710 adhibere,
1680 667 1764 701 etin

294 737 372 759 usus
388 728 552 770 practicos
570 731 760 759 convertere
775 726 890 768 possit.

336 785 439 815 Haec
462 782 558 823 sunt,
581 783 621 814 A.
645 783 685 815 A.
699 784 752 814 Ἡ.
777 783 824 813 H.
841 785 1046 822 momenta,
1069 780 1188 825 quibus
1211 780 1301 813 Artis
1326 777 1676 826 Historiam—instruit,
1701 788 1761 811 or·-

295 844 370 880 nat‚
401 837 496 871 etad
518 838 776 881 perfectionem,
807 838 901 879 cuius
929 846 1036 879 capax
1065 842 1114 869 cst
1129 860 1139 878 ‚
1173 836 1303 878 evehit,
1331 841 1363 868 et
1385 833 1670 868 commilitonibus
1692 835 1762 868 suis

294 900 458 928 monstrat
481 893 668 926 Medicinae
696 893 868 925 Praeticae
895 895 1042 933 Doctor,
1075 897 1113 925 ut
1138 891 1276 934 totidem
1302 891 1502 925 adminicula
1516 915 1525 932 ,
1550 891 1765 934 quantumvis

296 961 336 983 ex
359 951 463 993 ipsius
490 950 568 982 artis
589 949 734 982 fontibus
754 959 823 982 non
849 949 971 991 petita,
1000 959 1021 981 a
1040 948 1173 981 sororiis
1199 953 1311 981 tamen
1337 947 1516 990 disciplinis
1532 951 1707 989 mutuata,
1731 950 1764 978 et

298 1007 332 1039 in
349 1005 451 1048 ipsius
471 1006 550 1038 artis
565 1006 717 1038 exercitio
734 1005 770 1037 in
784 1004 917 1036 foenore
938 1003 1057 1046 posita.

347 1062 380 1094 si
405 1071 482 1096 vero
504 1062 654 1094 animum
679 1060 891 1094 advertamus
920 1058 964 1091 ad
985 1058 1061 1091 illas.
1079 1058 1254 1101 scientim,
1277 1069 1362 1103 quae
1381 1059 1417 1092 in
1430 1058 1549 1098 ‘limine
1577 1057 1765 1091 Institutio⁴

297 1127 379 1149 num
407 1117 617 1150 Medicarum
634 1117 781 1159 positae,
803 1116 892 1150 viam
910 1114 960 1148 :ad
982 1115 1168 1158 Aesculapii
1192 1116 1324 1159 Templi
1337 1115 1520 1159 penetralia
1538 1119 1712 1155 sternunt,
1735 1117 1769 1146 et

298 1171 482 1204 Medicinae
502 1172 693 1205 Studiosum
719 1182 778 1215 per
800 1170 920 1214 gradus
942 1170 985 1205 ad
1005 1170 1171 1214 fastigium
1197 1170 1355 1213 ducunt,
1381 1182 1425 1206 ex
1443 1181 1509 1215 quo
1537 1180 1654 1204 omnes
1675 1169 1773 1203 Artis.

300 1238 379 1260 suae
403 1233 514 1270 partes
536 1228 639 1262 veluti·
647 1236 703 1260 m
719 1231 936 1270 panoramate
967 1227 1091 1269 positas
1127 1227 1381 1270 circumspicere
1409 1228 1522 1268 valet,
1545 1227 1660 1260 statim
1689 1229 1771 1260 ante

299 1284 411 1316 oculos
433 1282 629 1318 obversatur
649 1283 801 1316 absoluta
821 1282 1020 1323 necessitas,
1043 1282 1175 1314 illarum
1205 1283 1419 1316 scientiarum
1439 1284 1623 1316 Historiam
1647 1293 1668 1315 a
1693 1283 1772 1314 Me-

298 1340 425 1372 dicinae
456 1340 628 1372 Praeticae
656 1341 800 1372 Doctore
828 1336 918 1373 Artis
941 1337 1102 1370 Studiosis
1126 1338 1164 1371 in
1187 1347 1269 1372 usus
1291 1340 1456 1381 practicos
1477 1338 1518 1371 de
1535 1338 1663 1372 meliori
1688 1337 1770 1371 nota

299 1394 576 1436 commendandi,
608 1400 640 1427 et
665 1395 730 1428 hoc
757 1394 911 1438 quidem.
930 1404 970 1427 eo
1000 1403 1123 1436 scopo,
1157 1399 1193 1427 ut
1222 1404 1339 1428 omnes
1368 1394 1534 1436 theorias,
1567 1405 1609 1427 ex
1636 1392 1771 1427 illarum

298 1450 546 1493 disciplinarum
565 1449 729 1493 inventis,
753 1456 787 1484 et
806 1450 1018 1484 incrementis
1043 1449 1206 1484 derivatas
1217 1473 1228 1492 ,
1251 1455 1283 1483 et
1303 1451 1339 1484 in
1358 1451 1480 1494 praxin
1496 1451 1609 1492 jurene
1623 1473 1632 1491 ‚
1657 1460 1699 1482 an
1714 1449 1771 1482 in-¹

298 1507 383 1548 juria
403 1506 608 1539 introductas
632 1507 719 1548 justa.
742 1507 866 1539 trutina⁴
882 1510 1029 1549 penset,
1050 1511 1082 1538 et
1097 1506 1201 1548 quale
1224 1506 1514 1542 commodum-<vel
1534 1505 1772 1538 detrimentum

299 1563 396 1604 praxi
420 1562 554 1594 clinicae
576 1562 764 1603 attulerint,
782 1562 873 1595 fideli
899 1568 980 1594 nair
982 1563 1109 1603 atione,
1142 1568 1175 1595 et
1199 1563 1352 1596 examine
1380 1562 1507 1595 critico
1514 1571 1585 1594 non
1599 1560 1766 1603 neglecto,

301 1627 381 1652 cum
393 1616 607 1650 Auditoribus
626 1616 696 1649 suis
713 1617 947 1650 communicet.

344 1676 422 1706 Non
442 1673 546 1706 multo
561 1683 715 1706 sermone
730 1682 789 1707 vos
801 1672 958 1705 morabor
972 1673 1012 1704 A.
1030 1673 1070 1705 A.
1091 1674 1136 1706 H.
1153 1675 1199 1706 H.
1209 1676 1216 1705 !
1241 1678 1278 1706 ut
1296 1648 1410 1714 vobiS,
1437 1673 1485 1711 (si
1508 1679 1644 1705 necesse
1665 1669 1769 1712 foret)

301 1729 546 1773 persuadeam,
576 1728 638 1761 hal
641 1739 699 1762 um
719 1728 981 1771 Disciplinarum
1002 1729 1192 1762 Historiam
1218 1740 1238 1761 a
1260 1729 1332 1762 foro
1358 1729 1503 1772 piactico
1534 1737 1605 1760 non
1624 1726 1769 1762 alienam

301 1795 385 1818 esse.
430 1786 709 1829 Contemplamini
733 1795 888 1825 mecum,
919 1794 1063 1827 quaeso,
1093 1785 1291 1818 Anatomiae
1315 1790 1347 1818 et
1373 1784 1600 1827 Physiologiae
1618 1787 1768 1827 statum,-

302 1851 367 1883 quo
395 1850 430 1873 se
451 1847 528 1873 ante
554 1842 620 1874 duo
643 1841 755 1873 secula
775 1839 963 1881 habebant,
993 1841 1158 1884 istumque
1179 1851 1258 1874 cum
1279 1840 1461 1881 hodierno,
1486 1839 1530 1872 ad.
1555 1837 1644 1882 quod
1664 1838 1768 1874 elatae

302 1902 401 1938 sunt,
423 1896 548 1940 fastigio
564 1902 773 1940 comparate,
797 1901 829 1929 et
843 1895 906 1929 hoc
924 1896 1010 1928 facto
1022 1906 1156 1929 mecum
1168 1897 1316 1930 lubentes
1333 1894 1615 1940 pronunciabitis,
1638 1894 1769 1928 illarum

303 1953 518 1986 scientiarum
545 1953 568 1985 f
569 1963 663 1986 (ciem
690 1951 887 1986 hodiernam
913 1951 956 1985 ab
978 1953 1016 1985 ea
1034 1976 1043 1994 ,
1077 1963 1180 1996 quam
1201 1953 1381 1996 antiquitus
1409 1950 1670 1991 monstrabant,
1701 1953 1768 1982 toto

304 2009 393 2041 coclo
421 2008 563 2041 differre.
1626 2031 1628 2038 ,

349 2067 461 2105 Quam
485 2065 583 2099 aictis
612 2063 769 2099 limitibus
799 2064 1068 2108 circumsciiptae
1081 2088 1092 2105 ‚
1127 2070 1159 2099 et
1184 2075 1287 2108 quam
1311 2064 1413 2098 densa
1438 2061 1766 2108 piaejudicationnm

1709 2125 1776 2150 nu-
