1919 2511
557 131 1102 187 'OffRAT⁷10.
1541 161 1581 192 13

107 246 307 291 pertinentia
335 247 454 289 quanta
482 244 636 278 decenter
657 245 728 278 fieri
756 247 859 289 possit
879 246 1038 280 brevitate
1066 247 1248 281 absolvam.

147 303 187 336 Id
209 308 319 335 tamen
339 312 406 334 non
427 301 643 343 recusabitis,
667 303 747 345 quin
769 304 968 336 Doctoratus
995 306 1062 345 jam
1086 304 1267 347 insignibus
1290 304 1452 347 ornandi,
1474 306 1572 340 disci-

102 354 266 402 pulorurn¹
286 358 401 392 ordine
433 359 564 401 relicto,
598 360 641 392 ad
666 361 869 402 superiorem
904 360 993 393 hanc
1023 360 1217 393 cathedram
1243 360 1286 393 ad
1313 372 1368 394 me
1398 368 1572 396 vocantem

103 415 278 449 accedatis.

149 530 294 572 Salvete,
328 531 396 564 cari
418 531 583 575 discipuli!
612 550 655 555 -
678 532 745 574 Qui
776 532 876 575 Togd
896 533 963 574 jam
986 531 1093 565 induti
1115 532 1183 565 huc
1213 533 1369 566 accedere
1396 533 1573 570 meruistis.

106 585 208 629 Quod
240 588 350 631 ipsum
388 594 494 632 togae
523 599 667 631 nomen,
704 595 882 633 quantam,
915 590 948 621 in
980 588 1073 622 vobis
1120 590 1272 632 inprimis
1307 591 1574 632 Jurisconsultis,

108 642 230 675 excitat
254 645 436 676 constantis
454 646 596 687 justitiae
629 656 706 678 cum
731 646 816 680 civili
845 646 1016 689 prudentia
1040 649 1234 690 conjunctae
1250 649 1484 681 consultorum
1503 647 1574 682 illo-

102 707 182 731 rum
204 700 436 733 Romanorum
459 701 678 735 memoriam!

143 755 244 796 Quod
266 757 362 800 igitur
380 757 528 800 bonum,
551 758 646 800 felix,
670 759 882 802 faustumque
903 769 975 792 esse
994 760 1070 794 velit
1090 762 1184 793 Deus
1203 763 1271 793 Ter
1292 761 1448 804 Optimus
1467 761 1574 795 Maxi-

97 815 190 844 mus!
213 822 255 845 ex
279 819 443 856 potestate
466 814 546 860 huic
568 815 769 847 Academiae
796 816 875 847 olim
900 826 961 859 per
983 829 1191 850 GUILIELMUM
1214 817 1306 849 illum
1329 818 1483 850 Primum
1506 819 1576 851 Au·

97 871 228 900 raicum
255 868 397 911 tributa,
426 881 487 913 per
515 870 652 914 dignum
678 872 762 903 tanti
787 873 932 905 nominis
959 884 1187 906 successorem
1214 884 1421 906 GUILIELMUM
1443 887 1574 908 Humum

96 925 222 967 Regem
251 929 400 968 servata,
430 929 623 960 auctoritate
648 930 798 961 Rectoris
824 929 1017 973 Magnifici‚
1048 935 1080 962 et
1105 930 1302 972 amplissimi
1326 932 1468 962 Senatus
1488 931 1574 964 Aca-

94 977 215 1012 demici
248 991 414 1015 consensu
432 1007 442 1024 ‚
483 982 782 1027 Nobilissimaeque
815 987 994 1018 Facultatis
1025 986 1190 1019 Jtu-idicae
1226 987 1358 1019 decreto
1375 1011 1384 1028 ‚
1427 998 1486 1031 ego
1523 990 1573 1020 Te

94 1035 311 1069 Gerar-dam
330 1040 514 1072 Ioannem
547 1039 592 1072 de
622 1039 803 1083 Martini,
835 1044 908 1085 Te,
944 1042 1142 1075 Sebalclzcm
1169 1043 1307 1075 Ianam
1340 1043 1575 1076 Everardam

91 1092 193 1135 Rau,
218 1093 606 1138 Lagdano-Batavos,
636 1097 724 1129 suris
748 1100 892 1132 Romani
918 1105 950 1132 et
970 1100 1132 1133 Hodierni
1160 1102 1323 1132 Doctores
1352 1099 1446 1141 dico,
1471 1110 1568 1140 creo,

91 1147 275 1191 renunci05
313 1150 355 1184 do
378 1151 483 1186 Vobis
507 1152 698 1186 facultatem
725 1165 743 1186 e
767 1155 936 1198 superiore
964 1155 1118 1188 cathedra
1148 1158 1221 1198 jura
1245 1155 1383 1189 docendi
1409 1160 1440 1188 et
1467 1155 1568 1188 inter-

91 1206 265 1248 pretandi,
287 1207 536 1241 consulentibus
554 1208 595 1241 de
620 1210 692 1251 jure
715 1210 956 1253 respondendi,
987 1221 1125 1244 caussas
1145 1210 1181 1244 in
1208 1212 1281 1244 foro
1303 1210 1441 1256 agendi,
1468 1223 1566 1255 quae-

93 1269 158 1303 que
181 1262 256 1303 jura
281 1269 379 1307 atque
402 1264 521 1297 decora
539 1264 742 1299 Doctoribus
762 1266 851 1299 Juris
871 1269 1017 1301 Romani
1035 1273 1068 1300 et
1085 1266 1248 1301 Hodie-mi
1270 1269 1331 1301 rite
1353 1270 1471 1301 creatis
1494 1269 1562 1313 lege

93 1315 144 1349 vel
165 1319 404 1353 consuetudine
427 1321 564 1355 concedi
584 1321 751 1367 tribuique
767 1323 894 1365 solent;
916 1324 952 1357 in
974 1333 1117 1367 quorum
1142 1315 1243 1356 fidem
1268 1324 1435 1368 accipietis
1461 1324 1563 1368 diplo-

90 1376 205 1415 mata,
227 1376 345 1417 majori
372 1376 574 1411 Academiae
602 1379 703 1423 sigillo
732 1379 864 1414 munita
885 1386 918 1414 et
939 1391 959 1413 a
981 1392 1275 1423 SMALLENBURGIO,
1306 1382 1389 1415 Viro
1416 1382 1563 1414 Clarissi-

89 1436 167 1470 mo,
190 1440 283 1463 nunc
303 1433 445 1465 Senatus
467 1434 627 1468 Actuario
650 1435 851 1480 subscripta.

131 1484 238 1517 Macti
260 1491 363 1520 estote
386 1489 524 1531 virtute,
545 1492 631 1523 Juris
656 1493 801 1525 Romani
818 1499 851 1525 et
868 1492 1030 1527 Hodierni
1051 1496 1232 1527 Doctores!
1256 1504 1276 1526 a
1297 1503 1370 1534 me,
1394 1492 1483 1536 quod
1503 1504 1561 1537 ego

87 1537 125 1572 in
150 1538 311 1573 felicitatis
339 1553 435 1575 meae
463 1551 558 1586 parte
576 1557 688 1589 pono,
712 1559 732 1580 a
752 1559 808 1580 me
824 1551 1044 1592 Praeceptore
1065 1550 1228 1582 hactenus
1253 1551 1388 1589 Vestro,
1413 1550 1562 1592 primum

88 1593 154 1627 hoc
179 1596 315 1630 nomine
339 1599 574 1641 compellandi!
602 1619 646 1624 —
673 1602 738 1636 Sed
759 1613 963 1648 quamquam
987 1604 1104 1638 lubens
1133 1616 1175 1637 ex
1197 1605 1364 1649 disciplina
1391 1607 1462 1638 mea
1491 1608 1562 1639 Vos

88 1650 218 1694 dimisi,
241 1659 411 1696 postrema
438 1659 552 1689 tamen
571 1655 655 1691 haec
671 1668 870 1705 summaque
889 1659 973 1694 mihi
992 1661 1177 1703 concedite,
1202 1667 1233 1694 et
1255 1661 1370 1695 eadem>
1392 1664 1455 1706 qua
1477 1672 1561 1694 sem-

87 1716 148 1750 per
169 1708 276 1741 fuistis
308 1710 470 1744 modestia
496 1723 538 1745 ac
568 1713 732 1748 docilitate
759 1716 898 1760 accipite
929 1718 1015 1752 vitae
1043 1717 1190 1761 artisque
1212 1720 1353 1751 Vestrae
1383 1719 1444 1750 rite
1467 1716 1562 1750 insti·

86 1763 229 1796 tuendae
256 1766 524 1816 exercendaeque
547 1776 746 1814 praecepta,
776 1784 862 1817 quae
888 1773 1049 1817 symbolis
1066 1773 1217 1818 typisque
1234 1774 1285 1807 his
1305 1775 1435 1807 animos
1457 1774 1553 1806 altius

85 1825 299 1863 penetratura
340 1823 487 1866 prudens
528 1826 664 1860 involvit
700 1828 888 1872 antiquitas.

133 1876 262 1909 Videtis
296 1879 434 1922 Corpus
461 1880 565 1914 Juris
598 1883 760 1917 Romani
783 1891 964 1929 apertam.
987 1905 1031 1910 —
1053 1888 1170 1930 Turpe
1193 1887 1454 1929 Jurisconsulto,
1486 1887 1558 1921 sine

93 1931 160 1975 lege
186 1933 292 1977 loqui!
324 1936 438 1979 Turpe
467 1938 548 1980 civi,
568 1940 724 1980 Doctori‚
749 1951 868 1974 causas
892 1943 1019 1985 oranti,
1043 1944 1095 1985 jus
1116 1944 1152 1976 in
1183 1954 1251 1987 quo
1268 1949 1441 1985 versatur,
1466 1946 1559 1987 quus

89 1989 242 2031 peritiam
259 1990 451 2034 profitetur,
473 1994 640 2038 ignorare!
663 2015 705 2020 —
727 1999 830 2031 Hunc
844 1998 956 2042 itaque
978 1998 1120 2041 librum,
1142 1999 1353 2032 uberrimum
1376 1999 1457 2042 juris
1476 2002 1561 2041 ejus-

92 2054 156 2087 que
176 2046 391 2090 prudentiae,
423 2055 555 2083 nostrae
577 2060 707 2096 quoque
730 2054 929 2098 Belgarum,
956 2055 1082 2088 fontem
1105 2066 1308 2098 perennem,
1331 2058 1448 2099 porro,
1472 2055 1561 2098 quod

87 2098 156 2134 huc
183 2111 287 2147 usque
311 2103 454 2148 fecistis,
485 2105 657 2151 diligenter
677 2110 832 2154 evolvite,
855 2111 1020 2145 noemma
1040 2110 1224 2156 diurnaque
1246 2122 1353 2146 manu
1374 2114 1516 2146 versate!

895 2170 923 2201 B
949 2170 970 2201 5
1518 2177 1562 2202 vi-
