1919 2511
356 122 587 155 RESPONSIO
615 133 659 155 AD
690 126 1002 165 QUAESTIONEM
1032 133 1361 171 THEOLOGICAM.
1579 154 1617 183 27

102 204 204 235 talitati
219 205 422 236 'mandaverunt
439 208 455 245 (
466 216 477 236 r
489 208 519 244 ).
560 208 690 237 Praeerat
714 209 780 238 huic
798 211 923 248 collegio
942 212 1085 245 Alcuinus
1103 218 1170 255 (ε)
1184 239 1194 253 ,
1218 228 1323 256 quem,
1345 223 1407 250 aevi
1436 224 1482 253 sui
1508 226 1618 257 doctis-

99 256 203 286 simum
220 256 388 294 hominem,
410 259 535 288 Carolus
554 260 668 288 maximi
680 260 813 291 faciebat.
854 262 931 292 Huic
950 264 998 294 ille
1014 267 1095 302 quasi
1112 277 1300 307 praeceptor,
1323 273 1526 311 consiliarius,
1549 279 1619 307 ami-

96 315 149 336 cus
162 307 281 337 intimus
295 328 305 344 ‚
326 315 408 345 pater
432 316 503 339 erat.
545 311 659 340 Contra
680 320 750 340 vero
774 312 928 348 imperator
951 316 976 345 ei
1002 317 1032 346 in
1054 320 1211 356 omnibus,
1234 331 1305 358 quae
1328 325 1364 353 ad
1386 330 1614 361 promovendum

96 357 253 387 litterarum
281 360 391 388 cultum
418 361 616 398 pertinerent,
644 363 775 393 adstabat
801 370 886 400 atque
912 367 1122 403 opitulabatur.
1167 372 1210 401 Ex
1231 373 1349 404 Alcuini
1380 377 1487 407 meritis
1513 379 1610 416 itaque

95 408 221 438 Carolus
235 418 414 447 permagnam
433 418 541 447 partem
562 413 618 441 sibi
635 422 689 443 suo
704 415 770 452 jure
785 415 924 447 vindicat.
966 420 1041 449 Cum
1059 422 1102 451 illi
1121 424 1307 460 plurimarum
1328 427 1358 456 in
1378 428 1501 458 abbatiis
1523 431 1611 460 scho-

91 449 183 488 larum
198 461 324 497 regimen
341 462 476 491 traditum
494 471 588 500 esset,
609 466 639 494 in
658 466 758 502 primis
776 468 867 496 sancti
891 469 1011 501 Martini
1038 473 1197 512 abbatiam,
1220 486 1311 514 prope
1335 478 1483 509 Turonem
1496 502 1506 516 ,
1529 490 1611 512 cura-

91 506 160 546 bat,
185 519 268 546 quarn
294 521 412 548 quoque
436 522 559 544 cesserat
579 515 605 545 ei
636 517 761 546 Carolus
789 519 988 559 habitandam,
1021 534 1078 561 quo
1103 533 1231 564 tempore
1252 530 1314 566 ipse
1339 531 1421 560 bellis
1449 533 1608 570 implicitus

94 561 209 591 abesset
226 564 266 601 (3
278 563 307 600 ).
347 565 381 594 In
396 565 447 594 hac
467 567 567 596 schola
589 568 732 598 Alcuinus
750 579 862 600 ornnem
883 572 946 609 ipse
968 576 1085 606 curabat
1102 578 1326 616 institutionem.
1367 583 1488 613 Litteris
1504 586 1538 614 ad
1553 585 1610 616 Ca-

90 614 187 642 tolum
211 614 307 651 datis,
328 621 467 652 testatur,
490 626 520 646 se
546 618 721 655 impertitum
748 630 811 650 esse
837 623 901 652 aliis
929 626 1009 655 Sacri
1033 628 1152 658 Codicis
1174 631 1390 670 cognitionem,
1420 635 1488 665 artis
1516 645 1609 674 gram-

91 663 209 693 maticae
228 665 309 700 aliis,
327 666 390 695 aliis
409 670 600 699 astronomiae
626 671 709 709 (4).
752 672 933 710 Quibuscum
957 678 1061 707 studiis
1081 688 1180 716 postea
1204 690 1331 712 veterum
1354 685 1531 716 Graecorum
1550 687 1607 718 La-

87 713 273 751 tinorumque
294 718 419 747 studium
448 721 616 758 conjunxit,
640 731 727 758 quum
751 732 782 752 se
808 734 834 753 er
851 726 995 758 addiderat
1017 730 1181 768 Linguefus
1207 735 1339 772 Anglus,
1362 746 1459 766 eorum
1488 728 1606 777 scriptis

86 765 169 795 valde
195 774 311 803 gnarus.
359 769 477 799 Factum
504 779 548 800 est
573 772 684 809 igitur,
712 782 745 803 ut
767 775 956 808 Martinensis
983 782 1076 817 lycaei
1106 783 1241 821 discipuli
1269 788 1406 823 permulti
1433 790 1468 818 ad
1495 799 1605 821 summa

84 816 277 847 ecclesiastica
311 828 427 849 munera
469 823 681 859 eveherentur,
717 833 766 855 aut
801 827 919 858 aliarum
961 831 1125 863 scholarum
1163 836 1298 866 doctores
1330 847 1495 869 crearentur
1522 843 1602 878 (5).

85 869 134 900 Ex
151 872 286 901 omnibus
308 881 423 911 autem,
445 877 591 914 dignitatis
616 887 743 909 summae
765 881 901 919 clericis,
920 883 1110 914 Theoduefus
1130 888 1318 924 praesertim,
1339 890 1494 927 episcopus
1510 892 1604 921 Aure-

83 920 243 960 lianensis,
263 923 430 960 imperatori
447 928 682 965 morigerabatur.
721 931 755 961 In
773 932 910 970 decreto,
931 936 1011 971 quod
1034 945 1110 966 anno
1134 940 1242 968 saeculi
1259 942 1352 970 octavi
1371 943 1473 972 ultimo
1495 945 1600 981 edidit,

83 972 232 1002 ecclesiam
258 981 286 1004 et
307 977 390 1012 plura
408 980 547 1008 coenobia
573 980 702 1018 indicat,
730 984 765 1012 ad
784 993 856 1019 quae
887 986 995 1015 liberos
1028 995 1229 1025 cognatosque
1259 999 1328 1020 suos
1358 993 1488 1024 homines
1508 996 1604 1026 mitte-

76 1029 162 1059 rent,
191 1024 353 1056 edocendos
378 1028 464 1066 (6).
501 1029 594 1067 Jussit
616 1034 723 1062 clerum
748 1035 830 1064 etiam
845 1057 855 1072 ,
886 1039 1001 1068 scholas
1025 1039 1056 1068 in
1080 1041 1163 1077 pagis
1189 1042 1258 1079 erigi
1282 1050 1368 1080 atque
1395 1047 1540 1084 urbibus,
1570 1055 1602 1077 ut

74 1080 203 1112 pueros,
228 1077 278 1112 qui
302 1086 334 1106 se
355 1079 389 1108 ad
415 1088 466 1110 eos
489 1082 674 1121 conferrent,
703 1087 786 1115 nullo
809 1089 907 1118 soluto
934 1090 1100 1129 stipendio,
1122 1100 1236 1129 praeter
1263 1096 1426 1126 voluntaria
1450 1105 1601 1134 parentum

72 1131 195 1155 *munera
206 1147 217 1162 ,
237 1127 390 1166 diligenter
407 1131 592 1163 instituerent
609 1137 626 1173 (
633 1144 650 1172 7
661 1137 689 1171 ).

115 1175 222 1215 Neque
245 1189 310 1210 cum
333 1183 432 1213 Caroli
453 1185 537 1215 obitu
560 1186 761 1220 institutorum
787 1193 848 1231 eJ‘us
868 1193 912 1223 vis
930 1200 958 1222 et
982 1194 1103 1224 efficacia
1128 1195 1225 1232 periit.
1266 1198 1424 1229 Crescente
1449 1202 1597 1237 opulentia

67 1230 221 1266 auctaque
239 1231 268 1261 in
293 1233 354 1262 dies
374 1236 464 1272 magis
486 1237 691 1274 episcoporum
719 1248 886 1280 potestate,
908 1243 939 1272 hi
965 1244 1130 1274 scholarum
1155 1246 1185 1275 in
1210 1246 1369 1284 episcopiis
1395 1258 1489 1279 curam
1513 1251 1599 1280 habe-

68 1287 105 1309 τε
134 1289 203 1311 mox
229 1286 418 1321 neglexerunt
443 1288 521 1325 (8).
571 1290 628 1319 Sed
658 1292 761 1322 melior
786 1296 879 1324 multo
909 1302 969 1325 erat
999 1304 1093 1324 earum
1121 1295 1150 1325 in
1173 1299 1351 1328 monasteriis
1379 1307 1483 1331 status.
1530 1302 1597 1332 Nu-

65 1337 150 1360 mero
175 1335 362 1373 crescebant,
390 1338 604 1378 laetissimeque
629 1346 790 1379 permultae
816 1346 871 1374 sub
899 1355 1077 1375 summorum
1107 1347 1235 1377 virorum
1269 1351 1406 1386 auspiciis
1441 1353 1595 1385 florebant.

63 1380 178 1412 Schola
192 1383 343 1415 Fuldensis
362 1391 530 1423 praesertim
547 1393 699 1431 inclaruit,
720 1396 841 1426 Rabano
861 1404 1063 1435 praeceptore.
1105 1398 1165 1436 Qui
1185 1408 1250 1429 cum
1272 1399 1400 1439 Ratgarii
1414 1424 1423 1440 ,
1445 1404 1588 1442 Abbatis,

71 1433 123 1469 qui
137 1434 258 1464 Alcuini
272 1437 434 1475 discipulus
454 1449 554 1479 esset,
574 1445 796 1484 adhortatione,
819 1449 906 1487 hujus
925 1449 1048 1479 docendi
1071 1458 1200 1479 normam
1226 1459 1415 1488 sequeretur,
1438 1455 1475 1484 ita
1491 1461 1522 1483 ut
1542 1456 1590 1493 ju-

68 1492 158 1514 venes
174 1486 298 1523 primum
316 1488 445 1527 litteras,
467 1499 527 1522 tum
547 1495 712 1533 disciplinas
732 1499 868 1537 doceret,
890 1502 1053 1538 permultos
1073 1510 1108 1530 ex
1133 1501 1199 1530 aliis
1225 1505 1406 1533 monasteriis
1429 1506 1588 1536 monachos

59 1533 182 1572 Laccepit
197 1537 395 1571 instruendos.
437 1544 558 1574 Plurimi
574 1547 657 1577 etiam
680 1558 714 1578 ex
736 1551 798 1588 ejus
822 1551 974 1588 discipulis
1002 1551 1065 1580 aliis
1095 1552 1206 1581 scholis
1224 1552 1383 1589 praepositi
1405 1563 1486 1586 sunt.
1529 1558 1590 1588 Suo

60 1584 186 1623 ¹ingenio
204 1591 287 1619 etiam
306 1591 449 1623 imbutum
466 1595 567 1626 habuit
581 1607 801 1638 successorem,
823 1602 1016 1633 Walafridum
1032 1603 1223 1641 Strabonem,
1244 1603 1418 1641 discipulum
1438 1608 1453 1645 (
1460 1608 1518 1646 9).

56 1653 60 1658 -
91 1637 165 1667 .Sed
183 1638 263 1670 hisce
279 1641 494 1680 defungendum
511 1647 582 1685 erit,
603 1659 640 1679 ne
656 1652 832 1690 longiusculi
850 1666 912 1687 esse
930 1657 1087 1688 videamur.
1130 1656 1213 1695 Quae
1234 1657 1329 1688 Omnia
1348 1660 1504 1691 clarissime
1522 1671 1590 1699 pro-

116 1691 119 1694 -
142 1700 144 1702 .
1530 1713 1591 1742 fec·

89 1748 163 1797 '(1)
181 1763 242 1792 Vid.
257 1769 366 1804 Heme,
384 1781 412 1806 p·
425 1781 485 1808 52¹·
520 1777 674 1813 Eichhorn,
693 1782 711 1809 l.
729 1779 749 1811 l.
767 1791 796 1817 p.
807 1793 870 1819 725.
905 1785 1057 1816 Schrockh,
1077 1791 1095 1812 t.
1108 1786 1180 1813 XIX.
1198 1794 1225 1819 p.
1236 1792 1285 1819 50,
1303 1793 1345 1820 5¹·
1364 1793 1382 1815 t.
1399 1789 1469 1815 XXI.
1487 1797 1514 1823 p.
1531 1796 1586 1824 145.

58 1810 194 1845 “li'01000
210 1811 305 1846 docet,
327 1813 400 1846 fam»
419 1824 463 1849 qul
479 1823 587 1846 credaut
605 1828 754 1851 verisiensis
769 1832 946 1856 universitatis
961 1838 1094 1857 auctorem
1110 1832 1234 1857 carolum
1253 1841 1324 1866 esse,
1343 1837 1407 1860 nulli
1419 1837 1485 1862 enim
1504 1838 1583 1868 loco,

50 1850 121 1888 'ejus
141 1862 226 1884 aetate
243 1858 391 1887 adstrictum
409 1863 489 1891 fuisse
504 1867 620 1899 lycaeum
634 1872 730 1903 palatii.
865 1875 932 1911 (2)
951 1877 1086 1904 Eichhorn
1096 1896 1105 1909 ‚
1123 1879 1140 1905 l.
1155 1879 1173 1906 1.
1305 1879 1369 1916 (3)
1389 1881 1446 1908 Vita
1461 1884 1582 1915 Aletum,

24 1936 27 1938 -
61 1903 156 1936 p.446.
174 1904 313 1939 ap.130uq.
431 1909 492 1945 (4)
511 1913 582 1947 Opp.
600 1921 618 1943 t.
637 1916 662 1941 Ι.
680 1925 723 1951 ερ.
737 1921 779 1952 38.
921 1923 989 1959 (5)
1011 1926 1163 1958 Eichhorn,
1179 1927 1196 1954 l.
1213 1927 1231 1953 1.
1249 1935 1277 1960 p.
1290 1935 1353 1961 727.

95 1946 163 1983 (6)
181 1949 240 1977 vid.
256 1952 392 1985 Sirmond,
409 1962 473 1990 opp.
491 1959 509 1986 1.
525 1959 559 1987 L.
577 1968 604 1994 p.
622 1962 681 1998 671.
700 1973 785 1999 caput.
807 1969 847 2001 1'9.
985 1969 1052 2005 (7)
1072 1972 1205 2004 Sirmond,
1223 1973 1242 2000 l.
1260 1975 1279 2002 Ι.
1295 1982 1379 2007 caput.
1396 1983 1437 2002 20.

93 1993 156 2028 (8)
174 1996 328 2029 Schrockh‚
345 1999 366 2026 ‘ti
380 2001 497 2036 XX1.'p.
515 2011 549 2038 5,
569 2014 617 2040 19,
633 2017 679 2042 4¹·

93 2040 158 2075 (9)
179 2042 247 2071 Vid.
266 2045 333 2072 Anu.
357 2047 420 2074 Ord.
437 2049 556 2085 Bened.,
581 2061 601 2082 t.
612 2056 648 2083 11.
666 2064 692 2090 p.
706 2059 765 2091 360·
800 2060 860 2087 Vita
882 2061 985 2088 Rabani
1006 2069 1049 2095 ap.
1074 2063 1221 2090 Launoium
1245 2064 1278 2092 de
1298 2065 1382 2094 schol.
1407 2066 1504 2094 celebr.
1519 2074 1582 2101 opp·

59 2086 90 2114 L.
102 2087 148 2115 1v.
167 2089 196 2116 P.
213 2089 233 2116 1.
252 2098 277 2118 c.
292 2098 320 2124 7.
337 2099 362 2125 p.
383 2100 411 2127 ¹3
423 2113 431 2126 ,
451 2103 492 2130 14.
1149 2126 1153 2131 .
1394 2130 1397 2134 ,

863 2155 930 2184 Da.
