1919 2511
377 85 607 116 RESPONSIO
635 93 678 114 AD
708 84 1016 123 QUAESTIONEM
1045 85 1269 119 PHYSICAM.
1546 103 1579 130 51

70 169 154 198 derus
174 171 304 205 plantas,
336 176 407 203 qnae
433 174 580 197 creverant
606 168 636 197 in
658 166 780 195 diversis
803 166 908 201 terris,
935 166 1002 195 alias
1021 174 1114 197 tamen
1134 170 1280 198 continere
1297 177 1401 204 terras,
1423 179 1508 207 atque
1536 176 1577 201 ui-

68 228 165 248 versas
191 221 301 255 plantas
326 219 354 248 in
380 219 477 247 eodem
503 227 571 255 agro
590 220 702 253 cultas,
730 217 850 246 diversis
870 224 1001 247 constare
1024 220 1126 248 terris:
1148 219 1271 255 denique
1294 222 1426 256 quasdam
1446 224 1577 253 contine-

66 278 97 298 re
126 269 256 305 ferrum,
284 269 350 298 licet
375 278 420 297 eas
443 268 472 298 in
502 269 658 305 purissima
685 270 771 299 arena
798 269 996 299 seminavisset
1024 271 1102 308 (1).
1151 271 1208 299 Sed
1230 278 1322 300 tamen
1354 273 1466 302 minime
1493 284 1577 312 negat

64 320 128 356 ipse
147 320 341 355 Schraderus‚
363 320 479 348 humum
504 318 587 347 etiam
619 328 685 348 suas
711 326 806 356 partes
828 319 960 349 conferre
987 321 1022 349 ad
1044 321 1129 350 hasce
1152 322 1280 351 materies
1304 323 1411 358 plantis
1436 328 1573 360 praeben·

65 371 144 406 das;
174 370 242 399 dicit
266 371 462 399 tantummodo
489 371 604 400 minime
631 371 791 399 omnes'ab
819 371 906 399 humo
943 379 1005 399 esse
1029 372 1216 409 derivandas3
1246 380 1274 402 et
1298 381 1333 402 ex
1353 373 1412 402 suis
1441 376 1575 405 aliorum-

68 429 125 457 que
154 421 355 457 experimentis
384 422 610 450 concludendum
638 430 700 450 esse
728 421 814 455 dicit,
841 428 950 457 praeter
970 423 1060 451 ae'rem
1085 430 1112 451 et
1137 432 1236 459 aquarn
1260 424 1377 452 humum
1399 433 1462 454 esse
1487 429 1576 457 solam

65 470 206 500 materiem
219 492 230 507 ‚
253 480 337 507 quam
352 478 451 500 natura
474 472 572 501 adesse
590 473 703 508 voluit,
726 479 758 500 ut
775 472 869 500 omnis
889 472 1001 509 generis
1017 475 1130 509 plantae
1148 473 1276 510 perfecte
1296 475 1473 505 nutrirentur
1493 479 1532 514 (2
1544 480 1573 515 ).

103 522 150 551 Ex
174 521 220 550 his
247 521 363 558 itaque,
394 530 465 557 quae
494 522 638 558 diximus,
670 522 738 560 satis
764 528 882 559 apparet
909 523 1025 552 humum
1052 524 1088 553 iis
1114 524 1276 561 praecipuis
1301 524 1432 555 fontibus
1458 537 1520 557 esse
1542 532 1577 559 ad

65 573 286 607 numerandam,
317 581 332 601 e
352 572 459 608 quibus
478 575 591 609 plantae
613 582 697 602 suurn
719 573 837 610 capiunt
855 574 1043 610 alimentum,
1076 583 1161 610 quare
1178 584 1238 604 non
1254 575 1395 604 immerito
1416 577 1583 609 Humbold-

63 623 121 652 tius
142 632 201 652 eam
221 623 367 653 vocaverit
388 623 581 653 habitaculum
599 625 758 660 plantarum
786 631 814 653 et
830 624 952 653 fertilem
982 624 1110 659 fontem,
1144 635 1158 654 e
1186 635 1244 662 quo
1272 635 1319 655 eae
1338 627 1473 657 hauriunt
1489 638 1587 660 suum-

61 673 280 703 nutrimentum.
320 674 419 711 Atque
439 674 480 704 sle
510 682 545 703 ex
564 675 652 702 humo
671 675 733 703 sola
751 674 890 711 probatur
908 675 956 704 illa
974 676 1134 712 sententia,
1156 685 1238 713 quarn
1264 684 1374 706 veteres
1389 679 1578 717 philosophi,

63 724 145 754 Plato
173 724 244 754 adeo
274 727 443 761 complexus
476 731 546 760 est,
576 725 710 754 nimirum
741 727 852 755 nullum
870 735 945 755 esse
969 726 999 756 in
1029 733 1089 756 tota
1108 729 1210 756 natura
1234 727 1401 764 interitum,
1427 732 1579 768 omniaque

63 783 136 811 quae
158 775 273 804 interire
293 775 448 812 videntur,
471 776 501 805 in
520 775 607 804 alium
632 782 738 804 statum
765 776 884 805 transire
910 783 996 812 atque
1026 777 1149 806 dissolvi
1174 778 1204 806 in
1231 787 1297 807 suas
1322 786 1436 815 parteS,
1466 791 1580 814 eorum-

62 833 118 861 que
134 825 306 855 mutationes
323 826 385 855 fieri
404 826 550 863 paullatim
570 833 598 855 et
619 825 823 862 successione,
845 833 877 855 ut
899 827 963 856 aliis
985 836 1064 856 suam
1082 829 1252 865 praeberent
1273 830 1424 866 originem.
1464 834 1580 864 Plantae

65 877 139 906 enim
164 884 191 905 et
216 876 278 906 fere
303 878 399 906 omnia
426 886 548 915 corpora
578 877 762 913 moriuntur,
786 878 938 913 putredine
959 879 1174 915 corripiuntur,
1197 880 1314 909 humum
1338 880 1483 919 formant,
1506 895 1579 921 quae

62 927 197 964 deinceps
216 928 304 957 vitam
331 937 431 957 rursus
455 935 596 958 sustentat
621 936 721 958 eorum
745 936 922 964 corporum,
944 937 959 956 e
978 929 1084 964 quibus
1104 929 1210 958 humus
1226 931 1304 959 nasci
1322 933 1405 962 solet.
1445 935 1579 972 Denique

60 979 179 1007 humum
199 978 316 1008 omnino
334 987 396 1007 esse
420 980 579 1014 plantarum
597 979 754 1015 pabulum,
777 979 851 1008 unde
866 978 927 1008 fere
945 980 1058 1016 omnia,
1077 989 1223 1016 quaequae
1239 983 1424 1019 contineant,
1446 985 1504 1015 vita
1519 989 1580 1016 ani-

63 1035 137 1058 mata
154 1029 343 1058 instrumenta
370 1029 485 1064 possint
503 1038 601 1065 parare
618 1036 707 1065 atque
725 1029 854 1064 efficere,
878 1030 961 1058 etiam
979 1030 1036 1058 hoc
1055 1038 1222 1067 argumento
1234 1052 1244 1067 ,
1265 1039 1294 1061 et
1314 1040 1345 1062 ut
1363 1035 1447 1067 nobis
1464 1037 1579 1067 videtur

62 1087 160 1113 novo,
188 1079 295 1108 firmari
318 1085 438 1115 potest,
459 1080 553 1116 petito
579 1088 682 1116 nempe
707 1079 741 1109 ab
766 1079 937 1109 inferiorum
955 1081 1089 1110 classium
1107 1081 1288 1112 animalibus.
1329 1085 1421 1113 Pallas
1446 1087 1581 1118 nimirum

59 1129 178 1166 scribit,
210 1150 228 1166 „
246 1137 356 1166 praeter
374 1139 521 1160 arenosam
538 1131 683 1160 materiem
701 1139 829 1166 unquam
848 1130 1005 1167 quidquam
1024 1133 1164 1161 esculenti
1180 1132 1211 1161 in
1229 1133 1361 1163 dissectis
1381 1137 1579 1173 copiosissime

65 1200 84 1216 ,‚
103 1181 253 1210 lumbricis
274 1181 383 1210 nostris
404 1181 520 1216 inveni,
548 1182 693 1217 credoque
712 1187 739 1210 ct
757 1182 833 1211 hunc
853 1189 881 1211 et
899 1181 1067 1211 innumeros
1087 1182 1159 1211 alios
1177 1192 1289 1213 vermes
1311 1186 1455 1225 marinos,
1477 1191 1580 1220 Nerei-

64 1251 82 1267 ‚,
102 1232 173 1268 des,
195 1231 351 1267 Serpulas,
376 1232 554 1266 lumbricos,
575 1233 658 1261 merci
682 1232 768 1261 terrd
789 1233 892 1271 pingui
921 1232 1025 1262 nutriri
1046 1233 1063 1269 (
1078 1233 1172 1270 3);”
1193 1241 1280 1271 atque
1306 1236 1455 1269 Bonnetus
1483 1242 1581 1271 obser.

61 1282 159 1318 vavit,
186 1281 375 1311 Lumbricum
403 1283 607 1319 Variegatum,
633 1283 681 1311 cui
705 1283 824 1312 humum
853 1284 984 1317 dederat,
1010 1283 1095 1312 citius
1115 1284 1255 1314 abscissas
1284 1295 1379 1323 partes
1406 1299 1549 1321 recreasse
1567 1314 1578 1328 ,

62 1338 146 1367 quam
162 1339 249 1367 eum,
276 1333 324 1361 cui
348 1335 439 1362 solam
464 1342 565 1370 aquarn
589 1334 715 1362 dederat.
755 1334 846 1363 Porro
874 1335 905 1364 in
926 1334 1058 1363 foecibus
1083 1341 1110 1363 et
1129 1336 1325 1373 insectorum,
1348 1346 1380 1368 ut
1398 1340 1457 1377 Juli
1477 1349 1579 1371 terres-

63 1381 116 1411 tris
144 1391 174 1411 v.
198 1391 228 1419 g.
255 1391 337 1412 arena
360 1383 527 1421 invenitur3
557 1394 629 1420 quae
653 1384 768 1420 quidem
790 1385 875 1414 nobis
898 1386 1011 1415 videtur
1035 1392 1178 1422 tamquam
1205 1396 1272 1423 pars
1298 1389 1395 1425 iners,
1427 1400 1497 1427 quae
1525 1401 1579 1421 nu·

60 1432 129 1461 trire
150 1441 209 1462 non
230 1440 349 1470 potest,
371 1442 399 1464 et
422 1436 508 1464 simul
526 1444 591 1464 cum
616 1436 704 1464 humo
725 1442 769 1464 est
795 1436 943 1467 devorata.
983 1436 1060 1465 Sane
1077 1437 1233 1467 mirandum
1254 1446 1318 1475 est,
1347 1441 1426 1475 quod
1445 1449 1459 1469 e
1482 1442 1576 1471 diver-

59 1483 100 1511 sis
121 1483 292 1519 corporibus
311 1484 386 1514 facta
404 1486 508 1514 humus
526 1486 638 1515 diversa
663 1486 747 1515 habet
774 1493 802 1514 et
821 1486 870 1515 alit
896 1487 1086 1522 animalcula,
1109 1496 1181 1523 quae
1206 1488 1236 1517 in
1260 1489 1314 1519 alia
1339 1490 1427 1519 humo
1452 1493 1578 1522 moriun-

59 1540 106 1562 tur
126 1534 203 1570 (4).
242 1534 308 1563 Nos
336 1543 429 1564 autem
455 1535 550 1564 mirati
575 1544 690 1565 naturae
717 1530 815 1573 leges,
845 1537 952 1572 quibus
977 1537 1029 1573 fit,
1058 1544 1091 1566 ut
1117 1537 1167 1572 id,
1198 1540 1277 1574 quod
1301 1549 1317 1568 a
1342 1541 1515 1577 corporibus
1536 1544 1579 1572 vi-

60 1583 103 1612 vis
129 1584 311 1620 excernitur,
340 1587 386 1614 vel
409 1593 477 1622 post
505 1593 623 1615 mortem
648 1587 683 1615 ab
711 1586 748 1616 iis
776 1587 969 1625 relinquitur,
989 1596 1093 1617 novam
1114 1588 1250 1624 praebeat
1274 1590 1348 1619 vitae
1376 1600 1468 1622 novae
1491 1601 1579 1624 mate-

61 1634 148 1670 riem,
176 1635 362 1672 disputationi
386 1637 470 1666 finem
493 1637 679 1674 imponimus.

976 1735 1306 1757 SYMBOLUMe

808 1807 832 1836 O
845 1806 1013 1843 fhrtunatos
1033 1809 1153 1837 nimium
1161 1825 1174 1845 2
1195 1817 1248 1836 sua
1267 1811 1291 1837 si
1309 1808 1380 1839 bona
1400 1814 1497 1841 norint

804 1857 959 1894 Agricolas
966 1861 979 1888 ,Ι

1152 1920 1174 1940 v
1184 1919 1196 1939 1
1205 1920 1226 1940 R
1238 1919 1259 1940 G
1267 1919 1278 1941 1
1288 1920 1307 1941 L
1318 1919 1331 1941 1
1341 1920 1364 1942 U
1374 1921 1400 1942 s-

92 1986 130 2020 (ι
146 1986 160 2020 )
177 1986 239 2014 Vid.
257 1987 381 2014 Schrader
403 1989 420 2014 l.
438 1989 457 2015 l.
477 1997 504 2022 p.
520 1995 582 2021 321.

89 2030 154 2066 (2)
171 2031 231 2058 Vid.
249 2032 374 2058 Schrader
396 2034 413 2059 1.
432 2034 450 2059 1.
472 2041 499 2066 p.
515 2035 575 2065 328.

90 2077 155 2112 (3)
174 2079 236 2105 Vid.
254 2079 333 2104 Pallas
350 2080 374 2103 in
394 2080 494 2111 specil,
512 2080 622 2113 Zoolog.
645 2079 763 2107 fascicul.
783 2087 826 2113 14.
852 2089 880 2113 p·
898 2082 943 2113 67.

88 2122 155 2156 (4)
174 2124 234 2151 vid.
253 2124 334 2151 Korte
357 2125 376 2151 1.
392 2126 409 2152 l.
432 2133 458 2157 p.
477 2132 535 2159 123.
