1919 2511
398 104 628 137 RESPONSIO
648 111 692 135 AD
714 103 1028 144 QUAESTIONEM
1048 105 1234 139 PHYSICA.
1539 121 1578 150 49

100 189 199 226 Atque
224 188 286 225 sic,
321 195 457 224 quantum
479 196 514 217 ex
530 187 611 217 humi
633 193 749 217 naturae
773 194 802 217 et
825 196 860 217 ex
877 190 1036 225 plantarum
1059 197 1141 221 ortus
1163 198 1191 221 et
1216 191 1385 221 incrementi
1404 192 1522 223 scientia
1545 203 1577 224 ac

61 241 227 278 cognitione
246 240 415 269 concludere
442 239 547 275 liceat,
569 239 780 275 expficuImus,
809 241 957 275 quomodo
977 243 1090 278 plantae
1111 243 1200 271 humo
1225 241 1400 271 nutriantur.

97 292 155 321 Sed
187 298 298 328 praeter
325 290 492 320 carboniam
528 290 640 326 aliaque
668 289 800 326 chymice
832 290 931 328 juncta
950 292 1139 329 diversosque
1173 294 1310 322 humores
1343 294 1548 325 constituentia
1566 317 1577 332 ,

59 344 174 380 plantae
205 343 288 372 etiam
301 344 405 378 sales,
426 348 515 371 terras
539 349 567 371 et
588 342 681 378 oxyda
700 342 844 371 metallica
866 342 1039 380 continent,
1061 344 1167 374 minori
1192 343 1347 380 quantitate
1369 344 1484 380 quidem
1497 367 1508 382 ‚
1530 354 1583 375 ce-

55 399 185 423 terorum
212 392 420 430 principiorum
447 393 559 422 ratione
591 392 709 429 habita,
741 392 891 422 continent
921 399 1035 429 tamen,
1065 402 1160 430 neque
1187 394 1257 423 haec
1290 394 1461 431 negligenda
1497 404 1577 427 sunt.

58 442 264 479 Experimenta
285 450 377 472 autem
407 443 539 480 inprimis
563 444 756 473 recentiorum
781 443 970 481 physicorum
992 444 1124 474 instituta
1143 465 1153 481 ,
1188 451 1220 473 ut
1246 446 1405 481 plantarum
1438 446 1580 483 principIa

57 492 231 530 definirent,
257 494 403 531 probant,
432 503 526 523 earum
553 495 647 531 sales,
671 501 762 524 terras
786 496 834 525 vel
857 496 951 532 oxyda
978 496 1119 525 metallica
1146 496 1228 527 valde
1253 497 1408 526 convenire
1434 505 1499 526 cum
1522 497 1579 534 iis,

56 555 131 590 quae
155 547 243 576 humo
269 547 365 590 inesse
390 547 537 577 diximus:
569 548 685 577 minime
709 547 799 584 igitur
825 548 982 577 mirandum
1009 554 1054 576 est
1079 556 1139 577 non
1162 555 1273 584 paucos
1298 555 1360 576 esse
1387 554 1505 577 naturae
1536 549 1582 578 in-

56 602 219 635 terpretes,
249 598 299 634 qui
325 605 457 628 statuunt
481 599 600 628 humum
630 598 730 635 primis
760 598 892 628 fontibus
914 607 978 628 esse
1002 599 1258 634 adnumerandam,
1288 607 1303 626 e
1327 599 1434 635 quibus
1465 601 1581 637 plantae

57 651 129 680 haec
149 651 292 688 principia
317 652 464 682 hauriunt.
513 652 672 682 Enimvero
700 652 772 680 illud
802 650 919 681 minime
951 649 1048 687 negari
1071 656 1186 686 potest,
1218 650 1269 690 has
1294 651 1454 687 plantarum
1483 657 1579 687 partes
1626 675 1631 680 .

54 698 185 744 diversas
207 711 270 732 esse
294 704 465 739 plerumque
487 711 541 740 pro
566 702 678 732 diversa
701 703 758 732 soli
781 703 893 732 natura.
931 701 980 731 Sic
1005 710 1035 731 v.
1059 710 1088 739 g⁴
1115 703 1250 738 plantae,
1273 710 1344 737 quas
1362 701 1484 731 nutrivit
1505 709 1580 730 terra

56 747 187 783 desumta
210 762 226 782 a
252 761 349 783 monte
374 753 525 790 silicioso,
555 755 623 790 plus
647 753 755 783 siliciae
780 753 950 789 continent,
973 761 1057 788 quam
1082 761 1130 781 eae
1156 761 1226 788 quas
1249 752 1371 782 nutrivit
1395 759 1470 781 terra
1489 753 1581 782 calca-

55 802 120 841 τῖες
157 811 244 840 atque
268 806 381 842 plantae
404 806 434 833 in
459 812 532 833 terra
561 804 668 834 montis
691 805 821 842 granitici
851 807 917 842 plus
950 804 1102 834 continent
1134 805 1222 841 oxydi
1249 804 1318 833 ferri
1361 813 1446 840 quam
1483 804 1578 840 illae,

56 861 131 892 quae
163 855 194 885 in
224 863 323 886 monte
356 857 478 886 calcario
511 863 683 893 creverunt3
712 857 760 886 illa
787 864 862 886 terra
885 862 980 885 autem
1007 857 1073 892 plus
1101 856 1187 892 oxydi
1213 855 1284 884 ferri
1311 855 1394 884 etiam
1429 855 1580 884 continere

55 908 131 937 solet
152 907 233 946 (1).
274 908 354 946 Quas
374 906 547 937 dIfferentias
569 914 667 937 censet
685 908 856 937 Saussurius
882 915 942 936 non
964 906 1110 936 observari
1125 915 1214 943 posse
1237 907 1267 936 in
1283 907 1412 943 plantis,
1434 905 1493 935 nisi
1518 914 1580 935 eae-

51 958 117 987 dem
144 959 320 989 differentiae
342 960 534 989 observentur
554 959 584 988 in
607 959 687 988 humi
706 965 845 988 extracto·
886 958 985 993 Nam,
1007 958 1121 994 inquit,
1142 959 1254 994 plantae
1267 978 1276 993 ‚
1299 965 1372 993 quae
1387 963 1522 985 crescunt
1544 956 1576 985 in

53 1011 138 1040 arena
159 1011 278 1040 calcaria
305 1017 333 1039 et
355 1011 441 1039 arena
463 1008 621 1046 granitica,
642 1018 740 1038 verum
767 1010 866 1038 eodem
892 1009 1033 1039 fimo'vel
1058 1009 1167 1037 endem·
1182 1010 1270 1038 humo
1295 1008 1330 1036 iis
1357 1007 1460 1036 additis
1477 1026 1487 1042 ,
1507 1015 1578 1036 con-

50 1058 145 1091 tinent
166 1062 261 1091 eadem
284 1056 424 1097 principia
445 1060 526 1097 (2).
567 1059 649 1097 Quae
671 1059 816 1089 Saussurii
840 1059 983 1089 sententia
1011 1059 1197 1088 confirmatur
1215 1058 1367 1094 Lampadii
1393 1058 1573 1095 experimen-

52 1102 113 1147 ns,
142 1113 192 1149 qui
214 1112 243 1142 in
267 1113 355 1142 horto
381 1111 511 1148 quinque
534 1110 599 1140 loca
622 1117 752 1147 separata
777 1110 953 1146 constituit,
982 1117 1011 1139 et
1036 1109 1160 1146 quodvis
1184 1110 1316 1146 implevit
1348 1115 1424 1138 terra
1451 1108 1572 1144 quadam

51 1169 81 1193 et
104 1163 174 1193 fimo
201 1170 364 1193 vaccarum.
408 1161 517 1191 Terrae
545 1168 661 1198 autem,
692 1161 799 1197 quibus
831 1162 873 1191 sic
897 1162 1032 1192 utebatur
1054 1161 1230 1197 Lampadius
1251 1180 1261 1196 ,
1292 1166 1371 1189 erant
1404 1161 1486 1195 calx,
1514 1160 1575 1188 alu-

52 1213 147 1248 mina,
174 1213 287 1250 silicia,
311 1212 455 1250 magnesia
477 1219 506 1242 et
529 1219 602 1242 terra
629 1220 644 1241 e
668 1212 755 1241 horto
778 1212 919 1242 desumta.
970 1212 1003 1241 In
1035 1212 1071 1240 iis
1097 1211 1213 1240 eandem
1240 1210 1391 1239 seminavit
1424 1212 1572 1247 plantam,

50 1263 81 1294 et
106 1266 168 1303 ejus
190 1265 314 1294 cinerem
336 1265 489 1300 explorans
514 1263 646 1299 invenit,
674 1271 775 1292 omnes
805 1263 923 1293 omnino
946 1262 1047 1292 iisdem
1076 1268 1209 1292 constare
1229 1261 1396 1299 principiis.
1436 1261 1484 1290 Ex
1510 1261 1574 1297 qui-

52 1314 109 1344 bus
129 1308 278 1344 concludit
300 1322 403 1344 terram
427 1313 546 1343 siliciam
573 1314 646 1351 ipsis
670 1316 831 1351 plantarum
855 1314 966 1344 virIbus
990 1322 1054 1343 esse
1071 1320 1175 1343 natam·
1200 1312 1230 1342 in
1255 1312 1291 1341 iis
1311 1315 1393 1352 (g).
1434 1312 1491 1341 Sed
1515 1312 1575 1341 ani·

51 1365 204 1396 madvertit
223 1366 393 1396 Saussurius
413 1367 487 1395 hanc
509 1366 660 1403 Lampadii
685 1365 900 1395 conclusionem
925 1374 985 1396 non
1020 1373 1110 1402 posse
1133 1363 1264 1400 admitti,
1296 1363 1431 1399 quoniam
1450 1371 1510 1393 non
1529 1362 1573 1391 in-

50 1415 175 1454 quisivit
199 1417 229 1446 in
255 1417 396 1455 principia
421 1416 483 1447 fimi
506 1426 674 1454 vaccarum,
697 1418 748 1454 qui
772 1419 875 1455 solus,
902 1417 1021 1454 inquit,
1054 1417 1105 1446 has
1128 1417 1240 1453 plantas
1265 1415 1387 1445 nutrIVit
1407 1415 1485 1450 (4).
1529 1412 1572 1442 Et

51 1477 152 1498 revera
175 1469 275 1498 fimum
293 1477 443 1499 vaccarum
467 1471 590 1498 multum
615 1469 763 1499 continere
786 1469 913 1505 siliciae,
941 1474 1056 1498 constat
1078 1476 1113 1496 ex
1134 1466 1265 1496 Einhofii
1289 1473 1317 1494 et
1343 1464 1462 1494 Thaerii
1486 1472 1573 1500 expe·

51 1519 181 1549 timentis
206 1520 281 1557 (5).
331 1520 432 1557 Atque
456 1521 590 1550 universe
617 1521 644 1550 si
667 1523 852 1551 consulamus
877 1520 1022 1550 Saussurii
1046 1520 1112 1554 (6)
1144 1519 1326 1554 aliorumque
1354 1515 1570 1552 experimenta,

54 1569 173 1599 omnino
192 1576 329 1605 constat,
351 1579 448 1607 neque
471 1571 561 1608 salia,
583 1580 678 1607 neque
693 1579 783 1601 terras
807 1579 836 1601 et
858 1571 912 1601 alia
933 1572 1037 1601 intrare
1055 1578 1145 1607 posse
1166 1570 1301 1606 plantas,
1331 1566 1388 1596 nisi
1413 1566 1495 1595 valde
1522 1573 1571 1594 so-

50 1621 113 1650 luta
138 1619 198 1650 sint
224 1626 252 1649 et
273 1621 378 1650 divisa.
428 1621 497 1650 Sed-
516 1623 663 1658 quomodo
691 1624 797 1653 humus
823 1629 894 1653 tunc
915 1624 985 1653 haec
1018 1622 1160 1660 principia
1190 1621 1298 1658 plantis
1330 1618 1470 1656 praebet?
1521 1617 1572 1646 Se·

52 1670 176 1701 cundum
197 1670 387 1702 -Saussurium
412 1681 444 1702 ea
463 1673 554 1703 simu-1
575 1683 641 1704 cum
667 1680 799 1705 extracto
825 1674 907 1705 humi
939 1676 1051 1712 plantas
1075 1674 1201 1711 intrant,
1229 1679 1258 1702 et
1282 1677 1350 1701 sunt
1383 1665 1569 1707 argumenta,

1499 1727 1571 1756 quae

85 1803 127 1840 (Ἰ
141 1803 157 1838 )
171 1804 233 1832 vid.
251 1804 370 1832 saussure
385 1808 405 1834 l.
421 1808 440 1835 l.
464 1816 492 1841 p.
508 1807 568 1835 282.

85 1850 102 1885 (
113 1850 155 1886 α)
173 1852 237 1879 vid.
254 1853 383 1878 Saussure
400 1854 453 1881 1.1.

82 1897 99 1931 (
109 1905 124 1930 3
136 1898 152 1931 9
173 1898 231 1924 Vid.
249 1899 423 1932 Lampadius,
449 1899 553 1936 Journal
571 1900 614 1926 des
635 1901 724 1927 Mines
745 1899 801 1928 No.
816 1900 860 1934 65.

80 1943 153 1980 ’(4)
172 1946 233 1973 Vid.
252 1946 377 1973 Saussure
401 1950 419 1976 1.
437 1950 455 1976 l.
481 1957 509 1981 p.
526 1948 585 1980 283.

81 1990 153 2025 (5)
171 1991 238 2018 Vid.
262 1992 344 2018 Thaer
366 1993 418 2019 und
442 1995 546 2020 Einhof
562 1995 628 2021 iiber
651 1993 694 2021 die
713 1992 899 2021 Horu—Viech
917 1999 1097 2021 excrementen
1116 1993 1144 2018 in
1163 1992 1200 2019 N.
1217 1991 1288 2024 Allg.
1309 1989 1419 2025 Journal
1436 1986 1480 2014 sur
1498 1986 1569 2014 Che·

45 2038 101 2064 mie
117 2045 171 2063 von
188 2039 290 2065 Gehlen
312 2041 344 2066 B.
362 2039 414 2067 111.
438 2048 466 2073 p.
480 2046 542 2073 321.

83 2082 154 2118 (6)
173 2084 234 2112 vid.
253 2085 375 2112 Saussure
398 2086 418 2114 1.
435 2082 454 2115 Ϊ.
474 2095 501 2119 p.
517 2088 576 2120 283.
