1919 2511
302 218 340 247 54
599 207 800 248 PETRI
857 204 1510 245 ABRAHAMLJELTES

381 305 411 341 ἕ.
437 311 480 334 11.
522 304 554 333 C
577 303 615 333 L.
637 302 791 340 Hoffmann
813 301 946 340 (1781).
987 301 1029 332 D.
1049 309 1076 331 ν.
1097 300 1374 337 Gescher(r781>.
1414 300 1454 330 A.
1475 301 1553 329 Bonn
1574 300 1709 339 (1782).

343 394 422 423 Cont
426 403 473 421 ra·
483 393 675 424 evtensionem
690 393 779 422 efficit
795 391 950 429 Hoffmann
967 400 1017 427 per
1034 391 1091 420 duo
1110 392 1190 427 lora,
1213 399 1284 426 quae
1301 390 1448 418 humerum
1470 369 1756 429 113ξ3111ρ1εςῑιιι11111,
1777 399 1810 423 ut

305 448 422 476 alterum
441 453 505 474 ante
524 453 644 482 pectus,
667 447 784 474 alterum
815 452 882 481 post
900 451 1009 480 tergum
1031 443 1203 477 descendat,
1224 448 1252 470 et
1271 441 1420 477 utriusque
1441 448 1584 478 extrema,
1617 443 1647 472 in
1671 444 1809 479 opposito

304 499 392 527 latere
415 506 559 531 connexa,
588 506 603 525 a
622 503 731 533 puncto
756 496 814 524 fixo
842 496 1014 524 retineantur
1034 495 1166 531 (128);
1202 494 1246 522 his
1271 500 1362 522 autem
1391 493 1460 521 loris
1480 496 1595 528 scapula
1619 501 1647 523 et
1672 496 1811 525 clavicula

305 548 451 584 figuntur,
474 554 500 575 et
519 556 568 582 per
587 547 698 575 tertium
718 555 804 582 supra
821 546 962 582 condylos
977 543 1143 579 impositum
1163 544 1291 573 extensio
1311 543 1448 572 efficitur.
1488 544 1548 581 jam
1573 553 1642 574 vero
1658 546 1809 584 chirurgus

305 608 355 635 per
371 599 507 634 malitie,
530 607 545 626 a
569 599 646 627 collo
666 599 793 634 pendens
812 604 840 625 et
858 596 970 625 axillam
995 594 1072 631 aegri
1090 595 1233 632 subiens,
1249 596 1398 624 humerum
1421 596 1579 629 attollendo
1595 605 1735 634 reponere
1751 605 1811 628 ten-

303 658 343 679 tat
364 653 442 688 (159
453 652 486 688 )·⁷

344 704 469 740 Alteram
490 708 626 730 memorat
644 708 744 730 auctor
767 699 922 737 reponendi
942 698 1106 728 methodum
1118 719 1128 734 ,
1153 708 1225 734 quae
1241 699 1273 728 fit
1290 708 1340 736 per
1353 698 1572 728 instrumentum
1584 721 1593 733 ,
1622 699 1719 729 iisdem
1737 701 1811 733 enim

304 754 464 783 observatis
486 756 582 789 quoad
607 752 932 783 contra-extensionem
952 758 979 779 et
996 751 1211 785 extensionem,
1240 759 1295 787 pro
1314 750 1424 779 mantili
1442 750 1532 779 utitur
1555 757 1636 780 vecte
1658 752 1812 783 1101110111·ομ

305 813 374 839 1110,
398 814 455 840 quo
477 807 565 842 major
587 805 630 833 vis
651 805 822 839 faciliorque
845 803 925 831 fieret
945 801 1083 837 repositio
1105 803 1184 837 (130
1194 801 1222 837 ).
1778 831 1783 835 ,
1807 800 1812 804 “

342 856 505 885 Secundum
533 856 714 885 Gesscheram
745 855 873 883 extensio
900 861 928 882 et
953 851 1213 881 contra-extensio
1235 851 1419 888 potissimum
1445 861 1496 889 per
1519 861 1620 881 manus
1646 853 1740 890 peragi
1765 854 1814 883 de-

305 908 394 942 berit,
417 915 445 935 et
461 916 521 936 non
541 907 597 936 nisi
616 908 644 936 in
661 907 761 935 rariori
781 914 850 935 casu
867 905 901 934 ad
917 905 1103 934 instrumenta
1123 905 1346 941 confugiendum
1364 912 1407 934 est
1428 907 1544 944 (131).
1585 905 1697 936 Laudat
1713 915 1814 937 auctor

304 960 427 988 mantilis
442 980 451 994 ‚
475 959 504 988 in
521 960 721 995 triangularem
741 959 861 987 formam
879 957 993 992 voluti,
1028 966 1130 992 usum,
1157 958 1212 986 hoc
1229 966 1298 986 vero
1322 957 1418 986 addito
1435 957 1490 992 iis,
1525 966 1596 993 quae
1610 959 1644 987 ab
1665 959 1727 988 aliis
1745 967 1813 988 auc·

303 1010 415 1039 toribus
433 1017 548 1047 accepta
564 1017 720 1045 memorat,
746 1010 824 1045 quod
844 1009 960 1038 cubitus
980 1017 1044 1037 cum
1068 1009 1186 1037 humero
1206 1018 1305 1046 parum
1327 1015 1445 1037 extenso
1468 1011 1601 1044 angulum
1623 1009 1684 1039 fere
1702 1019 1812 1040 rectum

302 1062 470 1091 constituat.
521 1062 656 1090 Ceterum
688 1061 847 1089 accuratius
878 1060 960 1088 etiam
994 1059 1106 1088 videtur
1138 1060 1319 1089 Gesscherus
1357 1067 1456 1088 contra
1469 1060 1684 1090 -extensionem
1715 1071 1814 1091 curas·

305 1121 338 1141 se
359 1112 476 1149 (132).
524 1113 659 1141 Attamen
679 1120 780 1141 auctor
798 1121 880 1140 casus
902 1120 962 1140 non
986 1118 1088 1148 negat,
1118 1111 1147 1140 in
1174 1111 1279 1147 quibus
1297 1111 1484 1140 instrumenta
1505 1113 1663 1141 necessaria
1686 1120 1754 1141 sunt
1778 1114 1814 1142 ad

302 1164 507 1200 repositionem
520 1184 530 1200 ‚
551 1173 603 1193 nec
616 1174 717 1193 manus
736 1173 770 1192 eo
783 1185 792 1199 ,
817 1173 901 1200 quem
922 1164 1163 1198 memoravimus,
1184 1163 1271 1191 modo
1285 1171 1362 1199 opus
1380 1163 1529 1192 absolvere
1542 1169 1667 1199 possunt
1687 1164 1811 1201 (133);

303 1215 355 1244 ubi
371 1224 438 1252 ergo
457 1215 514 1244 inis
533 1224 608 1252 opus
624 1223 685 1251 est,
708 1216 844 1244 utendum
865 1224 931 1244 esse
952 1215 1144 1247 instrumento
1156 1237 1167 1253 ,
1195 1217 1274 1254 quod
1295 1217 1438 1254 proponit
1457 1216 1600 1248 Hussem,
1621 1222 1720 1245 monet
1737 1216 1814 1246 Ges-

301 1267 420 1296 scherus
440 1267 556 1302 (134).

340 1318 430 1356 Quod
450 1318 659 1347 restitutionem
678 1318 789 1347 humeri
808 1318 896 1348 luxati
918 1318 1042 1357 attinet,
1061 1329 1122 1351 non
1141 1321 1225 1350 etiam
1250 1320 1353 1350 Bonnii
1371 1320 1531 1357 reponendi
1552 1319 1705 1349 methodus
1725 1321 1814 1350 omit·

303 1370 386 1399 tenda
414 1370 539 1398 videtur.
586 1369 642 1398 Hie
671 1378 764 1398 autem
792 1377 892 1399 auctor
921 1380 981 1401 non
1008 1373 1042 1401 ad
1071 1374 1215 1402 variorum
1245 1373 1500 1401 instrumentorum
1530 1372 1710 1406 complexum
1744 1379 1815 1400 con-

302 1421 398 1458 fugit,
421 1428 452 1449 ut
475 1420 649 1449 luxationem
674 1422 826 1457 resrituat,
849 1423 899 1450 sed
916 1423 1130 1458 prudentiorem
1150 1423 1307 1460 reponendi
1332 1423 1497 1451 methodum
1524 1422 1684 1458 proponit,
1707 1430 1813 1458 quam,

301 1472 478 1502 verbotenus
511 1480 545 1499 ex
578 1471 670 1507 ipsius
695 1473 812 1509 scriptis
840 1473 947 1514 (135)
975 1475 1077 1505 trado:
1109 1496 1129 1511 „
1149 1475 1222 1504 bene
1250 1476 1393 1503 collocato
1427 1482 1513 1510 aegro
1540 1472 1570 1502 in
1597 1474 1662 1501 solo
1694 1474 1740 1502 vel
1769 1481 1815 1501 se-

303 1522 353 1551 dili
380 1522 545 1558 humiliori3
578 1522 688 1551 firmata
713 1530 768 1552 tam
795 1533 809 1552 a
829 1532 909 1560 parte
933 1526 1077 1562 superiori
1103 1535 1186 1562 quam
1212 1526 1342 1555 inferiori
1360 1525 1500 1562 scapula;
1528 1529 1645 1552 extenso
1666 1523 1695 1552 in
1719 1523 1816 1560 priora

306 1573 425 1601 brachio
449 1573 622 1601 horizontali
649 1573 708 1601 fere
734 1575 813 1608 situ,
843 1582 871 1603 et
893 1575 967 1604 flexo
994 1576 1106 1605 modice
1129 1578 1249 1613 cubit03
1276 1585 1374 1605 omnes
1398 1575 1520 1604 musculi
1542 1575 1653 1611 aequali
1672 1574 1815 1603 extensio-

302 1633 339 1654 ne
368 1625 548 1660 elongantur.
602 1625 765 1660 Applicatis
793 1626 859 1653 hinc
885 1626 981 1654 debite
1011 1635 1097 1663 supra
1122 1627 1211 1656 cubiti
1235 1629 1385 1656 articulum
1413 1627 1607 1655 ministrorum
1629 1625 1760 1653 manibus
1785 1630 1815 1653 et

303 1675 440 1710 habenis,
472 1675 603 1705 extensio
622 1675 670 1703 fiat
688 1677 762 1704 lente
781 1683 808 1704 et
827 1677 971 1705 moderate
984 1697 994 1713 ,
1016 1678 1108 1706 donec
1128 1678 1278 1714 chirurgus
1307 1687 1322 1706 a
1344 1685 1426 1714 parte
1448 1676 1579 1705 exteriori
1598 1676 1732 1712 positus,
1753 1674 1815 1703 sive

304 1725 468 1755 divaricatis
491 1726 626 1754 cruribus
648 1733 794 1755 extensum
822 1727 968 1756 brachium
997 1730 1186 1765 complexus,
1213 1737 1309 1757 ansam
1335 1737 1368 1757 ex
1390 1728 1507 1756 mantile
1523 1726 1624 1756 factam
1648 1726 1817 1756 transmissa

306 1776 416 1805 cervice
437 1777 489 1805 sua
508 1777 674 1812 sustinens,
704 1784 827 1813 utroque
847 1779 954 1814 pollice
973 1780 1100 1808 acromio
1119 1786 1147 1808 et
1165 1779 1319 1808 claviculae
1340 1779 1499 1815 imposito,
1531 1778 1629 1815 digitis
1651 1786 1720 1807 vero
1740 1777 1814 1805 intra

305 1827 416 1856 axillam
428 1847 440 1863 ‚
468 1827 670 1857 animadvertet
689 1828 799 1857 humeri
818 1836 907 1866 caput
924 1830 958 1859 ad
983 1830 1148 1860 interiorem
1167 1830 1249 1861 sinus
1267 1831 1400 1868 scapulae
1425 1839 1504 1859 oram
1527 1829 1692 1866 pervenisse
1714 1828 1815 1865 ibique

301 1878 429 1908 haerere.
1780 1878 1814 1909 In

342 1964 377 1998 (1
387 1965 439 2000 28)
467 1966 626 1994 Hoffmaun's
644 1968 798 1995 vermischte
813 1969 924 1996 Schrift.
938 1979 965 1998 v.
983 1971 1017 1998 H.
1028 1970 1128 1998 Chavet
1145 1979 1164 1998 t.
1179 1980 1207 2000 2.
1220 1971 1254 1999 X.
1271 1978 1324 1997 von
1335 1971 1382 1997 der
1392 1970 1519 1997 Einricht.
1536 1970 1562 1998 d.
1581 1968 1716 1996 verrenkt.
1727 1968 1814 1995 Ober-

309 2020 376 2038 arms
394 2021 419 2046 p.
437 2020 495 2044 5¹9-
514 2014 635 2039 Miinster
656 2022 730 2047 ¹791·
898 2016 989 2050 (129)
1007 2018 1024 2044 l.
1042 2025 1067 2044 c.
1085 2026 1112 2051 p.
1130 2025 1180 2051 520
1196 2026 1251 2050 seq.
1412 2015 1518 2051 ,(130)
1537 2018 1596 2044 l.c.

344 2058 441 2093 (131)
463 2060 672 2093 Hedendaagsch.
689 2062 831 2088 oesenende
848 2062 992 2090 Heelkund.
1012 2064 1077 2090 door
1092 2066 1126 2092 D.
1139 2072 1188 2091 van
1201 2063 1329 2089 Gesscher
1346 2064 1368 2090 1.
1383 2064 1460 2089 Deel.
1479 2065 1499 2095 §.
1517 2065 1592 2095 1285.
1610 2069 1637 2094 p.
1650 2060 1711 2088 286.
1729 2060 1812 2087 Amst.

312 2107 386 2140 1781.
589 2106 685 2142 (132)
706 2110 723 2135 Ι.
736 2116 760 2134 c.
777 2109 888 2141 §.1323.
906 2118 933 2143 p.
949 2116 1011 2143 295.
1212 2108 1307 2145 (¹33)
1326 2111 1344 2137 1.
1359 2117 1384 2137 c.
1403 2112 1423 2142 §-
1442 2118 1514 2144 ¹324-
1531 2118 1558 2143 p.
1571 2109 1631 2142 296.

343 2152 439 2186 (¹34)
459 2154 477 2180 l.
492 2160 518 2180 c.
536 2151 563 2187 §.
582 2161 654 2186 1325.
683 2155 755 2180 conf.
772 2156 788 2180 1.
806 2162 830 2182 c.
850 2157 899 2184 tab.
916 2163 943 2188 9.
962 2158 1083 2189 illiusque
1100 2156 1239 2189 descriptio
1257 2165 1284 2190 p.
1300 2163 1347 2189 432
1364 2164 1421 2190 seq.
1490 2165 1493 2169 ·

343 2198 438 2234 (¹35)
457 2201 530 2226 Bonn
548 2203 651 2229 Comm.
664 2201 696 2227 de
713 2201 783 2229 hum.
800 2203 883 2229 luxat.
901 2210 929 2235 p·
943 2204 986 2237 56.
1012 2203 1098 2236 Lugd.
1112 2204 1169 2231 Bat.
1188 2204 1263 2239 1782.
1279 2209 1335 2236 4t0.
