1919 2511
727 86 1129 121 ORA'r10.·
1612 94 1653 126 17

183 179 272 213 idem
288 177 416 221 primus
437 175 602 219 duplicem
619 173 768 216 ejusdem
786 174 959 217 fragmenti
976 173 1174 205 sententiam
1194 171 1333 216 reperit,
1359 180 1437 204 eum
1451 170 1515 205 alia
1534 169 1650 204 fuisset

185 245 280 268 mens
305 232 467 273 auctoris,
497 231 587 264 aliud
612 233 681 273 ejus
701 231 808 265 verbis
826 230 972 263 indicare
991 227 1217 262 Tribonianus
1234 229 1383 264 voluerit!
1429 230 1473 261 Et
1490 227 1573 260 haec
1596 232 1650 259 ta—

184 301 264 323 men
281 289 393 322 onmia
404 312 419 328 ,
437 288 486 319 uti
502 297 636 319 summa
655 292 751 328 sunt,
774 287 818 318 ita
838 286 1013 318 minimam
1029 290 1159 328 partem
1179 287 1248 326 ejus
1266 284 1371 317 laudis
1391 284 1533 327 explent.
1573 283 1651 316 Fuit

186 346 276 379 enim
292 355 491 376 NOODTIUS
499 368 509 384 ,
533 342 589 386 qui
605 343 732 386 primus
750 342 1054 384 interpretationem
1069 340 1261 373 historicam
1275 341 1309 373 in
1324 345 1484 385 perpetuo
1499 338 1542 372 ad
1556 341 1650 371 Pan-

184 401 297 436 dectas
315 398 561 434 Commentario
581 398 761 431 adhiberet.
809 398 885 430 Fuit
908 396 1015 438 idem,
1038 397 1094 440 qui
1110 396 1150 428 de
1170 395 1355 440 colligendis
1373 401 1404 428 et
1421 396 1456 428 in
1474 395 1651 438 pristinum

183 457 393 502 splendorem
410 455 618 488 restituendIs
636 454 744 487 Edicti
760 454 949 498 fragmentis
968 463 1037 485 non
1055 451 1220 485 minorem
1240 452 1329 496 apud
1347 457 1495 496 posteros
1511 451 1652 494 gratiam

184 514 299 555 iniret,
328 523 430 556 quam
461 522 652 544 GIFANIUS
675 517 704 543 et
726 521 1029 550 GOTHOFREDUS,
1059 509 1202 541 indicato
1220 510 1375 542 universo
1395 507 1504 540 Edicti
1522 507 1649 540 ordine!

186 573 361 612 Quantum
386 578 464 602 vero
487 568 528 599 A.
546 567 602 599 A.!
633 565 669 600 in
687 566 751 599 hoc
770 576 904 610 genere,
929 567 1022 607 cujus
1045 570 1240 608 perpetuam
1265 565 1374 597 dicere
1392 563 1517 596 solebat
1534 573 1569 595 se
1590 573 1652 595 cu-

185 636 260 659 ram
276 624 399 658 habere
416 623 493 667 (1),
516 623 636 666 ingenii
654 623 800 656 cernitur
816 624 972 654 acumen!
1018 621 1070 654 Ab
1088 621 1167 664 ipsis
1184 620 1291 653 Edicti
1306 619 1414 654 verbIs
1431 629 1563 662 semper
1584 618 1651 651 fere

185 686 340 715 accurate
366 678 514 713 distinxit
540 679 753 722 jureconsulti
779 678 1093 722 interpretationem.
1146 676 1236 709 Nihil
1268 677 1419 719 exponit,
1447 674 1512 708 nisi
1539 674 1651 708 addita

183 736 397 782 probatione,
421 746 520 779 saepe
537 746 640 779 quam
661 735 807 767 maxime
824 734 1002 778 ingeniosa.
1046 732 1114 766 Ubi
1135 742 1190 765 res
1213 733 1339 765 incerta
1362 736 1429 772 est,
1453 737 1485 764 et
1508 730 1573 763 hoc
1598 732 1652 774 ip-

185 805 263 827 sum
287 795 425 837 ingenue
449 792 637 835 profitetur,
666 801 743 823 cum
763 801 831 823 non
848 790 952 833 magis
977 801 1019 822 ex
1037 787 1208 832 splendido
1234 787 1292 820 sed
1317 788 1442 820 incerto
1465 791 1652 820 commento

183 849 322 895 gloriam
340 854 494 893 quaerat,
513 858 615 891 quam
633 857 674 880 ex
691 846 896 880 confessione
911 844 1115 890 ignorantiae
1130 844 1421 888 reprehensionem
1437 848 1564 876 metuat
1580 843 1648 886 (2).

187 906 242 940 Sic
270 917 440 938 NOODTII
465 902 570 936 nostri
597 914 665 936 non
687 903 837 946 exemplo
860 908 1010 943 tantum,
1041 901 1100 934 sed
1125 906 1158 933 et
1182 901 1262 944 ipsis
1281 899 1364 932 adeo
1385 898 1572 941 sententiis,
1595 899 1652 942 qui

185 960 358 1006 postea-in
380 959 584 993 restituendo
606 958 712 992 edicto
734 959 885 1001 occupati
907 957 1059 999 fuerunt,
1082 958 1134 989 usi
1156 961 1235 989 sunt
1255 959 1453 999 Interpretes
1476 955 1545 998 (5).

229 1020 329 1050 Gnn.
353 1028 529 1049 noonno
551 1020 683 1058 praeter
703 1013 788 1046 haec
807 1014 920 1046 omnia
942 1025 1027 1046 Aiwr.
1052 1024 1316 1045 scnemmon
1339 1010 1499 1049 debemus
1517 1009 1652 1043 institu-

181 1075 320 1108 tionem.
366 1071 599 1115 Dogmaticam
619 1071 671 1103 ille
689 1068 983 1112 jurisprudentiam
1011 1079 1030 1101 a
1053 1079 1344 1101 BOCKELMANNO
1367 1071 1400 1100 et
1421 1078 1568 1100 vonrxo
1594 1073 1654 1100 acJ

184 1134 328 1174 ceperat.
375 1127 439 1160 Sed
457 1128 642 1160 litterarum
663 1125 790 1167 studia,
821 1124 941 1169 quibus
964 1126 1027 1166 ita,
1059 1124 1202 1167 Graevio
1219 1123 1320 1164 duce,
1344 1133 1481 1166 operam
1500 1120 1652 1164 dederat,

184 1185 281 1231 quasi
305 1183 388 1219 nihil
414 1183 503 1216 aliud
527 1193 587 1226 per
606 1192 741 1215 omnem
763 1180 866 1214 vitam
890 1186 975 1213 esset
997 1186 1150 1222 acturus,
1175 1180 1227 1212 illa
1246 1178 1344 1223 igitur
1364 1177 1473 1211 studia
1495 1184 1530 1211 ut
1547 1178 1590 1210 ad
1610 1179 1652 1211 il-

184 1241 392 1276 lustrandam
416 1239 497 1282 juris
516 1237 723 1281 disciplinam
739 1235 926 1278 adhiberet,
955 1236 1066 1280 ipsum
1087 1235 1199 1268 docuit
1226 1247 1431 1267 noonrms.
1477 1237 1578 1267 Hunc
1599 1235 1653 1267 vi-

186 1307 281 1340 rum,
314 1297 357 1330 ab
385 1308 425 1330 eo
450 1295 527 1329 inde
554 1301 720 1337 tempore,
752 1304 1041 1326 scnummems
1069 1292 1172 1335 patris
1198 1291 1265 1324 fere
1292 1291 1363 1324 loco
1390 1289 1518 1323 habuit.
1570 1292 1652 1332 Ejus

184 1354 317 1398 vestigia
334 1354 379 1386 ita
399 1353 536 1397 pressit,
559 1356 596 1383 ut
614 1349 754 1382 dubium
774 1347 941 1390 videatur,
965 1360 1010 1382 an
1032 1359 1099 1381 non
1119 1347 1231 1391 ipsum
1249 1348 1448 1391 magistrum
1463 1352 1653 1390 praeverte-

184 1412 242 1444 rit!
289 1412 374 1443 Sane
394 1420 462 1442 non
482 1407 628 1447 minore,
651 1415 753 1449 quam
776 1405 822 1446 is,
845 1405 1028 1438 litterarum
1055 1405 1170 1447 peritia
1192 1403 1352 1435 excelluit.
1398 1405 1484 1436 Cum
1506 1402 1653 1436 Theolo-

185 1467 234 1512 gis
253 1465 394 1500 Graecis
422 1471 454 1498 et
474 1463 621 1504 Latinis,
645 1472 723 1494 cum
746 1461 894 1494 Basilicis
915 1467 947 1494 et
966 1461 1104 1494 Graecis
1124 1458 1379 1507 Interpretibus,
1402 1460 1563 1502 maiorem
1583 1459 1653 1493 for-

183 1529 272 1557 tasse
291 1520 570 1556 necessitudinem
590 1518 764 1552 contraxit.
810 1518 1068 1551 Emendationes
1086 1521 1118 1548 et
1136 1515 1438 1549 animadversiones
1454 1525 1524 1548 non
1539 1516 1652 1548 minus

184 1579 371 1624 ingeniosas
387 1580 458 1621 ejus
475 1576 638 1609 habemus
649 1599 658 1616 ‚
678 1584 779 1618 quam
799 1584 977 1605 Noom-n.
1024 1572 1088 1606 Sed
1102 1572 1192 1605 hanc
1206 1571 1270 1604 sibi
1286 1582 1328 1603 ex
1342 1571 1504 1614 exegetica
1520 1577 1552 1604 et
1569 1571 1652 1615 dog-

185 1635 308 1669 matica
327 1634 530 1668 institutione
551 1631 686 1665 retinuit
706 1628 897 1670 utilitatem,
921 1634 959 1661 ut
979 1629 1083 1672 magis
1104 1627 1235 1661 sobrius
1253 1626 1354 1660 fuerit
1376 1628 1526 1669 criticus,
1548 1638 1655 1672 neque

186 1691 216 1725 si
240 1691 319 1735 quid
337 1691 457 1724 rectius
481 1694 540 1722 aut
559 1687 736 1731 elegantius
759 1684 860 1718 scribi
878 1686 1023 1728 potuisse
1047 1684 1339 1726 animadverteret,
1363 1684 1519 1716 continuo
1543 1683 1653 1718 medi-

187 1746 260 1782 cina
282 1757 368 1792 opus
394 1755 466 1779 esse
487 1749 630 1789 putaret.
682 1741 819 1776 Nullum
845 1746 956 1774 autem
977 1744 1195 1785 Interpretem
1219 1741 1321 1782 tanti,
1343 1739 1457 1783 quanti
1479 1740 1652 1782 Cujacium

1601 1794 1654 1829 seq

229 1893 291 1923 (1)
307 1892 335 1914 In
353 1891 427 1922 praef.
444 1891 574 1916 Commeat.
593 1887 628 1910 ad
646 1886 721 1912 Pand.

227 1936 287 1967 (2)
304 1935 341 1958 Cf.
361 1934 476 1966 imprimis
497 1933 547 1963 ejus
565 1932 656 1957 comm.
674 1931 704 1954 ad
724 1932 759 1953 tic.
777 1930 811 1954 D.
828 1929 858 1953 de
875 1928 971 1954 condiet.
987 1929 1116 1956 m'tk.133.

228 1979 290 2010 (3)
309 1979 370 2002 Cum
391 1978 502 2002 universo
520 1977 566 1999 hoc
591 1975 643 1998 loco
665 1973 809 1998 conferenda
825 1978 861 1997 est
883 1974 997 1999 celeberr.
1018 1983 1044 2001 u,
1066 1982 1085 1998 s.
1111 1982 1148 1997 Aa
1160 1977 1310 1997 uranum
1335 1970 1410 1994 oratio
1432 1970 1460 1992 de
1481 1969 1568 2000 optimi
1584 1969 1642 1998 juria

191 2023 294 2048 Romani
309 2023 462 2047 Anteoesmris
470 2019 556 2052 fimmi
573 2021 597 2045 in
618 2026 688 2044 eun.
711 2025 853 2042 neom-zo
874 2017 1025 2047 Noviomago
1041 2017 1160 2049 spectati,
1178 2024 1200 2040 a.
1218 2015 1284 2047 1738.
1305 2021 1358 2045 pag.
1372 2014 1408 2036 31,
1433 2021 1485 2045 sqq.

988 2064 1015 2096 C
