1919 2511
291 212 327 241 68
591 207 791 239 PETRI
847 207 1203 237 ABRAHAMI
1259 207 1504 244 JELTES

289 293 399 329 lignum
426 291 461 320 ad
482 298 575 328 aptam
600 291 797 326 altitudinem,
830 293 878 321 cui
902 290 1020 320 insideat
1046 298 1144 328 aeger,
1177 291 1260 328 cujus
1284 300 1365 321 crura
1397 292 1481 326 plano
1516 290 1652 320 inclinato
1686 291 1798 320 incum‘

288 346 356 374 bere
380 343 484 373 debent
504 343 621 380 (258).
663 345 696 373 In
716 344 773 373 una
797 343 932 372 columna
954 341 1079 371 incisura
1103 349 1166 376 est,
1189 350 1260 377 quae
1281 343 1458 378 machinam,
1487 344 1521 372 ad
1537 351 1628 379 aptam
1653 344 1795 372 extensio-

290 396 354 426 nem
369 416 380 431 ,
407 394 496 432 magis
521 395 652 425 minusve
676 396 731 423 alte
756 394 806 431 figi
830 394 919 429 sinit,
948 394 1014 422 dum
1041 393 1069 422 in
1088 394 1176 421 altera
1200 393 1302 422 lamina
1327 394 1471 422 invenitur
1497 403 1619 430 cuprea,
1652 403 1741 430 quae,
1764 395 1798 422 ad

291 448 470 485 superficiem
499 453 642 475 externam
668 446 754 478 huius
775 446 923 474 columnae
939 445 1097 481 applicata,
1120 444 1202 481 etiam
1222 444 1309 480 magis
1327 445 1456 473 minusve
1480 447 1534 474 alte
1559 445 1660 474 elevari
1682 452 1800 481 potest,

291 506 324 529 ut
346 501 439 529 lorum
460 495 787 531 contra-extensionis,
809 504 874 524 curn
905 497 936 524 ea
964 495 1066 524 lamina
1087 497 1239 533 junctum,
1267 495 1301 523 ad
1321 502 1413 531 aptam
1438 496 1530 531 possit
1550 497 1718 525 adscendere
1739 496 1804 525 alti·

293 551 433 580 tudinem.
474 548 518 577 Ut
542 553 636 576 autem
662 547 789 576 extensio
817 546 879 575 fieri
903 546 1017 582 possit,
1039 547 1109 575 duae
1135 547 1237 576 adsunt
1260 547 1421 581 trochleae,
1446 555 1517 582 quae
1539 546 1634 575 funem
1658 548 1804 576 transmit-

293 607 378 636 tunt,
399 599 544 629 machinae
568 607 623 634 ope
649 598 822 633 torcularis,
844 605 896 633 per
918 599 1067 626 columnae
1091 597 1243 626 incisuram
1262 596 1396 632 mobilis,
1418 597 1635 633 stringendum,
1657 606 1711 626 una
1728 597 1800 626 enim

292 652 421 682 trochlea
447 650 489 679 illi
513 649 676 685 machinae,
706 650 792 677 altera
813 648 957 684 ligamenti
981 657 1057 684 ope,
1087 656 1173 684 supra
1197 649 1337 684 condylos
1364 649 1483 676 humero
1513 647 1660 684 impositi,
1682 657 1806 677 connec-

293 703 383 738 titur,
405 701 504 730 cubito
526 701 616 730 flexo.
661 701 806 730 Praeterea
829 699 952 734 pendent
980 707 995 726 a
1022 699 1155 727 columna
1182 698 1344 726 transversa
1374 706 1464 734 prope
1489 700 1669 734 columnam,
1691 701 1738 727 cui
1759 700 1806 727 ad-

294 754 369 782 sidet
392 761 495 788 aeger,
524 752 594 779 duae
616 751 778 783 trochleae,
806 749 866 778 suis
890 748 1009 778 funibus
1035 748 1213 784 instructae,
1242 757 1312 784 quae
1335 749 1459 778 tendunt
1481 751 1595 785 lorum,
1625 751 1703 786 quod
1731 750 1806 786 aegri

295 804 406 832 axillam
425 801 521 834 subit,
537 808 568 829 ut
584 801 684 837 fieret,
702 800 860 829 sufficiente
876 799 1059 833 extensione,
1079 798 1189 826 humeri
1203 799 1291 827 luxati
1308 799 1451 833 coaptatio
1473 801 1598 836 (259),
1622 810 1704 836 quam
1726 811 1806 837 prae-

297 855 379 890 cipue
399 853 553 882 convenire
569 852 599 880 in
620 851 766 880 luxatione
783 851 941 880 inveterata
962 857 1058 881 monet
1074 850 1187 879 Auctor
1209 850 1335 887 (260),
1353 850 1382 879 in
1399 851 1455 886 qua
1473 851 1611 887 temporis
1631 852 1714 888 lapsu
1731 859 1808 880 mus-

296 905 353 935 culi
374 905 442 935 situi
467 903 701 942 praeternaturali
726 908 928 932 assueverunt.

646 1141 937 1171 CAPUT
1017 1140 1452 1171 TERTIUM.

961 1236 1152 1256 EPICRISIS·

295 1323 430 1384 Omnis
453 1351 550 1380 auxilii
580 1352 718 1381 manualis
747 1351 808 1380 sive
830 1350 1052 1381 instrumentalis
1085 1352 1299 1388 recensionem,
1325 1352 1382 1387 qua
1404 1350 1510 1388 singuli
1541 1350 1643 1380 bonam
1672 1354 1807 1383 malamve

294 1410 403 1439 partem
428 1404 670 1439 demonstrarem,
692 1409 769 1432 certe
784 1411 842 1432 non
859 1411 875 1431 a
893 1411 937 1430 me
952 1403 1144 1439 exspectatis,
1167 1403 1228 1432 Viri
1249 1403 1427 1432 Clarissimi!
1474 1401 1554 1431 Talis
1573 1411 1588 1431 a
1605 1411 1650 1431 me
1675 1403 1749 1432 absit
1766 1410 1809 1432 te-

296 1455 428 1491 meritas;
450 1464 517 1484 num
539 1464 593 1492 ego
618 1455 782 1492 inexpertus
807 1455 920 1493 juvenis
946 1454 1210 1492 expertissimorum
1238 1455 1364 1483 virorum
1389 1453 1472 1482 fidem
1494 1454 1648 1490 negarem?
1669 1462 1736 1483 num
1754 1463 1807 1491 ego

297 1514 393 1534 eorum
418 1506 697 1541 instrumentorum,
721 1515 793 1542 quae
823 1508 914 1535 multo
939 1506 1058 1541 labore,
1089 1511 1116 1533 et
1145 1505 1250 1533 sudore
1276 1511 1502 1540 composuerunt
1531 1505 1699 1540 Auctores‚
1720 1513 1808 1541 atque

294 1558 403 1594 magnis
427 1557 560 1586 laudibus
584 1557 805 1593 praedicarunt,
827 1556 1007 1585 inefficaciam
1031 1556 1257 1585 contenderem?
1285 1564 1352 1584 num
1379 1555 1538 1592 simplicem
1567 1564 1700 1585 manuum
1723 1565 1806 1585 usum

294 1608 323 1637 in
348 1608 451 1644 quovis
481 1616 548 1636 casu
567 1607 772 1644 sufficientem,
795 1607 1110 1642 instrumentorumque
1135 1606 1194 1635 fere
1212 1615 1326 1643 semper
1344 1605 1480 1635 nocivum
1501 1606 1648 1635 dicerem?
1669 1606 1806 1643 minime;

295 1661 364 1689 nolo
387 1659 509 1688 manium
530 1659 598 1688 iram
621 1667 697 1688 meae
719 1659 883 1688 temeritatis
905 1658 1061 1687 concitare.

335 1710 431 1739 Placet
452 1716 563 1745 autem,
585 1716 618 1738 ut
643 1710 765 1745 quodam
789 1710 890 1739 ordine
914 1710 981 1738 haec
1012 1709 1153 1746 Epicrisis
1182 1710 1337 1745 procedat,
1367 1708 1475 1745 triplici
1499 1708 1629 1745 ratione,
1661 1710 1752 1745 petit&⁴
1773 1710 1807 1739 ab

301 1762 366 1798 ipsa
390 1761 548 1790 luxationis
573 1761 740 1796 curatione,
763 1769 817 1797 ea,
839 1769 911 1796 quae
939 1760 1024 1789 nobis
1052 1761 1246 1796 pertractanda
1277 1766 1456 1796 supersunt,
1478 1767 1626 1796 spectare3
1649 1760 1807 1789 videbimus

296 1812 384 1849 igitur
422 1811 465 1842 ιο.
495 1810 529 1840 de
553 1813 731 1847 extensione,
752 1811 799 1841 αθ.
827 1810 862 1839 de
880 1812 1189 1848 contra-extensione,
1216 1817 1243 1839 et
1264 1811 1307 1847 30.
1334 1811 1368 1840 de
1390 1813 1571 1850 repositione‚·
1593 1820 1665 1847 quae
1689 1811 1742 1840 tria
1767 1820 1810 1840 re-

298 1863 442 1892 ductionis
462 1870 604 1892 momenta
624 1863 653 1892 in
674 1871 790 1892 censum
810 1862 909 1892 venire
929 1862 1044 1891 debent.

337 1912 379 1943 10.
411 1914 459 1942 De
478 1915 647 1943 extensione.
687 1914 890 1943 Necessarium
910 1920 975 1949 est,
998 1913 1098 1949 quod,
1120 1913 1171 1941 ubi
1198 1922 1231 1942 os
1257 1914 1398 1949 quoddam
1425 1922 1507 1942 suum
1530 1914 1688 1943 deseruerit
1706 1914 1811 1943 articu-

299 1966 357 1994 lum
369 1986 380 2002 ,
401 1965 534 1995 afferatur
552 1966 686 2002 quaedam
705 1965 853 2003 potentia,
874 1972 907 1994 ut
925 1971 1082 2002 reponatur
1096 1971 1182 2002 caput
1197 1966 1348 2005 luxatum(
1364 1965 1413 2002 1).
1449 1966 1476 1994 A
1492 1966 1578 2002 plano
1595 1965 1667 1995 enim
1678 1985 1689 2002 ‚
1709 1966 1756 1994 cui
1767 1965 1811 1993 in-

1735 2025 1814 2046 cum-

332 2098 428 2133 (258)
454 2100 471 2124 l·
492 2106 519 2127 e.
544 2108 572 2134 p.
589 2107 632 2133 42.
804 2098 902 2133 (259)
929 2099 1001 2126 conf.
1023 2098 1076 2124 tab.
1100 2097 1197 2130 adject.
1366 2097 1460 2133 (260)
1486 2100 1503 2126 l.
1522 2106 1546 2127 c.
1568 2108 1596 2133 p.
1611 2107 1655 2133 47.

334 2144 397 2178 (ι)
426 2146 499 2173 Dixit
514 2146 564 2179 jam
583 2146 756 2180 Hippocrates
786 2143 857 2180 (lib.
881 2145 913 2172 de
936 2143 1033 2180 ἵησι.)
1059 2146 1124 2173 ὅταν
1141 2144 1234 2177 ἵκινως
1254 2147 1409 2176 xxv-arach
1436 2145 1493 2180 (το
1520 2145 1634 2180 ἔσω-εον)
1651 2145 1742 2181 ἱηῖὃιον
1763 2144 1808 2175 2⁵13·

300 2191 474 2224 naaopoaeem.
