1919 2511
658 140 1079 179 CARMEN.

234 239 278 270 Et
298 237 367 280 iam
387 234 501 270 festivo
524 238 626 268 cantu
646 231 711 267 hoc
731 234 887 277 laqueare
909 231 1061 267 sonabat.

319 304 578 350 Tangebantque
599 303 728 337 bonurn
750 308 826 338 vota
848 303 921 336 sine
942 307 1014 336 arte
1035 306 1163 337 Deum.·

234 376 370 410 Arrecto
391 374 466 408 heic
487 374 579 408 vultu
601 372 711 406 stabat
732 371 954 416 manibusque
976 370 1105 416 supinis

317 448 454 487 Dousa,
475 444 599 477 iterans
620 444 728 477 tacitis
749 441 882 486 publica
904 441 1007 477 verba
1028 442 1140 475 labris.

232 515 276 548 Et
296 513 359 548 sibi
380 515 467 548 olam
487 513 591 557 rigido
613 513 797 556 lacrymam
820 512 957 547 detersit
976 512 1020 546 ab
1043 522 1126 554 ore,

318 586 477 617 Permoto
497 582 583 616 mira
605 588 737 627 pectore
759 582 895 615 laetitia*

225 652 327 691 Heio,
350 651 454 685 oculis
476 656 615 695 augusta
636 655 668 683 et
689 652 863 694 majestate
885 650 1053 687 verendus

313 721 392 763 Ille,
414 720 515 754 modo
537 719 677 753 afflictae
699 719 798 752 firma
821 720 976 754 columna
997 719 1068 763 rei,

229 789 296 833 Qui
319 800 380 823 sua
392 815 403 832 ,
425 801 530 834 quum
552 789 687 823 rabidae
709 795 858 832 peterent
879 799 1038 832 paoemve
1062 788 1239 832 cibumve,

318 858 493 892 obtulerat
513 860 608 892 siccis
631 857 784 892 membra
806 857 955 893 voranda
978 858 1069 901 guliS.

225 929 312 962 Heic
334 926 389 961 alii
409 927 539 961 hero'e‘s.
584 926 653 960 Illic
675 926 732 970 pia
754 925 855 959 turba
877 927 1047 968 virorum,

315 1001 409 1041 Quos
431 997 524 1032 vellet
547 997 634 1032 cives
655 995 758 1029 libera
781 997 892 1028 Roma
913 1004 1005 1028 suom

225 1066 357 1100 Gaudia
379 1065 409 1099 si
431 1066 475 1099 ad
497 1075 637 1109 superas
659 1070 797 1110 surgant
819 1065 972 1099 mortalia
994 1064 1089 1099 sedes
1104 1090 1119 1109 r

313 1139 409 1179 Quae
430 1135 471 1168 de
493 1136 621 1169 sincero
643 1141 776 1180 pectore
797 1135 889 1170 rivus
911 1135 1000 1179 agiu

221 1206 373 1241 Jueundo
393 1206 530 1250 aligerae
552 1206 647 1240 vultu
666 1206 768 1238 risere
790 1203 957 1247 choreae,

311 1276 475 1319 Astraque
497 1276 651 1308 coelestes
674 1284 875 1319 personuere
897 1273 1000 1308 modi.

217 1348 328 1381 Parva
348 1346 429 1388 fuit,
453 1347 482 1378 si
502 1356 576 1378 rem
597 1351 726 1388 repetas
749 1343 792 1377 ab
815 1344 940 1388 origine
961 1343 1088 1387 prima:

311 1416 392 1459 Spes
412 1417 526 1447 tamen
547 1416 583 1447 in
605 1424 708 1457 parva
730 1425 800 1447 non
821 1412 997 1446 mediocris
1019 1417 1105 1445 erat.

225 1482 347 1520 Vidisti
368 1488 503 1516 tenuem
525 1484 561 1515 in
582 1481 705 1514 montis
727 1481 838 1515 radice
860 1479 1049 1513 scatebram
1062 1504 1078 1522 7

309 1552 356 1585 Ut
379 1554 482 1595 serpit
504 1553 602 1584 tacito
628 1562 688 1594 per
714 1550 787 1583 loca
813 1550 897 1582 sola‘
911 1549 995 1592 pede
1003 1562 1020 1590 3:

223 1623 306 1656 Mox
330 1626 443 1655 autem
466 1621 605 1654 occultis
626 1620 712 1653 vires
735 1620 821 1663 capit
847 1619 1084 1660 incrementis,

306 1691 459 1724 Flumine
482 1700 606 1733 perque
629 1688 729 1721 urbes
755 1689 894 1723 volvitur
912 1692 944 1721 et
971 1688 1111 1731 populos
1126 1690 1147 1721 Y

217 1759 273 1794 Sic
294 1765 430 1804 patrum
454 1758 518 1792 sibi
539 1758 728 1800 sufficiens,
752 1763 849 1801 atque
872 1757 991 1791 indolis
1013 1757 1099 1790 altae

306 1828 448 1863 Conscia
470 1839 566 1861 mens
590 1828 713 1870 coeptis
735 1827 853 1860 omnia-
870 1827 956 1859 laeta
983 1826 1079 1868 tulit,

219 1898 309 1932 Hinc
328 1897 417 1939 fore,
442 1899 499 1941 qui
520 1902 669 1942 peterent
687 1895 813 1941 integra
830 1907 848 1929 e
868 1894 985 1928 fronde
1010 1904 1168 1928 coronas:

308 1970 385 2008 Qua
405 1978 579 2012 nunquam
604 1967 794 2000 humanum
809 1964 974 2010 splenduit
999 1969 1076 1998 ante
1109 1968 1225 2008 caput.

224 2039 381 2073 Evenere.
426 2039 538 2072 Novos
556 2036 674 2070 habuit
695 2035 861 2069 Medicina
884 2033 1081 2078 triumpho&

311 2104 393 2143 Vim
420 2107 528 2140 minui
550 2106 654 2140 doluit
675 2107 770 2139 Mors
794 2105 980 2139 truculenta
1000 2112 1108 2138 suam.

1498 2173 1578 2203 Bar-
