1919 2511
313 162 334 191 <3
652 157 695 190 P;
738 152 1038 190 HOFMANNI
1081 147 1427 184 PEERLKAMP

427 246 520 282 Salve
541 244 666 288 Leida,
689 249 766 278 tuae
785 243 863 277 felix
884 242 1022 277 virtutis.
1066 241 1110 272 Et
1132 249 1151 272 a
1174 245 1206 272 te

515 317 615 349 Sume
635 313 777 348 animos.
823 313 926 347 Salve.
971 309 1094 343 Libera
1115 314 1202 342 terra
1224 312 1282 340 tua
1303 310 1364 341 est.

427 384 550 418 Libera
572 389 660 417 terra
683 388 741 416 tua
764 388 813 415 est
866 383 911 414 Et
932 385 1023 424 grato
1045 389 1141 412 sacra
1164 374 1287 420 nepoti.

512 455 634 497 Sparsa
657 457 792 496 patrum
813 451 989 494 lacrymis,
1012 448 1170 492 sanguine
1192 455 1308 490 sparsa
1331 449 1476 490 patrum.

427 522 528 565 Cinge
550 530 682 555 merens
704 519 799 556 viridi
822 525 879 553 tua
901 524 1052 562 tempora
1076 518 1165 561 cinge
1188 526 1323 550 corona.·

514 592 564 623 Te
585 589 679 624 decet
700 601 720 623 e
742 590 798 623 tali
820 590 902 623 lecta
925 598 1048 621 corona
1070 587 1150 619 solo.

428 664 538 702 Quam
563 659 690 703 placide
709 660 865 703 spirantis
888 657 954 690 alat
973 656 1059 691 Jovis
1083 665 1177 688 aur-‘24
1222 656 1293 688 Nec
1315 654 1380 687 atri

515 728 696 761 Decutiant
718 727 842 761 imbres
865 724 1096 768 decutiantque
1117 725 1221 758 niveS.

422 800 496 829 jam
518 795 578 828 tibi
599 795 806 837 mercedem,
829 793 925 827 factis
947 792 1133 837 ingentibus
1155 802 1297 836 aequam
1310 815 1321 833 ‚

517 862 622 896 Offert
644 862 805 898 Nassavia
827 863 935 906 patria
956 862 1042 895 laeta
1063 871 1180 894 manu.

431 935 607 966 Musarum
630 931 748 965 domus
771 942 818 964 οε.
867 930 1055 974 Leidaeque
1078 940 1098 962 a
1120 930 1209 962 fonte
1231 927 1378 973 profecta

515 999 619 1034 Pieris
643 1000 827 1034 Hollandos
849 999 985 1043 lympha
1007 998 1125 1043 rigabit
1147 1007 1251 1042 agros.

431 1069 520 1112 Quid
543 1069 706 1102 Gulielme
729 1068 837 1102 facis?
882 1069 936 1101 Sic
957 1068 1005 1101 vis
1028 1067 1088 1102 tibi
1109 1073 1189 1117 nota
1211 1066 1377 1109 Philippi?

515 1140 643 1182 Nempe
667 1139 752 1172 inter
773 1138 884 1171 lauros
904 1137 1005 1181 serpit
1026 1137 1110 1173 oliva
1133 1138 1226 1169 tuas!

434 1206 580 1241 Horrida
601 1207 724 1241 funesti
746 1207 885 1252 flagrant
906 1206 1059 1241 incendia
1081 1205 1167 1239 belli.

522 1278 597 1310 Non
620 1286 707 1309 unus
731 1276 820 1309 diras
845 1273 973 1310 intonat
995 1274 1080 1309 Alba
1103 1275 1222 1308 minas.

432 1348 573 1379 Intonet.
620 1348 662 1379 Et
685 1345 760 1377 beili
782 1345 918 1389 flagrent
939 1344 1100 1380 incendia.
1147 1347 1261 1387 Rupes

521 1416 596 1447 Non
620 1425 640 1446 a
663 1413 850 1456 spumiferis
872 1413 957 1446 dura
980 1420 1132 1448 movetur
1155 1413 1260 1457 aquis.

436 1485 500 1526 Ut,
524 1493 629 1526 quum
651 1481 792 1515 tenifico
815 1482 979 1515 luctantes
1002 1480 1132 1515 turbine
1155 1482 1244 1516 venti

524 1550 645 1584 Nubila
667 1561 726 1593 per
748 1551 877 1584 coelum
897 1549 1048 1584 fulminis
1068 1551 1173 1584 instar
1194 1555 1318 1594 agunt3

434 1623 539 1663 Saepe
562 1620 669 1652 nitens
692 1620 810 1653 faciem
834 1618 946 1652 Diana
969 1619 1112 1652 ostendit
1133 1620 1299 1659 amicam,

522 1690 615 1720 Dum
637 1689 751 1722 niveae
775 1699 894 1722 currus
917 1694 1008 1722 astra
1031 1693 1216 1732 sequuntur
1237 1686 1351 1719 herae-¹

438 1758 491 1789 Sic
512 1756 640 1800 placido
663 1758 733 1791 risit
755 1759 870 1792 victrix
894 1758 1078 1790 constantia
1099 1757 1201 1792 vultu.

526 1826 621 1857 Risit.
667 1829 729 1868 Et,
751 1838 773 1860 o
794 1828 933 1870 Superi,
957 1828 1029 1870 qius
1050 1827 1113 1859 fuit
1134 1826 1186 1858 ille
1209 1824 1297 1859 dies!

440 1895 518 1937 Quo
539 1896 683 1937 primum
706 1897 809 1938 pietas
831 1905 916 1928 ausa
939 1901 988 1928 est
1010 1896 1172 1928 deducere
1193 1894 1334 1938 simplex

527 1964 729 2006 Lugdunum
750 1974 864 1997 sacras
886 1974 928 1996 ex
950 1966 1108 1998 Helieone
1131 1967 1232 1998 Deus,

439 2031 593 2065 Phoebus
617 2043 773 2066 arenosos
787 2058 797 2075 ‚
821 2034 879 2067 vix
901 2033 996 2066 altior
1018 2045 1180 2078 aequore,
1204 2033 1301 2067 colles

527 2101 687 2135 Nordvici
709 2103 822 2147 pulcro
843 2102 966 2137 hunine
990 2103 1179 2147 contigerat.

1741 2168 1793 2197 Lt
