1919 2511
298 131 336 159 42
556 119 781 151 CLAUDII
820 116 1046 149 HENRICI
1086 125 1167 146 VAN
1208 117 1565 148 HERWERDEN

340 205 385 234 De
400 203 574 241 Adoptianis
592 204 660 233 haec
679 203 828 232 hactenus.
869 201 974 240 Quoad
1000 199 1100 230 Caroli
1124 199 1275 236 epistolam
1296 208 1389 230 tamen
1413 202 1506 231 obiter
1524 202 1615 230 adhuc
1643 204 1815 239 monendum

301 263 364 291 est,
384 264 443 284 eam
472 254 577 284 indicio
605 263 689 290 esse,
721 262 805 290 quam
831 252 950 281 firmiter
981 250 1037 278 sibi
1064 258 1227 286 persuasam
1255 252 1385 281 habuerit
1411 252 1575 288 opinionem
1610 253 1815 293 falsissimam,

301 308 386 345 cujus
409 307 509 343 paullo
529 312 594 335 ante
615 304 815 340 meminimus,
846 311 939 333 veram
962 301 1110 338 religionis
1139 302 1295 335 doctrinam
1317 304 1398 332 unice
1425 304 1548 340 positam
1577 313 1640 333 esse
1664 305 1693 334 in
1721 305 1814 343 effatis

302 358 458 388 catholicae
481 358 635 393 ecclesiae3
658 357 726 385 haec
749 364 808 384 non
830 363 891 384 esse
916 354 1109 390 immutanda,
1130 361 1225 390 neque
1248 354 1322 386 enim
1345 355 1499 391 quidquam
1527 355 1614 384 exiis
1634 356 1736 386 melius
1757 357 1813 386 dici

299 419 406 448 posse,
429 416 478 440 aut
504 408 622 438 omnino
647 407 798 436 emendari.

337 461 392 491 111.
411 462 524 490 Praeter
538 458 763 488 controversiam
782 456 949 485 Felicianam
967 455 1091 484 Carolus
1107 454 1236 491 Magnus
1250 455 1333 485 etiarn
1350 455 1431 484 aliam
1455 456 1648 491 quaestionem
1664 457 1813 495 episcopis

298 511 454 547 proposuit
475 509 684 538 examinandam
707 515 734 537 et
759 507 984 546 dijudicandam,
1010 506 1044 533 de
1069 505 1196 541 Spiritus
1213 506 1332 548 Sancti,
1356 515 1427 542 quae
1452 506 1578 543 dicitur,
1600 509 1810 545 processione,

297 568 391 590 utrum
413 569 429 589 a
451 560 534 588 Patre
556 568 587 588 ac
611 559 706 595 Filio,
727 568 762 588 an
782 568 850 588 vero
870 567 886 587 a
907 559 971 586 solo
991 557 1075 586 Patre
1100 564 1190 588 exeat.
1234 558 1328 595 Cujus
1347 558 1510 587 alterutrius
1534 560 1690 588 sententiae
1715 560 1813 596 posita.

298 611 418 642 veritate
430 631 440 646 ,
464 610 640 643 efficiendum
657 617 735 645 erat,
751 619 820 647 num
841 610 963 647 Hispani
978 617 1011 638 ac
1029 609 1106 638 Galli
1122 609 1252 638 Nicaeno
1269 608 1403 644 symbolo
1424 610 1502 645 quod
1520 610 1585 638 cani
1600 609 1716 638 solitum
1734 618 1811 640 recte

299 662 371 691 haec
387 661 495 698 syllaba
510 661 703 690 addidissent:
716 660 856 699 Filioque.
878 661 961 690 Hanc
978 669 1037 690 rem
1052 660 1086 689 ab
1098 660 1380 697 Aquisgranensibus
1398 660 1528 697 patribus
1540 661 1569 690 in
1584 660 1683 697 primis
1699 658 1812 691 discus-

297 722 358 743 sam
385 722 447 742 esse
470 713 608 745 arbitror.
650 714 683 742 In
709 714 858 742 annalibus
883 713 997 749 quidem
1022 720 1052 743 et
1072 711 1216 742 chronicis
1234 711 1409 740 Francorum
1429 712 1553 742 Carolus
1571 712 1724 741 concilium
1744 712 1812 742 co'e‘-

295 764 372 802 gisse
391 763 497 792 dicitur
525 763 560 792 de
586 764 712 799 Spiritus
740 765 836 796 Sancti
858 765 1029 802 processione
1055 764 1140 801 (1);
1169 762 1221 791 sed
1247 768 1444 798 praeterquam
1474 763 1553 798 quod
1571 763 1613 791 de
1641 764 1672 791 ea
1694 763 1750 801 jam
1778 763 1811 793 in

294 814 421 845 concilio
442 814 660 851 Forojuliensi‚
679 824 754 847 anno
772 815 957 845 DCCXCVI
981 814 1098 849 habito,
1121 814 1313 849 disceptatum
1336 819 1364 840 et
1384 813 1573 842 constitutum
1600 812 1714 846 fuerat,
1740 813 1810 850 Spi-

296 866 383 896 ritum
401 866 537 895 Sanctum
555 873 590 896 ex
605 865 688 894 Patre
704 866 839 902 Filioque
852 866 1007 902 procedere
1031 863 1220 894 essentialiter
1236 870 1265 892 et
1283 863 1471 900 spiritualiter
1489 863 1577 901 (2),
1597 863 1705 893 accedit
1731 864 1812 902 quod

292 917 328 947 de
345 917 410 953 ipso
425 916 560 952 symbolo
579 916 717 945 cantando
737 916 916 953 Aquisgranj
930 915 1096 953 praesertim
1115 916 1291 952 disputatum
1309 921 1337 943 et
1351 914 1499 943 definitum
1516 914 1626 951 fuisse,
1649 922 1682 944 ut
1699 915 1810 952 syllaba

292 967 346 999 ista
363 967 497 1003 symbolo
514 966 701 1002 adderentur,
724 968 806 996 etiam
824 976 859 997 ex
879 966 1028 1003 colloquio
1043 966 1167 1002 quodam
1184 973 1318 1003 apparet,
1336 966 1388 996 hac
1408 966 1442 994 de
1458 974 1487 993 re
1499 974 1514 993 a
1529 965 1669 994 Pontifice
1686 973 1752 994 cum
1768 967 1810 996 le-

294 1018 366 1055 gatis
377 1017 496 1050 habito,
512 1025 586 1052 quos
603 1017 759 1053 imperator
774 1019 909 1054 miserat,
929 1019 965 1047 ad
981 1018 1086 1054 synodi
1102 1017 1247 1046 decretum
1267 1025 1331 1045 cum
1349 1025 1383 1044 eo
1401 1013 1670 1045 'communicandum
1681 1035 1692 1051 ,
1708 1024 1743 1058 ac
1756 1025 1809 1053 pe.-

292 1069 429 1103 tendum,
446 1068 559 1100 utillud
567 1068 750 1098 confirmaret
768 1076 918 1105 ratumque
937 1077 1001 1098 esse
1012 1067 1137 1107 juberet.
1159 1068 1204 1097 Illi
1222 1067 1315 1103 enim,
1326 1075 1391 1095 cum
1408 1066 1524 1095 concilii
1540 1065 1655 1095 effatum
1671 1059 1808 1105 Pontifici

293 1119 476 1156 displiceret,
498 1119 561 1148 ideo
589 1119 809 1149 additamentum
833 1120 907 1149 illud.
928 1126 1005 1149 recte
1031 1126 1179 1154 acceptum
1198 1127 1260 1147 esse
1277 1117 1429 1152 dixerunt,
1452 1117 1532 1152 quod
1550 1116 1699 1146 veritatem
1719 1117 1808 1156 saluti

291 1174 478 1203 necessariam
496 1173 658 1202 contineret
669 1194 679 1208 ,
697 1182 769 1209 quae
786 1173 821 1201 ab
839 1174 945 1210 ignaris
961 1166 1131 1203 hominibus
1146 1169 1295 1206 permultis
1311 1176 1372 1197 non
1387 1173 1633 1205 cognosceretur,
1653 1166 1711 1200 nisi
1726 1165 1806 1201 imus

292 1223 457 1260 saepissime
477 1224 716 1259 admonerentur,
738 1224 873 1258 sollemni
889 1230 975 1253 cantu
986 1223 1115 1260 Ἰ1111111105
1134 1222 1250 1259 insuper
1271 1219 1380 1257 syllaba
1399 1227 1517 1255 quoque
1531 1218 1604 1253 hanc
1622 1219 1659 1247 ob
1676 1227 1808 1257 caussam

291 1284 351 1305 non
376 1275 533 1304 omittenda
560 1275 719 1311 putabant,
751 1276 831 1311 quod
855 1265 979 1311 multis,
1004 1275 1114 1311 quibus
1139 1274 1180 1302 ita
1203 1271 1310 1301 cantari
1339 1269 1504 1306 symbolum
1530 1270 1588 1306 jam
1614 1269 1732 1298 solitum
1760 1278 1807 1299 es-

291 1331 355 1360 set,
378 1326 502 1362 graviter
526 1325 702 1355 offensurum
726 1326 891 1363 videretur,
922 1326 948 1356 si
973 1335 1033 1356 non
1057 1326 1180 1362 amplius
1203 1324 1383 1353 adderentur.
1422 1320 1573 1349 Adversus
1602 1328 1676 1356 quos
1701 1320 1802 1349 mirum

290 1377 320 1405 in
345 1376 460 1404 modum
478 1377 515 1403 'se
542 1383 681 1412 torquens
705 1377 769 1406 Leo
801 1386 866 1406 cum
888 1386 920 1406 se
943 1377 1011 1406 satis
1036 1377 1172 1414 expedire
1195 1383 1258 1405 non
1277 1377 1399 1410 posset,
1429 1370 1605 1406 syllaborum
1629 1379 1713 1400 usum
1734 1370 1804 1404 Gal-

288 1427 388 1455 licanis
416 1426 612 1463 Hispanisque
637 1427 767 1457 ecclesiis
785 1428 930 1457 concessit
945 1449 956 1464 ,
979 1429 1029 1465 sed
1050 1426 1230 1464 antiquitatis
1254 1423 1451 1454 tenacissimus
1469 1442 1479 1457 ,
1502 1420 1622 1457 privatis
1651 1422 1806 1458 imperato-

291 1479 331 1507 ris
353 1478 469 1507 aedibus
495 1486 554 1507 non
575 1479 724 1514 permisit,
745 1488 863 1515 sperans
888 1480 974 1516 fore,
996 1487 1029 1508 ut
1051 1480 1137 1517 hujus
1158 1478 1193 1507 ad
1210 1475 1372 1510 exemplum
1392 1472 1504 1502 tandem
1529 1478 1609 1501 totus
1631 1481 1662 1501 se
1686 1481 1807 1509 compo-

289 1535 370 1559 neret
388 1529 478 1558 orbis.
522 1529 590 1565 lpse
609 1529 638 1558 in
657 1530 734 1559 Petri
756 1531 879 1560 Basilica
899 1531 984 1560 binas
1002 1537 1149 1568 argenteas
1167 1528 1278 1558 tabulas
1297 1524 1371 1562 affigi
1386 1525 1498 1562 jussit,
1521 1523 1550 1552 in
1571 1531 1691 1559 quarum
1714 1525 1804 1553 altera

290 1579 452 1616 symbolum
471 1580 592 1616 Latine,
616 1580 646 1611 in
664 1583 752 1611 altera
778 1582 888 1612 Graece
906 1583 1047 1619 scriptum
1068 1582 1237 1621 legebatur,
1257 1586 1317 1607 non
1339 1575 1436 1605 addito
1458 1574 1585 1611 Filioque
1607 1575 1623 1611 (
1632 1574 1684 1611 3).
1717 1574 1803 1605 Post-

291 1639 323 1659 ea
346 1630 408 1665 ipse
432 1630 553 1658 Carolus
577 1631 685 1661 litteras
707 1633 742 1660 acl
762 1632 930 1662 Pontificem
952 1633 1051 1668 dedit,
1075 1632 1182 1669 quibus
1209 1631 1235 1659 ei
1255 1620 1426 1666 persuadere
1454 1626 1611 1654 conabatur
1627 1634 1720 1655 veram
1740 1634 1802 1655 esse

291 1681 447 1712 doctrinam
473 1681 507 1709 de
532 1682 717 1716 processione
739 1683 864 1718 Spiritus
889 1693 905 1713 a
924 1685 1007 1713 Patre
1030 1684 1163 1720 Filioque
1190 1681 1272 1719 (4).
1313 1679 1393 1707 Num
1420 1675 1557 1706 Pontifici
1584 1675 1803 1716 obtemperave-

291 1731 346 1767 rit,
366 1740 396 1759 ac
415 1730 524 1766 syllaba
544 1731 671 1769 Filioque
691 1732 722 1761 in
740 1733 858 1762 aedibus
881 1734 942 1762 suis
967 1736 1062 1763 omitti
1079 1734 1206 1768 curarit,
1226 1731 1341 1759 minime
1365 1734 1491 1756 constat.

330 1782 410 1812 Haec
429 1789 520 1811 autem
543 1783 673 1818 quaestio
693 1792 781 1819 quum
806 1793 864 1813 rem
887 1792 982 1821 tangat
1006 1785 1046 1814 ita
1065 1784 1219 1814 sublimem
1243 1788 1275 1810 ut
1296 1781 1451 1809 humanum
1474 1785 1590 1815 captum
1613 1779 1704 1829 longe
1718 1787 1801 1809 exce-

1735 1832 1800 1883 dat,

295 1915 388 1949 (1)
407 1916 474 1942 Α1111.
491 1915 531 1940 Fr.
547 1914 622 1940 Lois.
647 1922 671 1946 p.
689 1916 717 1940 82
723 1933 733 1942 .
751 1923 794 1948 ap.
816 1917 904 1949 Bouq.
929 1924 987 1943 ann.
1008 1918 1049 1945 Fr.
1064 1917 1140 1945 Fuld.
1154 1925 1181 1949 p.
1197 1920 1255 1947 233.
1274 1922 1317 1946 ap.
1339 1914 1426 1945 Bonq.
1448 1911 1544 1937 Adonis
1568 1911 1695 1941 Chronic.
1713 1922 1740 1947 p.
1755 1922 1798 1948 32.

293 1962 327 1988 B.
352 1961 435 1987 Rich.
455 1961 532 1986 Clun.
549 1960 646 1986 Chrou.
661 1961 686 1985 in
700 1961 840 1987 Muratorii
854 1963 946 1995 Anth.
960 1963 1018 1990 Ital.
1035 1963 1102 1991 med.
1115 1970 1174 1989 aev.
1195 1968 1216 1988 t.
1229 1962 1276 1987 1V.
1296 1969 1323 1993 p.
1341 1966 1416 1991 1079

327 2007 391 2042 (ρ)
410 2008 459 2033 Vid
488 2006 574 2033 Mansi
590 2014 611 2034 t.
623 2007 701 2034 XIII.
717 2015 743 2044 p.
755 2009 812 2040 830.
829 2016 889 2042 sqq.
911 2010 1003 2042 Pagius
1022 2010 1053 2036 ad
1070 2017 1097 2036 a.
1111 2016 1171 2042 791.
1190 2016 1232 2040 ap.
1253 2006 1398 2038 Mansi‚p.
1410 2006 1466 2037 854.
1483 2004 1616 2037 Spanhem.
1634 1989 1703 2033 Hist.
1721 2006 1797 2036 Eccl.

382 2062 399 2081 t.
417 2055 453 2080 Il.
524 2062 533 2080 1
560 2061 599 2079 ια.

293 2064 399 2133 Ορῗςς)
412 2062 599 2130 11111,ΡΜεῗ151
603 2103 625 2124 t.
646 2099 717 2126 XIV.
735 2107 765 2133 p.
784 2101 820 2126 18.
841 2106 903 2132 sqq.
1037 2098 1099 2135 (4)
1121 2099 1181 2126 Vld.
1197 2098 1285 2125 Mansi
1306 2103 1325 2123 t.
1335 2096 1413 2124 affl..
1429 2105 1456 2130 p.
1470 2098 1518 2129 58,
1532 2104 1574 2130 59.
