1919 2511
58 811 181 880 Quod
199 838 312 871 Deum
326 836 527 880 Delphicum
541 837 652 871 ferunt
667 834 859 870 hominibus
875 836 1100 881 praecepisse,
1122 835 1332 880 praeclarum
1346 837 1445 871 illud:
1459 848 1526 872 no·

56 904 112 927 soe
132 899 164 927 te
180 894 291 937 ipsum
303 917 313 935 ,
335 892 424 926 idem
442 893 525 927 mihi
544 904 674 938 quoque
694 894 791 937 quasi
807 892 963 926 divinitus
985 893 1112 926 dictum
1128 897 1209 935 puto
1221 917 1231 934 ,
1255 893 1309 926 cui
1334 895 1422 936 jam,
1447 905 1525 927 cum

55 960 99 983 ne
132 950 275 983 disertus
300 949 435 992 quidem
461 950 524 983 sim
534 972 546 991 „
578 950 718 983 oratoris
745 959 886 982 munere
913 949 956 982 sit
979 947 1196 992 fungendum.
1243 950 1332 983 Nam
1360 951 1527 993 reputanti

52 1005 161 1047 mihi,
183 1015 269 1049 quae
292 1005 419 1048 singula
440 1005 476 1038 in
495 1010 625 1040 oratore
644 1011 872 1048 quaeruntur,
902 1015 941 1037 ea
964 1004 1047 1037 mihi
1065 1004 1177 1037 deesse
1197 1006 1372 1048 universa,
1396 1006 1526 1040 etiamsi

55 1067 284 1100 commovetur
304 1062 437 1095 animus
452 1085 462 1103 ,
485 1059 590 1104 magis
611 1066 725 1094 tamen
744 1066 776 1094 et
801 1060 1016 1095 vehementer
1029 1060 1170 1104 quidem
1191 1071 1246 1094 me
1270 1062 1324 1095 illa
1353 1062 1528 1106 perturbat

52 1130 103 1151 {ru
114 1128 203 1150 Lnu
226 1116 352 1152 oratio:
382 1124 479 1159 eum,
510 1116 568 1161 qui
586 1115 677 1155 ,nihil
696 1122 804 1160 potest
821 1116 960 1161 dignum
976 1127 1034 1158 re,
1058 1117 1195 1160 dignmn
1213 1117 1525 1163 nomineoratoris,

53 1173 192 1217 dignum
208 1173 386 1207 hominum
407 1172 544 1208 auribus
564 1173 694 1210 efficere
714 1178 812 1217 atque
830 1172 948 1215 edere,
971 1172 1202 1219 impudentem
1216 1173 1280 1207 sibi
1293 1173 1407 1209 viden'.
1437 1175 1529 1209 Huic

55 1236 168 1263 autern
186 1235 363 1273 tantaeque
385 1228 573 1263 auctoritati
598 1229 757 1273 quoniam
774 1228 885 1273 impar
901 1229 964 1262 sim
974 1253 985 1271 ,
1008 1239 1077 1262 esse
1097 1235 1211 1263 tamen
1228 1236 1327 1274 atque
1342 1230 1446 1265 videri
1458 1231 1529 1265 vel-

53 1284 139 1326 lem,
162 1295 264 1329 quam
294 1285 432 1319 minime
451 1296 613 1330 possum,
635 1285 837 1329 impudens,
855 1291 911 1327 ut,
935 1284 1002 1319 nisi
1023 1287 1170 1319 oratoris
1189 1285 1326 1319 nomine
1345 1287 1528 1331 vestrisque

55 1340 212 1383 auribus,
235 1352 273 1377 re
288 1342 406 1375 saltem
424 1353 494 1376 non
508 1342 643 1386 indigna
660 1351 798 1386 prorsus
817 1342 860 1375 sit
883 1342 991 1375 oratio
1021 1351 1118 1385 mea,
1146 1342 1258 1386 ipsam
1281 1353 1302 1376 a
1322 1341 1529 1386 simplicitate

0 1430 2 1433 ,
56 1396 358 1431 commendandam
376 1408 448 1431 csse
470 1399 669 1433 existimavi.

99 1453 253 1487 Faveatis
273 1454 369 1496 igitur
391 1464 473 1496 rogo
492 1464 612 1497 meque
628 1453 807 1489 sublevetis
826 1453 1011 1494 dicentem:
1038 1453 1082 1487 de
1104 1454 1285 1499 simplicis
1299 1464 1426 1498 sensa,
1449 1463 1529 1490 mei

59 1508 207 1542 dicincze
227 1507 425 1541 cultoribus
447 1507 631 1552 imprimi-s
650 1508 860 1543 excolendo.

54 1589 67 1591 a
100 1569 128 1598 B
141 1578 160 1598 o
172 1578 192 1598 E
201 1576 284 1598 ΒΗΑ
294 1576 360 1598 Av1
369 1576 390 1597 υ
400 1576 425 1597 m
447 1563 601 1599 novimus
612 1566 870 1607 ,immortalem
887 1566 987 1609 hujus
1004 1566 1141 1600 scholae
1159 1573 1292 1602 nostrae
1304 1568 1529 1613 conditorem3

58 1622 140 1657 illud
155 1622 190 1654 in
209 1631 265 1653 ore
283 1619 460 1654 habuisse:
482 1621 624 1665 simplex
640 1621 712 1657 veri
731 1621 892 1665 sigillum3
914 1621 992 1666 qui,
1018 1632 1097 1655 cum
1111 1622 1250 1657 docendi
1267 1634 1391 1659 munus
1406 1625 1443 1660 in
1462 1626 1528 1660 hae

57 1677 238 1713 Academia
260 1674 389 1709 solenni
404 1676 472 1709 ritu
491 1678 739 1721 auspicaretur,
762 1679 968 1721 medicinae,
988 1688 1091 1722 quam
1108 1678 1259 1723 doceret,
1283 1682 1528 1726 simplicitatem

56 1734 204 1767 oratione
222 1732 445 1776 praedicavit,
461 1743 632 1777 reamque,
652 1739 817 1778 tanquam
835 1734 945 1779 ipsius
962 1740 1104 1768 naturae
1129 1737 1301 1780 propriam
1322 1744 1420 1782 atque
1449 1750 1528 1784 cog-

56 1795 194 1830 natam,
217 1798 404 1831 numquam
427 1789 457 1821 ei
479 1788 669 1824 defuturam
689 1791 785 1824 nobis
808 1792 950 1835 posteris
966 1791 1167 1837 vaticinatus-
1182 1798 1244 1826 est.
1289 1795 1333 1827 Et
1351 1804 1430 1829 vere·
1450 1797 1527 1840 qui-

57 1845 136 1878 dem
155 1843 352 1881 vaticinatus
374 1850 423 1877 est
439 1857 750 1883 roennAAvms,
797 1849 904 1889 Nam,
928 1858 1013 1891 quae
1027 1853 1125 1881 antea
1146 1848 1298 1882 onmium
1313 1851 1527 1885 scientiarum

60 1900 171 1945 spoliis
187 1905 321 1933 onerata
338 1901 459 1944 magis,
474 1910 577 1945 quam
593 1909 710 1936 ornata
731 1903 996 1947 conspiciebatur
1011 1902 1174 1937 medicina
1184 1929 1195 1946 ‚
1213 1911 1288 1948 post
1301 1912 1465 1949 repertam
1483 1908 1527 1940 il-

61 1958 129 1995 lam
144 1955 311 2000 probeque
330 1956 527 1990 intellectam
544 1959 629 1992 vitae
643 1959 766 2003 legem,
788 1969 850 1993 sua
871 1970 907 1992 se
927 1961 1064 1995 veritate
1085 1961 1191 2002 tueri,
1209 1966 1241 1994 et
1258 1962 1346 1994 mira
1367 1963 1529 2007 simplici-

60 2019 126 2047 tate
144 2011 278 2056 probari
296 2011 451 2044 omnibus
465 2014 659 2058 intelligique
682 2014 800 2059 coepit.
838 2017 935 2059 Quae
953 2026 1031 2049 cum
1050 2017 1248 2060 cogitarem,
1271 2030 1528 2054 mmmmmx-

61 2081 131 2110 qmz
147 2079 188 2102 ex
207 2067 323 2101 eodem
341 2067 490 2104 hocloco
516 2080 592 2105 vere
613 2078 831 2116 augurantem
853 2072 936 2108 mihi
956 2072 1071 2110 audire
1091 2072 1241 2117 viderer,
1263 2082 1371 2119 neque
1396 2074 1439 2108 ab
1464 2075 1528 2109 hac

804 2128 834 2164 A
856 2130 878 2165 5,
1444 2136 1532 2165 tem-
