1919 2511
781 153 1268 197 PROGRAMMAE

289 179 327 216 30

331 309 482 342 ORDo
523 306 933 340 PH1LosoPH1AE
971 292 1368 339 ΤΗΕΟΒΕΊἾΟΑΕ
1406 303 1712 341 ιτΙΛΤΕΒΑ.

535 365 566 396 R
576 365 608 396 U
619 366 656 397 M
686 366 759 397 HU
769 365 841 396 MA
849 364 881 395 N
889 365 904 395 I
914 365 945 396 O
953 365 980 396 R
989 365 1017 396 U
1028 365 1066 397 M
1089 366 1141 398 has
1164 363 1366 407 Quaestiones
1386 363 1502 406 posuit.

1006 476 1033 509 1.

327 572 543 614 Exponantur
572 573 700 615 singula
719 579 909 615 argumenta
926 571 961 603 de
976 570 1118 603 Scientia
1138 577 1168 603 et
1189 570 1225 602 de
1247 569 1398 612 Opinione
1414 580 1455 603 ex
1475 569 1624 602 Platonis
1639 567 1755 605 Theae-

285 638 345 661 teto
371 638 401 662 et
427 629 608 669 Phaedone,
631 639 727 671 eaque
751 639 819 660 cum
844 630 913 670 ipsa
933 630 1135 661 illustrentur
1152 638 1193 660 ex
1216 629 1398 670 aequalium
1417 626 1672 669 Philosophorum
1689 627 1752 660 dis-

285 686 491 726 sensionibus,
531 695 598 719 tum
625 687 669 719 ad
691 686 890 718 dialecticam
917 687 1073 718 rationem
1095 685 1280 728 exigantur.

997 796 1061 831 11.

326 890 466 932 Philippi
483 889 518 929 I,
540 888 642 921 Ducis
666 889 889 930 Burgundiae,
912 889 1002 927 vita,
1024 898 1074 919 res
1097 896 1203 930 gestae
1227 896 1258 921 et
1283 897 1382 921 mores
1405 888 1619 931 explicentur,
1642 889 1692 923 ita
1714 897 1754 927 ue

279 946 499 988 disquiratur,
522 956 586 989 qua
606 947 730 978 ratione
749 945 830 976 Boni
857 954 1018 986 cognomen
1041 945 1126 977 tueri
1143 945 1254 986 possit.

507 1061 659 1104 Quaestio
689 1071 706 1092 a
739 1057 1064 1092 FACULTATE
1103 1059 1309 1092 MEDICA
1340 1060 1510 1102 proposita.

323 1162 426 1206 Quum
456 1165 537 1196 notio
566 1173 596 1198 et
627 1165 735 1198 αἳνίεὶο
760 1164 1001 1201 Remediorum,
1032 1173 1073 1195 ex
1095 1162 1218 1204 triplici
1236 1160 1391 1194 Naturae
1419 1161 1529 1205 Regno
1551 1164 1743 1207 petitorum,

268 1220 385 1262 priscis
401 1220 491 1252 ‘valde
506 1221 751 1253 indeterminata
764 1219 890 1263 fuerit,
914 1228 944 1252 et
955 1218 1078 1263 fontes,
1102 1229 1142 1250 ex
1162 1215 1271 1260 quibus
1293 1217 1499 1250 remediorum
1524 1220 1660 1252 virtutes
1683 1231 1748 1254 me·

272 1276 396 1309 dicatae
416 1284 516 1308 nostro
544 1283 678 1317 tempore
702 1277 871 1309 aestimari
888 1283 1031 1318 possunt,
1055 1276 1266 1306 melioremet
1291 1275 1393 1316 magis
1417 1276 1660 1308 determinatam
1686 1279 1746 1310 Be-

271 1332 440 1364 mediorum
462 1334 496 1365 in
520 1333 632 1365 classes
658 1332 928 1373 distributionem,
958 1343 981 1366 a
1006 1331 1177 1365 virtutibus
1203 1330 1334 1373 cognitis
1357 1331 1514 1372 petitam,
1532 1332 1679 1373 polliceri
1698 1334 1743 1366 νὶ-

270 1389 424 1421 deantur:

361 1443 557 1486 Quaeritur,

333 1500 377 1532 I0.
406 1500 492 1543 Quid
512 1500 707 1532 statuendum
725 1501 767 1532 sit
784 1500 820 1532 a'e
834 1498 948 1542 priscii
970 1497 1050 1540 ilici,
1074 1507 1104 1531 et
1127 1499 1239 1542 ubique
1261 1499 1394 1531 nondum
1417 1499 1546 1541 explosa
1562 1501 1659 1534 classe
1683 1501 1739 1535 lte-

397 1558 587 1597 mediorum,
613 1566 692 1598 quae
716 1557 917 1588 Alterantium
939 1556 1032 1588 titulo
1053 1555 1163 1587 venit?

309 1611 373 1644 [Ρ.
401 1611 583 1654 Quaenam,
605 1614 633 1644 si
658 1612 734 1645 haec
753 1614 861 1645 divisio
886 1621 1039 1655 utcunque
1060 1611 1263 1651 retineatur,
1282 1611 1413 1652 proprie
1434 1611 1564 1644 dicenda
1586 1612 1651 1645 sint
1673 1613 1738 1646 Re-

399 1670 500 1700 media
524 1669 712 1709 Alterantia,
748 1677 779 1701 et
801 1670 878 1711 quid
899 1670 935 1701 de
966 1669 1082 1702 intima
1107 1669 1233 1701 illorum
1257 1668 1402 1700 doctrina
1427 1667 1738 1715 Physico-Chemicd‚

399 1734 430 1757 et
449 1727 482 1758 in
510 1726 692 1757 Oeconomia
715 1727 869 1759 Humana
892 1728 1007 1770 agendi
1030 1727 1171 1764 ratione,
1193 1725 1237 1756 sit
1255 1723 1500 1766 affirmandum?

297 1777 376 1813 HF.
399 1781 435 1813 Si
451 1792 521 1813 vero
539 1783 709 1823 rejiciatur
731 1782 933 1815 Alterantium
959 1783 1096 1824 Classis,
1120 1790 1275 1824 quaenam
1295 1781 1425 1822 melior,
1449 1789 1479 1813 et
1497 1781 1643 1815 hodierno
1660 1782 1738 1816 Ma-

395 1838 490 1869 teriei
519 1837 661 1869 ,Medicae
687 1840 790 1871 statui
814 1841 1071 1872 accommodatior
1094 1839 1201 1871 divisio
1220 1845 1251 1870 et
1275 1838 1476 1869 nomenclatio
1502 1839 1735 1880 Bemediorum,

391 1894 587 1934 praesertim
611 1904 715 1926 eorum
729 1918 740 1937 ‚
773 1906 854 1938 quae
879 1897 1032 1939 quondam
1054 1897 1145 1930 titulo
1166 1894 1368 1927 Alterantium
1391 1895 1664 1937 insigniebantur‚
1687 1906 1737 1928 as·

393 1950 545 1981 sumenda
558 1949 668 1992 fhret?

311 2064 595 2100 Commentationes
609 2091 621 2108 ,
644 2067 750 2102 Latina
781 2079 894 2104 tantum
919 2074 1057 2106 oratione
1081 2071 1304 2110 conficiendae,
1327 2080 1358 2104 et
1385 2071 1441 2104 alia
1465 2081 1555 2114 quam
1573 2080 1732 2104 auctorum

1663 2136 1731 2161 ma÷
