1919 2511
445 145 672 178 RESPONSIO
701 154 745 176 AD
773 144 1082 184 QUAESTIONEM
1116 146 1329 182 MEDICAM.
1600 161 1637 191 5‘7

128 230 257 265 Auctor,
280 229 358 265 quod
381 230 450 259 haec
475 230 585 259 scilicet
612 236 792 266 postrorsum
816 236 844 258 et
871 229 1004 258 deorsum
1027 235 1169 265 prematur
1191 228 1270 266 (149
1284 229 1311 262 ).
1354 231 1386 260 Si
1409 240 1501 263 autem
1527 235 1635 265 instru-

126 280 230 309 mentis
253 289 326 317 opus
354 280 409 315 sit,
434 280 525 309 utitur
544 279 605 309 Bell
621 281 751 309 machina
774 281 895 318 (150),
918 289 1002 316 quam
1023 281 1178 316 proposuit
1199 281 1290 310 Freke
1310 284 1433 319 (151),
1454 294 1517 314 cum
1540 295 1574 315 ex
1592 288 1635 324 ip-

119 331 186 359 ‹sius
210 331 351 360 sententia
375 331 475 359 melius
502 331 696 360 extensionem
723 340 820 367 parare
843 338 942 367 posset
971 331 1040 360 haec
1068 332 1220 368 machina,
1255 341 1337 368 quam
1363 334 1440 362 aliud
1464 335 1635 368 instrumen-

123 389 201 419 tum3
231 381 558 411 contra-extensionem
591 391 659 411 vero
686 391 745 411 non
771 389 827 411 tam
850 388 980 411 accurate
1006 382 1068 411 fieri
1101 390 1153 419 per
1177 383 1249 412 illud
1275 391 1373 413 censet
1399 384 1477 419 Bell,
1507 388 1632 424 adeoque

123 433 198 468 lori,
221 433 299 468 quod
317 441 333 461 a
358 441 470 460 summo
491 432 609 461 humero
638 432 756 469 oblique
778 434 952 462 descendens
973 434 1116 469 scapulam
1144 435 1278 463 deorsum
1301 435 1425 472 premit,
1446 437 1631 468 directionem

120 482 169 520 itaff
185 484 346 513 mutandam
367 492 429 512 esse
453 483 580 521 Judicat,
602 491 634 514 ut
657 493 717 514 non
743 486 836 513 solum
861 485 995 513 deorsum
1010 504 1020 520 ,
1044 484 1093 513 sed
1116 485 1197 514 etiam
1219 492 1402 522 postrorsum
1425 490 1567 524 scapulam
1585 499 1633 519 ur-

123 541 187 572 geat
207 540 222 574 ζ
233 542 287 570 152
299 539 327 575 ).

162 585 221 615 Ubi
252 593 350 613 manus
377 585 562 615 sufficientem
586 586 779 615 extensionem
806 595 906 623 parare
928 593 1099 622 nequeunt,
1122 587 1280 624 simplicem
1302 590 1396 618 laudat
1423 590 1557 619 Bb'ttcher
1578 599 1630 628 po-

121 636 241 674 lyspasti
267 644 350 665 usum
373 636 500 676 (153),
523 646 575 665 nec
601 644 705 666 certam
730 638 844 666 videtur
868 645 985 667 secutus
1007 647 1068 668 esse
1095 641 1252 676 reponendi
1278 642 1444 670 methodum
1467 643 1583 679 (154).

160 689 290 716 Duorum
313 687 567 716 instrumentorum
594 688 818 725 descriptionem
846 695 874 717 et
897 689 1014 726 effigiem
1041 690 1159 726 reliquit
1182 692 1286 720 Aitkm
1301 693 1336 721 ad
1359 693 1535 722 luxationem
1552 695 1628 724 ossis

119 737 230 766 humeri
245 738 459 768 restituendam.
488 738 612 768 Primum
626 759 636 774 ‚
659 740 737 775 quod
753 746 890 768 memorat
912 739 927 773 (
943 741 1042 778 155),
1065 748 1108 770 est
1124 742 1233 777 sedile,
1257 744 1339 780 cujus
1358 744 1470 780 postica
1487 753 1551 780 pars
1566 751 1628 774 tan-

120 799 164 821 tae
188 798 233 820 est
255 791 437 827 altitudinis,
457 798 490 820 ut
512 792 590 820 illius
617 792 748 828 superlor
773 800 857 828 parS,
882 792 1003 827 quodam
1027 792 1182 821 involucro
1207 793 1288 822 molli
1314 801 1408 830 tecta,
1434 795 1558 824 sedentis
1583 805 1630 824 ae-

117 843 163 879 gri
182 842 292 871 axillam
310 842 406 871 subire
425 842 530 878 possit.
572 842 718 871 Humerus
737 851 848 878 autem,
870 844 974 878 laqueo
990 852 1077 880 supra
1095 844 1222 873 cubitum
1242 846 1346 875 flexum
1367 846 1523 883 imposito,
1542 849 1626 876 deor-

118 903 180 923 sum
209 893 370 922 extenditur
395 893 487 922 vectis
516 902 587 929 ope,
616 894 699 931 cujus
723 893 953 929 hypomochlion
977 897 1021 922 est
1047 895 1077 923 in
1103 904 1162 924 uno
1186 903 1332 932 extremo,
1360 906 1462 934 nempe
1484 899 1513 927 in
1537 901 1623 936 solo,

117 944 299 980 resistentia,
321 953 374 981 per
398 945 516 980 laqueos
543 944 616 974 circa
643 950 751 972 vectem
776 944 934 974 obvolutos
958 944 1056 981 illata,
1078 946 1107 975 in
1136 948 1247 983 medi03
1279 955 1307 976 et
1334 950 1461 985 potentia
1487 951 1515 979 in
1536 953 1624 981 altero

117 1002 256 1024 extremo.
298 995 408 1023 Contra
422 993 586 1030 -extensio,
608 994 695 1023 sicuti
717 995 850 1030 videtur,
872 995 991 1024 efficitur
1015 1003 1067 1033 per
1091 998 1185 1026 lorum
1211 1005 1317 1034 partem
1342 1000 1482 1036 posticam
1513 1010 1540 1032 s.
1561 1002 1628 1031 dor-

116 1048 204 1075 salem
226 1045 323 1074 sedilis
349 1051 377 1074 et
398 1044 508 1082 aegroti
536 1053 663 1083 corpus,
684 1046 773 1075 laneis
800 1048 994 1085 obvolutum,
1025 1050 1173 1086 ambiens,
1203 1052 1286 1089 cujus
1317 1059 1439 1082 extrema
1461 1054 1490 1082 in
1513 1061 1622 1090 puncto

115 1096 198 1126 firmo
214 1103 428 1126 connectuntur
447 1097 561 1137 (156).
604 1098 737 1127 Alterum
756 1099 975 1128 instrumentum
988 1120 999 1136 ,
1021 1101 1104 1138 cujus
1121 1102 1205 1131 etiam
1226 1103 1344 1140 effigiem
1360 1104 1477 1140 praebet
1493 1105 1507 1141 (
1521 1106 1622 1142 157),

115 1155 157 1178 est
175 1148 274 1184 ambe,
298 1148 395 1184 quod,
415 1149 470 1185 jam
492 1157 507 1177 a
524 1148 614 1178 Freke
637 1148 743 1186 (158)
765 1151 941 1179 emendatum
956 1171 965 1186 ,
983 1160 997 1180 a
1013 1159 1116 1182 nostro
1131 1161 1247 1183 auctore
1265 1154 1346 1183 etiam
1363 1155 1495 1185 meliores
1514 1157 1624 1193 accepit

113 1193 307 1235 mutationes,
328 1199 366 1228 ita
388 1205 440 1235 ut,
484 1219 503 1235 ‚‚
523 1199 548 1227 si
571 1208 605 1228 eo
630 1200 741 1235 utaris,
762 1209 821 1229 non
843 1210 917 1237 opus
936 1201 994 1237 sit,
1017 1204 1096 1238 quod
1113 1212 1196 1240 aeger
1221 1205 1304 1234 sedili
1331 1206 1470 1242 insideat,
1491 1216 1544 1236 nec
1561 1208 1623 1236 chi·

112 1258 228 1287 turgum
254 1251 322 1279 haec
342 1250 464 1278 difficilis
486 1250 597 1286 positio
622 1250 777 1288 impediat,
802 1260 860 1287 quo
881 1251 976 1282 minus
996 1253 1103 1284 liberos
1128 1262 1256 1286 exerceat
1271 1256 1306 1285 ad
1329 1257 1477 1287 humerum
1495 1259 1620 1288 luxatum

111 1301 306 1338 reponendum
327 1301 447 1330 motus”
468 1293 612 1339 (159“·>.⁴'

149 1353 184 1381 In
208 1351 322 1380 casibus
350 1352 559 1381 recentioribus
582 1361 694 1390 semper
714 1363 766 1390 per
791 1364 889 1385 manus
917 1365 1011 1386 curam
1035 1358 1191 1388 laxationis
1213 1359 1339 1390 absolvit
1361 1360 1470 1396 Condi,
1492 1370 1544 1390 nec
1563 1362 1620 1390 sibi

110 1411 185 1439 opus
207 1401 265 1431 fuit
287 1402 485 1432 instrumentis
507 1405 629 1439 (160),
661 1406 828 1442 operatione
852 1409 985 1443 sequenti
1011 1409 1097 1438 modo
1123 1410 1276 1439 instituta:
1304 1420 1385 1448 aeger
1407 1413 1472 1441 solo
1493 1412 1619 1441 insidens

107 1453 283 1489 ligamento,
309 1453 391 1481 firmo
408 1461 518 1490 puncto
540 1455 645 1491 affixo,
668 1463 695 1484 et
715 1465 823 1493 corpus
839 1459 980 1488 ambiente
996 1460 1155 1497 retinetur,
1179 1463 1257 1498 quod
1279 1472 1337 1492 non
1360 1473 1458 1500 parum
1481 1466 1516 1493 ad
1536 1465 1619 1494 resti-

106 1504 249 1534 tutionem
280 1504 412 1534 conferre
436 1506 548 1535 videtur
570 1507 714 1543 Auctori,
742 1510 963 1539 amanuensibus
993 1510 1046 1539 rite
1069 1512 1262 1542 extensionem
1289 1521 1317 1543 et
1345 1517 1617 1545 contra-extensio-

106 1563 171 1585 nem
192 1555 381 1593 parantibus,
410 1557 529 1586 humero
549 1558 584 1587 ad
607 1560 744 1595 angulum
772 1567 882 1590 rectum
907 1568 1038 1592 extenso·
1085 1562 1132 1592 Sic
1162 1570 1255 1594 autem
1279 1573 1366 1594 casus
1393 1575 1509 1595 curasse
1530 1573 1616 1596 testa·

1572 1627 1619 1647 tur

141 1690 241 1726 (149)
260 1693 277 1719 l.
296 1699 321 1720 c.
344 1700 371 1725 p.
388 1693 448 1724 236.
751 1694 847 1729 (150)
872 1697 890 1723 l.
907 1702 934 1723 c.
961 1705 988 1730 p.
1004 1698 1047 1731 78.

141 1735 159 1772 (
172 1745 215 1770 151
230 1738 244 1771 )
271 1738 372 1765 Philos.
390 1739 525 1765 Trans-act.
549 1746 620 1768 num.
636 1748 697 1775 470.
722 1744 777 1769 vol.
794 1749 837 1775 42.
863 1748 910 1770 art.
928 1743 960 1769 X.
984 1751 1012 1776 p.
1027 1743 1087 1776 556.

138 1783 238 1819 (¹52)
267 1786 335 1812 Bell.
359 1786 419 1812 Le.
444 1794 471 1819 p.
485 1793 544 1819 237.

140 1831 241 1865 (153)
265 1832 380 1857 Botther
400 1832 517 1860 abhandl.
534 1841 587 1859 von
603 1834 654 1860 den
672 1835 788 1862 Krankh.
805 1834 831 1862 d.
849 1835 976 1861 Knochen
995 1842 1045 1862 cet.
1065 1842 1121 1862 t.2.
1145 1836 1171 1869 §.
1191 1838 1249 1870 148.
1272 1845 1299 1869 p.
1318 1845 1378 1871 141.
1396 1840 1522 1872 Konigsb.
1534 1840 1609 1874 1789.

104 1877 177 1903 conf.
202 1878 219 1902 l.
239 1884 262 1902 c.
289 1883 309 1902 t.
328 1884 352 1903 1.
377 1878 402 1910 §.
418 1886 451 1912 72
470 1884 497 1904 et
521 1880 573 1906 tab.
593 1886 616 1905 1.
641 1880 688 1913 fig.
707 1888 730 1909 1.
1048 1880 1143 1915 (154)
1180 1883 1198 1908 l.
1214 1890 1240 1909 c.
1265 1882 1288 1915 §-
1310 1890 1364 1916 141.

136 1921 230 1957 (155)
255 1921 331 1957 John.
349 1922 444 1949 Aitken
469 1924 563 1958 Essays
581 1933 615 1951 on
632 1927 741 1955 fractur.
758 1927 806 1953 and
823 1929 904 1955 luxat.
927 1934 954 1960 p.
974 1933 1020 1961 125
1038 1935 1092 1960 seq.
1117 1926 1230 1953 London
1249 1935 1323 1962 ¹790·

137 1966 236 2002 (156)
262 1970 281 1994 l.
300 1975 325 1995 c.
350 1969 430 2001 platc.
446 1977 473 2002 9.
497 1979 525 2003 p.
546 1977 603 2004 140.
873 1971 972 2007 (¹57)
996 1975 1015 2000 l.
1030 1981 1056 2001 c.
1079 1974 1117 2006 pl.
1136 1980 1177 1999 10.
1204 1972 1248 2005 fig.
1269 1981 1292 2000 1.
1319 1983 1347 2009 p.
1367 1978 1423 2009 146.

134 2013 231 2048 (158)
261 2015 366 2047 Legitur
390 2015 492 2047 quidem
520 2017 618 2049 Freck,
642 2018 686 2044 sed
708 2025 759 2044 non
779 2018 892 2051 dubito,
917 2021 977 2053 quin
1002 2021 1034 2046 sit
1056 2027 1127 2046 error
1147 2021 1295 2053 graphicus.

133 2058 234 2094 (159)
261 2061 278 2085 l.
296 2067 322 2086 c.
345 2067 372 2092 p.
395 2067 450 2092 130.

137 2102 232 2140 (160)
258 2107 336 2139 Benj.
361 2107 477 2133 Gooch's
502 2107 627 2142 Chirurg.
653 2110 750 2137 Works
772 2112 826 2139 vol.
843 2120 868 2140 ο.
894 2121 923 2146 p.
939 2120 999 2146 321.
1024 2113 1109 2141 Lond.
1128 2120 1204 2148 1792.
