1919 2511
257 185 301 207 ιο
612 169 869 209 ῙΑΟΟΒΙ
935 169 1360 208 nE‘GELDER

256 258 543 302 Sie;quaemiuque
565 257 634 298 vis,
658 262 769 300 utpote
794 255 1020 290 Phaenomeni
1046 257 1221 299 cujusdam
1242 268 1341 291 causa
1354 283 1365 300 ‚
1387 259 1476 303 quod
1498 260 1542 294 ad
1560 264 1728 305 quantita-

255 322 323 350 tem
347 305 498 356 attinet,
528 325 588 346 suo
611 314 729 346 effectu
753 314 980 357 cognoscitur3
1008 312 1083 346 licet
1106 324 1207 355 eam,
1238 325 1341 358 aeque
1371 326 1413 348 ao
1438 317 1640 362 ‘triangulum
1664 328 1724 357 aue

257 372 357 413 aliam
380 381 624 415 quamcumque
655 371 899 403 Geometricam
920 370 1060 413 figuram
1076 395 1086 412 ‚
1116 370 1213 404 nobis
1244 379 1492 415 repraesentare
1520 387 1589 410 nou
1609 388 1724 421 possu-

256 438 333 462 mus
347 441 358 461 :2
380 433 411 460 et
438 427 539 460 altera
560 428 613 459 illa
641 432 780 459 naturae
803 426 876 468 lex,
898 437 1000 470 quam
1021 425 1299 470 memoravimus,
1323 429 1460 462 rationis
1487 442 1549 475 ope
1570 439 1601 466 et
1627 445 1730 479 expe·

257 474 394 518 rientiae
419 485 509 517 viam
536 482 632 516 nobis
658 484 878 523 monstravit,
910 493 976 526 qua
1003 483 1125 518 virium
1157 485 1365 520 intensitates
1391 491 1539 523 numeris
1573 498 1606 526 et
1633 493 1731 528 lineis-

257 540 359 576 rectis.
369 540 529 583 designari
551 546 582 572 et
595 541 735 574 invicem
756 539 897 573 conferri
911 546 1100 583 potueruut.

297 600 372 630 Jam
389 596 522 636 videtis,
544 598 583 629 A.
599 598 639 629 A.
651 621 662 639 ‚
692 596 776 630 haec
797 597 863 630 duo
894 599 1055 642 principia
1067 624 1076 641 ‚
1100 610 1184 644 quae
1201 601 1461 637 memoravimus
1471 626 1487 643 ‚.
1504 615 1574 637 non
1598 609 1734 639 tantum

257 653 463 698 probabilia,
484 653 541 686 sed
554 664 632 689 oum
649 655 722 697 ipsa
743 661 862 688 natura
875 656 1110 691 ‚convenientia
1135 656 1291 691 habenda
1309 669 1380 692 esse
1394 684 1404 701 ‚
1428 665 1460 693 et
1481 660 1569 693 hu-nc
1587 660 1635 693 ob*
1647 672 1734 695 cau-

260 720 333 742 sam
349 720 409 752 pro
426 710 513 743 veris
536 709 742 751 habeantur3
766 712 794 744 si
812 712 921 754 enim,
944 715 1101 749 omnium
1119 715 1397 760 Philosophorum
1418 729 1597 758 consensu,
1621 720 1655 753 id
1674 730 1738 754 ve·-

258 777 334 799 rusm
358 771 428 808 est,
450 767 537 812 quod
555 766 618 799 sibi
639 766 771 810 ipsum,
804 767 846 800 ab
874 769 967 802 omni
991 777 1103 813 parte,
1134 773 1302 812 convenit,
1333 774 1464 807 illorum
1492 775 1732 819 principiorum

260 824 404 863 veritas»,
425 827 472 855 tot
491 823 700 856 saeculorum
726 825 926 867 experientia
936 850 952 868 ‚‚
979 828 1142 871 tantisque
1155 853 1165 870 ,
1194 839 1279 872 quae
1297 828 1466 863 institutae
1487 837 1565 864 sunt
1574 856 1588 870 ‚v
1615 832 1737 866 obser*

261 878 447 913 vationibus
471 878 664 912 coelestibus
687 891 727 913 ao
750 881 960 915 terrestribus
974 883 1058 918 adeo
1080 886 1273 918 confirmata
1300 891 1370 928 est,
1394 892 1430 919 ut
1458 898 1531 920 eam
1559 888 1654 921 nullo
1667 888 1735 922 dir-

259 935 316 972 bio
351 935 590 979 aliquantulum
617 934 810 969 labefactari
844 948 942 981 posse
971 940 1183 975 existimem:
1216 942 1340 976 ideirco
1366 943 1503 977 minime
1532 944 1741 980 haesitemus·-

262 997 429 1033 statuere,
450 1002 488 1023 ea
513 990 676 1035 principia
696 994 875 1036 primarias
888 1006 960 1029 esse
972 1003 1111 1031 naturae
1127 999 1222 1042 legeS.

301 1049 365 1083 His
382 1048 550 1091 principiis
565 1054 677 1082 autem
687 1073 697 1090 ‚
720 1050 761 1087 ΑἸ
774 1051 814 1083 Α.
828 1074 837 1089 ,
853 1051 970 1086 nititur
988 1065 1042 1087 ars
1060 1057 1196 1089 omnino
1212 1067 1296 1091 nova
1306 1081 1323 1098 ,,
1337 1067 1438 1100 quam
1448 1081 1457 1098 ,
1474 1057 1611 1090 Saeculo
1624 1058 1738 1102 proxi«

260 1116 315 1142 me
343 1105 587 1149 praeterlapso,
616 1105 804 1138 humanum
827 1106 1014 1152 ingenium,
1045 1111 1128 1145 duce
1159 1112 1277 1156 aptiori
1305 1111 1359 1146 iiia
1390 1113 1644 1158 philosophandi
1667 1124 1739 1147 me·

261 1161 364 1195 thodo
377 1186 390 1203 ‚,
411 1167 443 1194 et
459 1163 581 1196 creavit
596 1168 628 1194 et
648 1163 837 1205 perpolivit,
863 1166 916 1198 cui
931 1177 1055 1199 nomen
1073 1170 1119 1200 M
1119 1168 1311 1201 ecsiazzices
1327 1169 1541 1202 Rationalis
1567 1170 1647 1203 dare
1669 1171 1739 1215 pla,

261 1220 339 1253 euit.
383 1220 480 1251 Haec
515 1218 628 1261 docet,
658 1230 726 1252 non
749 1224 880 1254 tantum
896 1246 910 1264 ,
940 1229 977 1256 ut
1000 1236 1125 1258 nomen
1147 1224 1296 1258 indicare
1317 1225 1445 1259 videtur
1459 1249 1471 1268 ‚
1502 1225 1741 1261 machinarum

267 1276 537 1318 compositionem
558 1280 590 1308 et
602 1285 699 1308 usum
711 1289 723 1316 3
747 1277 802 1310 sed
825 1277 977 1321 inprimis
1006 1283 1141 1325 exponit
1164 1281 1340 1314 sublimem
1360 1281 1454 1315 illam
1480 1287 1512 1315 et
1528 1284 1741 1326 Anolyticam

262 1332 457 1366 methodum
472 1356 483 1374 ‚
515 1343 581 1376 qua
599 1357 609 1374 ,
641 1343 704 1376 ope
729 1335 938 1368 Geometriae
961 1362 971 1379 ‚
999 1349 1102 1382 quam
1125 1330 1372 1371 abeuratissime
1406 1338 1599 1381 indagamus
1613 1363 1626 1381 ,
1663 1340 1742 1384 qui-

265 1400 347 1423 nam
385 1387 520 1422 effectus
556 1399 574 1422 e
615 1388 699 1422 datis
734 1389 859 1424 viribus
872 1415 883 1433 ,
918 1391 954 1425 in
986 1393 1062 1426 data
1096 1404 1235 1437 corpora
1281 1394 1579 1438 quomodocunque
1612 1396 1742 1439 agenti-

264 1446 350 1488 bus,
372 1444 529 1479 veniant?
573 1448 649 1479 Hac
666 1452 761 1488 arte,
780 1448 901 1491 ingenii
917 1448 1057 1482 humani
1078 1455 1296 1492 ornamento,
1315 1449 1532 1494 Philosophus
1552 1451 1638 1484 inter
1660 1462 1742 1495 eas,

265 1512 493 1547 quaecumque
509 1501 679 1544 possibiles
693 1502 776 1545 sint,
801 1504 1006 1548 hypotheses
1022 1512 1054 1539 et
1076 1506 1196 1551 quibus
1217 1512 1357 1539 naturae
1377 1507 1462 1550 leges
1481 1505 1648 1549 subjectae
1669 1517 1742 1541 esse

266 1558 465 1603 potuissent,
496 1557 639 1600 singulas
663 1559 794 1591 illarum
825 1571 902 1593 cum
933 1561 1037 1604 ipsius
1073 1569 1212 1596 naturae
1238 1562 1484 1596 Phaenomenis
1514 1562 1658 1603 contem
1683 1569 1744 1606 ut,

268 1625 311 1648 ea>
337 1614 484 1651 ratione,
514 1622 679 1655 quaenam
707 1613 898 1657 hypothesis
926 1619 969 1650 sit
999 1629 1079 1653 vera
1112 1621 1167 1653 lex
1184 1644 1194 1662 ‚
1227 1619 1362 1653 tandem
1399 1618 1635 1663 deprehendat.
1687 1622 1742 1654 En

268 1669 367 1715 igitur
380 1671 488 1710 viam,
512 1678 613 1711 quam
636 1682 853 1704 anrouus
885 1678 954 1706 tam
983 1675 1117 1708 feliciter
1141 1677 1269 1719 primus
1305 1677 1471 1720 ingressus
1503 1681 1553 1708 est
1583 1681 1615 1708 et
1641 1687 1744 1720 quam

270 1727 435 1771 sapienter
465 1724 673 1759 calcaverunt
692 1751 702 1767 ,
737 1729 792 1770 qui
811 1753 820 1769 ‚
853 1731 984 1764 saeculo
1008 1734 1158 1775 proxime
1180 1734 1403 1777 praeterlapso
1418 1758 1428 1776 ,
1461 1734 1503 1767 ad
1523 1733 1615 1767 hunc
1638 1744 1742 1779 usque

270 1784 386 1824 (hem,
404 1781 558 1824 Physiees
584 1781 700 1814 orbem
727 1789 797 1816 tam
825 1786 1010 1820 admirabili
1035 1800 1111 1821 cum
1144 1799 1300 1823 successu
1328 1796 1555 1833 peragrarunt.
1601 1793 1645 1824 Et
1661 1801 1744 1835 pro-

252 1841 378 1880 iecto,
402 1840 429 1870 si
454 1837 620 1880 possibilia
643 1838 820 1880 dijudicare
844 1841 1011 1884 possimus
1036 1856 1075 1878 ac
1104 1857 1317 1887 enumerare,
1341 1852 1372 1879 et
1397 1848 1534 1891 insuper
1557 1849 1586 1881 si
1614 1849 1747 1883 nullmn

272 1897 315 1929 sit
333 1893 469 1927 dubium
480 1917 497 1932 ‚t
513 1892 593 1935 quin
620 1892 674 1926 illa
689 1894 836 1930 invenire
861 1900 1043 1942 possimus,
1068 1913 1153 1946 quae
1178 1909 1215 1935 ut
1239 1904 1447 1938 inveniantur
1470 1909 1597 1938 natura.
1621 1905 1742 1940 consti-

276 1952 363 1992 tuit}
390 1959 523 1983 neeesse
548 1955 623 1990 est„
649 1955 684 1982 ut
712 1950 776 1984 hac
801 1954 980 1997 methodo,
1011 1957 1046 1990 id
1074 1965 1145 2001 est,
1175 1961 1246 2003 ipsa
1273 1965 1394 1993 natura
1421 1961 1504 1995 duce
1527 1962 1663 1996 tandem
1698 1963 1746 1998 ad

274 2013 450 2045 veritatem>
469 2012 712 2053 perveniamus.
758 2015 831 2046 Tali
851 2016 997 2057 ratione,
1022 2025 1098 2048 suos
1121 2021 1286 2048 amatores
1316 2015 1439 2050 veritas
1455 2028 1524 2051 non
1545 2018 1653 2062 fugit,
1685 2029 1749 2052 eos

275 2066 400 2100 scilieet
412 2067 467 2109 qui
480 2072 633 2099 naturam
650 2075 895 2112 praeceptorem
911 2071 952 2104 de
966 2074 1035 2114 ejus
1052 2073 1187 2106 areanis·
1198 2074 1401 2107 inveniendis
1422 2075 1568 2116 adeunt3.
1593 2081 1629 2110 et
1650 2076 1743 2110 aliter

265 2132 344 2158 esse
360 2128 575 2168 non-potest„
591 2125 671 2169 quin
685 2126 742 2159 lux
753 2126 898 2161 veritatis
916 2130 1085 2173 splendide
1102 2130 1294 2164 illisiuceat.

1649 2190 1747 2231 Quos
