1919 2511
316 134 353 177 14
665 145 701 175 c.
758 143 938 175 PRUYS
971 152 1053 175 vim
1084 119 1167 173 'nm
1199 141 1433 173 HOEVEN

314 217 355 263 tis
377 240 547 263 summam
569 240 660 272 esse,
683 236 716 263 et
733 230 888 274 quicquid
905 228 992 261 utilis
1017 228 1101 261 haec
1123 227 1245 260 habeat
1263 227 1433 271 bonaeque
1461 225 1584 269 frugis,
1607 223 1686 258 illud
1704 229 1782 258 om:

316 298 358 320 ne
383 286 424 319 ab
452 297 518 320 uno
542 286 606 320 hoc
631 287 719 319 sonte
747 287 906 319 derivare.
951 287 994 317 Et
1017 295 1118 324 sane,
1152 284 1217 315 nisi
1243 284 1277 316 in
1308 288 1355 316 tot
1386 293 1426 315 ac
1449 287 1618 314 tantorum
1647 280 1784 315 morbo-

316 354 391 376 rum
420 342 572 386 periculis
605 342 813 377 versantibus
844 340 939 374 nobis
968 340 1048 372 illud
1073 340 1226 373 divinitus
1260 339 1374 371 datum
1406 343 1492 370 essct
1527 347 1669 379 1111111115,
1702 343 1739 370 ut
1764 347 1784 370 a

320 410 385 442 quo
411 406 549 442 corpore
569 400 733 432 innumeri
754 397 798 430 illi
819 396 928 430 morbi
957 397 1126 437 oriuntur,
1152 395 1193 427 ab
1221 396 1336 428 eodem
1355 394 1450 427 nobis
1475 394 1639 437 speranda
1664 394 1707 426 sit
1728 398 1786 427 sa-

318 456 392 497 1115,
416 466 499 498 quae
529 461 621 488 tanta
651 454 750 497 hujus
776 458 861 486 essct
885 453 1052 485 humanae
1081 451 1161 484 artis
1185 457 1317 484 nostrae
1340 455 1504 494 potcstaS,
1535 451 1608 493 quis
1637 456 1707 483 tam
1732 450 1788 483 iri-⁴

317 522 393 554 gens
418 511 625 544 medicorum
649 511 863 544 militantium
881 510 1062 550 exercitus,
1087 518 1170 552 quae
1190 513 1257 540 tam
1285 509 1405 540 invicta
1426 516 1597 539 armorum
1620 507 1691 549 vis,
1713 507 1789 551 qui÷

315 567 378 599 bus
401 568 560 600 miserum
578 577 681 611 genus
706 573 859 599 nostrum
882 565 924 598 ab
947 564 1081 598 interitu
1103 562 1371 597 vindicaremus?

364 626 424 655 Est
440 629 569 666 autem,
592 624 631 656 A.
642 624 683 656 A.
697 648 706 665 ‚
730 629 780 655 est
794 622 957 666 quaedam
976 621 1199 664 therapeutice
1216 621 1375 653 naturalis
1388 645 1396 661 ,
1423 630 1524 664 quam
1540 618 1656 663 optimi
1673 618 1792 663 quique

321 685 503 723 agnoscunt
539 679 689 721 medici,
719 690 820 724 quam
856 683 1075 719 venerantur,
1111 688 1213 720 quam
1242 682 1447 720 sequuntur,
1486 687 1587 719 quam
1613 675 1676 709 sibi
1713 676 1793 709 imi-

318 736 456 768 tandam
486 741 700 779 proponunt,
731 737 825 777 cujus
853 745 892 766 ea
921 734 1054 777 quidem
1086 739 1136 766 est
1165 734 1213 767 Vis
1239 738 1272 764 et
1299 738 1464 775 potesta5‚
1498 737 1535 764 ut
1566 743 1634 765 non
1659 737 1791 764 tantum

321 791 445 824 morbis
474 792 543 824 sola
573 802 814 835 saepenumero
837 789 1027 830 medeatur,
1051 799 1168 823 verum
1201 789 1300 821 etiam
1326 787 1498 829 emendet,
1522 798 1605 831 quos
1630 788 1681 822 vel
1704 788 1793 832 aegri

319 849 368 881 vel
396 848 535 881 artifices
563 847 757 882 admiserint
784 856 931 887 erroreS‚
962 846 1006 878 ita
1038 850 1075 878 ut
1101 845 1185 878 haec
1211 854 1341 889 quoque
1366 843 1521 877 medendi
1544 853 1599 877 ars
1628 856 1648 878 a
1673 846 1794 879 natura

322 896 486 948 tunquam
509 904 598 937 sonte
622 904 664 936 sit
688 915 729 936 ac
755 902 918 947 principio
946 901 1109 934 ducenda.

363 961 436 993 Etsi
460 972 528 994 non
544 959 678 1004 quidem
696 971 772 992 sum
794 958 924 992 nescius
937 983 946 1000 ‚
972 958 1061 990 hanc
1077 968 1189 991 meam
1212 959 1397 991 orationem
1422 958 1457 990 in
1478 958 1663 991 multorum
1681 957 1798 992 incur-

322 1028 438 1050 suram
461 1027 531 1050 esse
557 1016 848 1060 reprehensiones,
872 1014 1049 1047 dicendum
1074 1020 1189 1047 tamen
1214 1021 1285 1057 est,
1309 1014 1398 1058 quod
1419 1015 1542 1047 sentio:
1565 1025 1700 1048 omnem
1723 1024 1798 1048 me-

323 1073 421 1107 dendi
443 1072 639 1106 methodum
653 1097 664 1114 ,
687 1073 752 1105 nisi
775 1072 819 1105 ad
845 1071 935 1104 hanc
958 1077 1099 1104 naturae
1122 1069 1370 1114 therapeuticen
1394 1071 1436 1103 sit
1451 1069 1655 1115 composita,
1678 1071 1792 1104 ineer-

322 1136 393 1163 tam
422 1140 494 1163 esse
519 1140 559 1162 ac
586 1127 744 1169 dubiam3
768 1138 904 1162 omnem
925 1137 1022 1169 vero,
1054 1137 1138 1170 quac
1161 1126 1204 1160 ab
1234 1127 1298 1160 hac
1325 1126 1498 1169 defecerit,
1522 1132 1630 1160 artem
1660 1127 1798 1171 empiri-

325 1196 400 1219 cam
427 1196 499 1219 esse
523 1196 586 1219 nec
616 1185 811 1218 rationalem
837 1195 944 1228 neque
964 1183 1101 1216 homine
1123 1182 1250 1215 liberali
1267 1183 1412 1226 dignam.
1459 1183 1527 1216 Aut
1546 1192 1631 1227 quae
1661 1176 1797 1217 tandem

324 1253 380 1274 ars
399 1243 510 1276 vocari
533 1247 660 1284 potest,
685 1252 770 1285 quae
788 1252 857 1274 non
879 1251 899 1273 a
915 1241 1035 1273 natura
1054 1239 1301 1283 proficiscitur?
1345 1239 1462 1272 Artem
1482 1249 1561 1274 vero
1579 1244 1720 1272 naturae
1736 1239 1799 1273 do-

323 1300 451 1332 minam
473 1297 582 1331 dicere
605 1309 645 1331 rc
668 1299 882 1341 magistram,
906 1307 974 1329 non
992 1295 1212 1338 imprudentis
1235 1300 1385 1336 tantum,
1408 1305 1524 1330 verum
1541 1295 1644 1339 inepti
1662 1305 1799 1339 prorsus

325 1360 424 1398 atque
450 1355 644 1388 insanientis
674 1355 777 1387 oratio
796 1358 855 1386 est.
906 1353 973 1394 Qui
995 1353 1084 1385 enim
1113 1357 1219 1383 artem
1248 1352 1423 1384 mortalem
1447 1357 1587 1384 naturae
1617 1350 1796 1384 immortali

323 1416 550 1454 anteponunt,
584 1409 756 1443 hominem
782 1412 855 1442 Deo
880 1408 976 1442 nobis
1005 1413 1205 1451 anteponere
1233 1406 1398 1441 videntur.
1445 1406 1574 1448 Quodsi
1596 1407 1682 1440 vitae
1712 1408 1797 1442 vires

326 1465 540 1500 labefactatas
575 1466 753 1500 roborante
782 1466 1033 1499 excitaverimus
1060 1463 1247 1504 medicina,
1285 1462 1402 1506 ecquid
1429 1461 1518 1495 aliud
1556 1462 1672 1495 fecisse
1704 1463 1799 1497 dica-

327 1533 425 1562 mur,
456 1534 558 1566 quam
586 1529 725 1556 naturae
755 1532 850 1554 arma
884 1522 1090 1554 ministrasse
1124 1519 1168 1552 ad
1195 1517 1305 1552 morbi
1333 1519 1401 1552 vim
1432 1518 1680 1562 repellendam?
1722 1523 1797 1554 Hoc

331 1579 387 1621 qui
419 1580 559 1612 tenuerit
585 1578 741 1621 simplicis
768 1577 900 1620 verique
932 1587 1033 1609 sensu
1068 1574 1216 1607 imbutus
1247 1574 1383 1616 artifex,
1422 1585 1490 1608 non
1522 1574 1703 1618 excitabit,
1733 1578 1796 1610 nisi

333 1634 467 1667 stimulo
499 1644 582 1678 opus
603 1635 667 1676 sit,
690 1631 815 1666 stimuli
838 1633 905 1666 vim
927 1632 971 1665 ad
995 1630 1170 1664 debilitatis
1199 1629 1468 1663 adeommodabit
1490 1632 1673 1674 rationem,
1694 1643 1797 1677 coque

332 1695 479 1733 tempore
511 1691 623 1733 ipsum
657 1688 845 1722 admovebit
887 1698 1012 1731 aequus
1051 1687 1173 1722 virium
1212 1691 1416 1719 aestumator
1431 1711 1440 1728 ,
1475 1697 1540 1730 quo
1575 1698 1653 1720 cum
1688 1688 1797 1722 morbi

333 1744 497 1787 conditio,
531 1752 605 1778 tum
636 1746 723 1789 aegri
747 1755 800 1778 res
831 1744 1078 1788 postulaverint.
1132 1744 1261 1786 Nempe
1287 1752 1342 1775 ars
1369 1748 1508 1776 natiuae
1525 1744 1560 1776 in
1601 1747 1708 1788 pugnat
1735 1744 1798 1778 ad-

334 1806 401 1833 stat
427 1802 536 1843 socia,
559 1813 628 1834 non
653 1812 732 1835 vero
750 1800 819 1833 dux
846 1805 904 1833 aut
932 1800 1136 1844 imperatrix·

379 1859 474 1890 Haec
496 1864 608 1891 autem
634 1863 773 1891 naturae
806 1855 963 1899 imitatio,
994 1862 1031 1889 ut
1055 1854 1212 1899 simplicis
1240 1854 1419 1888 cultoribus
1449 1854 1720 1898 adcommodata,
1752 1856 1797 1890 ita

336 1913 407 1956 ipsa
432 1914 573 1956 simplex
597 1919 667 1955 est,
698 1925 761 1946 nec
784 1914 900 1947 ardua.
948 1916 1038 1947 Nam
1065 1912 1144 1956 quid
1165 1910 1347 1955 simplicius
1379 1917 1428 1944 est
1458 1922 1559 1955 quam
1582 1912 1691 1954 ipsmn
1717 1910 1796 1945 illud

339 1969 482 2010 imitari,
507 1974 563 2001 aut
585 1980 669 2012 quae
698 1975 804 2012 potest
824 1980 895 2002 esse
916 1971 1023 2012 major
1044 1969 1257 2012 simplicitas,
1282 1978 1381 2011 quam
1404 1978 1488 2011 quae
1504 1969 1537 2001 in
1560 1973 1699 2001 naturae
1720 1978 1796 2001 mo-

339 2024 427 2057 tibus
445 2049 455 2067 ,
491 2023 629 2059 erisibus
640 2050 650 2067 ,
688 2025 956 2060 evacuationibus
988 2025 1144 2069 oninique
1174 2025 1315 2059 naturali
1353 2024 1577 2058 remediorum
1611 2023 1798 2067 supellectili

1722 2088 1800 2122 spe-.
