1919 2511
379 147 608 179 RESPONSIO
640 157 682 178 AD
711 145 1027 187 QUAEsrroNEM
1064 151 1278 184 MEDICAM.
1549 164 1584 195 33

70 234 241 264 trabeculam
269 231 402 261 deorsum
428 232 572 268 urgenda,
601 231 631 261 in
662 233 776 261 alteram
801 242 871 261 vero
898 233 1040 269 reliquum
1067 243 1188 271 corpus.
1239 235 1400 266 Trabecula
1423 245 1515 268 autem
1545 240 1584 269 ita

68 287 125 315 alte
150 284 313 319 vinciatur,
335 289 366 312 ut
387 289 479 312 totum
502 292 608 320 corpus
630 283 753 312 sublime
773 284 893 313 summis
915 285 1037 321 pedibus
1058 285 1206 316 insistat.⁷’

107 336 139 365 Si
163 336 211 365 tali
236 335 320 364 modo
348 335 454 371 homo,
477 335 524 363 cui
551 335 686 364 humerus
711 336 824 364 luxatus
850 342 913 370 est,
936 342 1072 371 curetur,
1104 344 1228 373 possent
1256 346 1291 366 ex
1310 338 1498 375 Hippocratis
1519 349 1583 369 sen-

68 388 177 423 tentia,
192 394 220 417 et
237 395 310 423 quae
327 388 384 424 J'am
404 386 453 415 diu
477 387 661 422 exciderunt,
685 387 847 416 luxationes
863 393 973 415 tantum
998 388 1084 416 modo
1103 389 1207 423 reponi
1239 391 1322 424 „m'si
1337 396 1458 427 tempore
1470 400 1536 419 caro
1553 393 1584 419 in

69 460 88 476 ,‚
107 446 205 468 cavum
222 440 350 474 venerit,
366 445 452 475 atqua
463 438 575 466 humeri
586 445 672 477 caput
687 438 775 467 locum
790 439 844 467 sibi
861 441 964 468 tritum
974 439 1080 476 fecerit
1090 461 1101 476 ‚
1119 443 1150 470 in
1167 451 1246 480 quem
1262 443 1358 472 veniat
1373 443 1476 479 (6).’'
1517 444 1584 472 No-

67 497 107 520 tat
124 496 217 519 autem
242 490 324 518 etiam
343 490 538 526 Hippocrates
554 491 620 519 loco
636 492 855 527 columnarum,
878 497 904 519 et
921 491 993 528 tigni
1015 493 1194 528 transversi,
1217 502 1289 528 quae
1306 495 1402 524 στυλοί
1418 500 1445 521 et
1463 497 1584 532 στρωτὺρ

68 542 255 577 dicebantur,
277 550 364 577 super
383 550 513 577 magnum
533 542 621 570 sedile
648 541 821 571 Thessalum
843 550 872 572 et
895 543 974 572 fores
992 544 1159 581 bipartitam,
1180 546 1236 574 vim
1256 556 1344 582 posse
1361 547 1508 583 adhiberi,
1531 549 1583 576 sed

68 595 222 632 parandum
247 603 310 623 esse
332 594 463 631 lignum,
487 596 724 631 quemadmodum
750 604 838 633 supra
862 595 946 625 dixit.
988 595 1050 625 Ubi
1068 604 1137 626 vero
1156 597 1254 634 majori
1280 598 1310 627 vi
1334 607 1409 635 opus
1427 606 1505 635 erat,
1526 608 1581 628 suo

65 646 201 677 utebatur
221 654 338 677 scamno
360 646 441 684 (7).

706 732 735 769 §.
758 742 786 762 2.
828 732 935 763 celsus.

70 822 73 826 ·
103 814 188 852 'Quae
216 814 301 842 nolis
331 812 445 842 tradidit
474 813 508 841 de
537 813 657 842 humero
683 814 779 843 luxato
803 815 969 852 reponendo
1002 815 1107 844 Celsus
1133 814 1206 851 (8)
1237 823 1295 844 non
1322 816 1442 844 multum
1466 815 1500 844 ab
1523 814 1578 851 iis,

69 873 140 900 quae
167 864 361 901 Hippocrates
385 865 529 900 protulit,
558 864 695 894 differunt
721 866 803 902 (9).
844 866 890 895 Ab
912 867 1091 903 Hippocrate
1114 872 1205 895 autem
1233 875 1266 894 eo
1290 867 1478 901 dissentitur,
1502 867 1580 902 quod

66 923 126 944 non
144 922 254 944 rantum
275 915 450 944 luxationem
472 916 501 944 in
521 917 590 943 alam
612 916 742 945 admittat
762 917 873 952 (ιο),
893 917 945 945 sed
967 917 1049 945 etiarn
1071 917 1100 946 in
1123 923 1230 953 partem
1253 919 1376 952 priorem
1399 918 1456 955 (ιι
1472 918 1500 954 ).

106 966 162 995 Pro
191 966 303 995 diversa
331 966 478 995 luxatione
506 966 593 1002 igitur
615 968 696 995 etiam
721 967 864 996 diversum
889 967 1049 1003 reponendi
1069 969 1185 996 modum
1214 967 1373 1004 proponit3
1402 969 1426 996 si
1452 969 1525 997 enim
1550 969 1580 998 iu

64 1019 137 1046 aiam
162 1017 299 1045 humerus
326 1018 449 1053 excidit,
473 1024 501 1046 et
518 1026 626 1053 corpus
649 1018 841 1046 imbecillibus
869 1018 966 1046 nervis
990 1018 1131 1047 intentum
1157 1026 1227 1051 est,
1250 1018 1354 1047 suflicit
1377 1028 1391 1046 e
1412 1019 1490 1048 Celsi
1514 1029 1579 1048 sen·

67 1067 157 1098 tentia
181 1071 243 1098 sola
266 1069 462 1104 encheiresis,
485 1070 628 1098 collocato
651 1069 724 1098 enim
748 1069 777 1098 in
800 1069 882 1098 sedili
905 1069 1043 1104 homine,
1065 1071 1136 1097 aiter
1151 1076 1237 1105 caput
1260 1069 1309 1097 lati
1327 1071 1506 1106 scapularum
1532 1078 1581 1099 os-

65 1120 105 1150 sis
123 1120 226 1149 leniter
244 1120 359 1149 reducat
375 1120 522 1155 minister,
544 1122 615 1149 alter
633 1120 779 1148 brachium
804 1120 958 1155 extendat,
980 1120 1046 1148 dum
1066 1120 1128 1156 ipse
1145 1129 1160 1148 a
1180 1127 1261 1156 tergo
1284 1121 1410 1149 residens
1428 1121 1579 1150 humerum

65 1171 120 1200 sub
144 1173 188 1200 ala
208 1172 269 1209 ejus
294 1171 392 1207 cogit,
415 1171 560 1207 simulque
588 1178 616 1200 et
639 1173 727 1200 latum
754 1180 808 1208 os,
832 1178 860 1201 et
886 1172 974 1200 altera
994 1180 1079 1212 manu
1103 1170 1250 1199 brachium
1276 1172 1337 1209 ejus
1364 1172 1399 1200 ad
1424 1173 1500 1200 latus
1527 1172 1581 1200 im-

65 1222 161 1259 pellit.
177 1252 180 1255 ,

105 1273 252 1309 Expertus
277 1280 370 1303 tamen
393 1274 587 1304 difficultatem
610 1275 660 1304 tali
683 1275 769 1304 modo
793 1275 823 1304 in
850 1272 1010 1304 robustiori
1033 1281 1157 1309 corpore
1181 1272 1338 1309 reponendi
1367 1275 1495 1302 luxatum
1523 1274 1578 1303 hu-

65 1333 174 1354 merum
200 1325 283 1354 etiam
309 1326 434 1361 quodam
459 1327 652 1355 instrumento
681 1327 723 1355 uti
746 1334 865 1355 coactus
893 1332 959 1360 est,
983 1325 1061 1360 quod
1086 1324 1126 1352 sic
1154 1323 1292 1352 describit
1320 1324 1425 1360 (12):
1469 1346 1488 1362 ,‚
1509 1327 1582 1363 Spa,

68 1395 88 1412 ῃ
108 1378 167 1405 tula
192 1376 286 1413 lignea
316 1376 429 1414 (est),
453 1386 523 1414 quae
550 1384 578 1406 et
594 1377 811 1408 crassitudinem
833 1379 955 1407 duorum
977 1376 1130 1413 digitorum
1154 1376 1260 1411 habet,
1289 1382 1317 1404 et
1335 1377 1515 1413 longitudine
1543 1380 1578 1407 ab

1499 1449 1518 1466 ,‚
1538 1429 1583 1458 alst

104 1516 167 1552 (6)
186 1517 265 1550 llipp.
284 1518 302 1545 l.
319 1524 346 1545 c.

66 1567 69 1576 ¹
103 1562 166 1598 (7)
186 1564 248 1591 Vid.
273 1565 356 1592 Scult.
374 1565 392 1592 Ι.
407 1571 434 1591 c·
459 1565 512 1592 tab.
532 1572 574 1598 24.
594 1564 638 1598 fig.
652 1573 678 1598 4.
713 1565 782 1598 Apte
799 1565 829 1591 ad
848 1572 900 1591 tres
918 1562 1010 1590 modos
1030 1564 1166 1595 generales
1187 1563 1212 1588 hi
1230 1563 1354 1589 recensiti
1374 1570 1485 1595 possunt
1503 1565 1586 1590 refer*

69 1610 103 1638 ri.
139 1610 240 1636 Primus
257 1611 326 1637 enim
344 1611 373 1636 fit
385 1618 430 1643 per
448 1612 729 1644 circumrorarionem;
749 1612 877 1638 secundus
889 1633 896 1643 ,
914 1612 961 1644 qui
973 1612 1014 1636 vizi
1029 1610 1166 1642 prolapsui
1184 1610 1309 1635 contraria
1321 1626 1329 1639 ,
1350 1610 1460 1641 tertius,
1479 1611 1523 1643 qui
1542 1618 1583 1637 se-

69 1656 155 1682 cundo
182 1657 250 1682 addit
275 1658 476 1688 extensionem,
503 1665 569 1690 quae
592 1658 646 1683 sine
667 1659 842 1684 instrumentis
863 1659 909 1684 vel
933 1664 993 1683 cum
1021 1656 1201 1682 instrumentis
1221 1655 1391 1683 efficiebatur.
1434 1657 1585 1689 Manganeti

68 1702 139 1730 Bibl.
157 1702 285 1736 Chirurg.
304 1710 323 1730 t.
336 1710 362 1735 3.
381 1703 428 1730 lib.
442 1711 485 1731 10.
503 1711 527 1731 c.
542 1711 570 1737 4.
587 1713 615 1737 p.
631 1709 679 1737 1¹29
697 1711 756 1737 seq.
785 1706 888 1731 Genev.
905 1712 980 1739 ¹731·
998 1704 1046 1731 sol.

103 1747 169 1783 (8)
187 1749 210 1775 A
231 1750 359 1775 nonnullis
376 1750 462 1776 dictus
485 1757 524 1776 εει
542 1751 639 1776 celsus
664 1751 771 1778 Latinus
788 1751 977 1784 Hippocrates.
997 1749 1053 1777 vid.
1073 1749 1214 1777 Marrherr.
1231 1749 1319 1775 Praei,
1337 1748 1361 1773 in
1380 1747 1414 1775 Η.
1431 1749 1586 1775 Boerhaave

71 1794 135 1821 lust.
153 1794 228 1821 Med.
248 1801 266 1822 t.
287 1802 310 1822 1.
326 1804 355 1828 p.
369 1804 420 1830 72.>
446 1797 569 1823 Viennae
584 1804 610 1823 et
627 1797 731 1830 Lipsiae
752 1799 825 1832 1785.
842 1799 903 1824 Svo.

105 1838 175 1875 (9)
191 1843 221 1867 P.
238 1842 363 1868 Forestus
382 1843 441 1869 obs.
459 1843 537 1869 Med.
555 1850 574 1869 t.
589 1851 615 1876 4.
633 1845 652 1870 l.
665 1851 690 1875 9.
708 1844 768 1871 obs.
783 1852 809 1877 4.
829 1852 855 1877 p.
871 1851 932 1876 292.
959 1844 1088 1870 Rothom.
1105 1843 1180 1875 1653.
1198 1843 1245 1869 fol.

106 1887 186 1920 (10)
206 1888 279 1913 Dicit
297 1889 364 1913 enim
381 1889 463 1922 Hipp.
487 1891 503 1916 1.
520 1897 545 1916 c.
570 1898 597 1922 p.
613 1891 672 1923 780.
696 1909 713 1923 ,‚
731 1897 785 1915 uno
801 1889 882 1915 modo
902 1891 1005 1915 humeri
1028 1890 1154 1914 articulus
1176 1887 1295 1920 excidit,
1315 1889 1340 1914 in
1357 1889 1417 1914 alam
1436 1887 1583 1918 videlicet,

72 1940 201 1966 nunquam
220 1933 245 1958 in
263 1935 422 1965 superiorem
442 1943 484 1962 aut
502 1936 662 1961 exteriorem
679 1936 803 1968 partem”
822 1937 854 1962 iis
872 1943 940 1961 vero
956 1934 1042 1961 addit:
1071 1953 1089 1967 „
1102 1942 1152 1960 non
1168 1941 1207 1960 est
1221 1941 1325 1964 tamen,
1345 1934 1415 1967 quod
1431 1934 1587 1960 contendere

72 1980 195 2012 cupiam,
214 1979 371 2012 excidatne,
395 1989 426 2007 an
452 1989 520 2013 non,
546 1981 590 2008 sed
612 1983 638 2007 in
663 1983 776 2015 priorem
800 1989 900 2015 partem
922 1983 1036 2015 elapsum
1057 1988 1105 2007 nec
1129 1981 1184 2006 vidi
1204 1988 1334 2014 unquam,
1353 1988 1400 2006 nec
1423 1981 1490 2007 elabi
1510 1985 1588 2013 posse

80 2025 231 2052 existim0.'’
802 2027 808 2033 '

110 2068 127 2102 (
139 2077 167 2096 Π
182 2069 196 2103 )
211 2072 288 2098 Cels.
306 2072 339 2098 de
357 2073 434 2102 Med.
451 2076 470 2101 l.
485 2076 511 2103 8.
530 2082 557 2102 c·
577 2082 600 2103 1.
618 2083 646 2109 p.
663 2075 724 2109 461.
743 2082 776 2102 ex
793 2081 897 2103 recens.
916 2075 1003 2103 Leon.
1015 2074 1094 2107 Targ.
1109 2073 1180 2107 1785.
1196 2080 1252 2107 4to.

112 2115 233 2150 (12)l.
250 2124 276 2144 c.
292 2126 319 2151 p.
331 2119 390 2152 462.
