1919 2511
723 88 1124 123 ORATIO.
1614 99 1652 128 15

177 178 290 216 portus
314 178 364 206 est
392 185 694 215 GOTHOFREDUS,
724 174 783 207 sed
801 185 890 217 non,
923 181 959 208 ut
983 176 1018 209 in
1047 190 1097 210 κη
1119 177 1256 210 Tabulis
1276 189 1352 211 eum
1374 179 1494 213 ducem
1511 180 1645 224 habuit,

178 240 277 273 quem
302 235 492 272 superaret,
523 240 640 264 verum
667 241 762 271 eum,
793 230 865 272 cui,
891 231 1059 265 duntaxat
1088 232 1210 276 ingenii
1235 236 1406 277 acumine,
1439 235 1645 281 aliquantum

178 285 322 326 cederet,
348 297 565 318 HUBERTUM
594 298 801 319 GIFANIUM
829 288 987 330 Gclrum,
1016 300 1190 322 HOPPERI
1221 290 1313 323 illum
1336 297 1368 323 et
1389 303 1550 326 cusAcu
1574 293 1644 326 dis-

175 343 333 385 cipulum.
378 342 455 374 Fuit
475 341 529 374 hic
553 342 694 376 fontium
711 341 989 376 restituendorum
1014 345 1269 378 curiosissimus
1320 348 1565 381 Oeconomiam
1588 352 1643 391 ju-

174 400 222 431 ris
238 396 386 440 scripsit,
404 402 440 429 ut
454 399 617 430 rationem
635 398 785 431 redderet
800 398 923 431 ordinis
942 400 976 432 in
994 400 1233 435 Instutionibus
1245 425 1255 444 ,
1283 402 1459 436 PandectiS
1478 409 1509 436 et
1526 405 1645 438 Codice

172 454 303 488 servati.
348 455 425 486 Hac
449 455 694 497 opportunitate
718 455 907 488 universam
936 455 1061 497 Edicti,
1094 467 1114 489 a
1141 457 1249 492 Salvio
1274 458 1403 491 Juliano
1427 459 1462 492 in
1489 460 1639 494 ordinem

171 510 313 551 redacti,
342 508 463 542 seriem
486 509 650 543 indicavit.
704 512 884 544 convenire
909 511 999 545 hanc
1013 512 1133 545 seriem
1157 513 1387 548 animadvertit
1413 525 1490 547 cum
1515 516 1638 559 legibus

172 578 223 599 ΧΠ
242 565 468 607 Tabularum,
502 576 579 598 cum
610 565 728 599 Codice
752 571 850 609 atque
873 566 964 599 libris
988 567 1186 601 Sabinianis.
1234 570 1382 613 Singulas
1402 576 1512 613 partes
1533 572 1641 605 Edicti

172 627 365 665 persecutus
395 627 455 655 est.
514 621 603 664 Quid
628 621 669 654 de
700 630 830 665 quaque
854 633 891 655 re
922 625 1060 657 Praetor
1088 626 1277 667 statuisset,
1317 626 1471 660 universe
1502 630 1640 663 monuit.

171 679 305 710 Nexum
323 677 486 721 imprimis
507 678 710 721 singularum
731 679 876 720 partium
898 679 983 711 inter
1006 690 1042 713 se
1066 682 1232 724 exposuit:
1263 686 1300 713 ut
1323 681 1431 715 dicere
1450 683 1559 716 nullus
1577 685 1644 720 du-

171 733 291 776 bitem,
315 745 411 776 eum,
436 735 492 777 qui
513 734 554 767 ab
579 733 632 766 his
655 734 806 777 perlectis
829 734 872 766 ad
890 735 1098 769 lustrandam
1123 737 1200 770 inde
1230 748 1492 772 GOTHOFREDI
1521 742 1641 775 seriem

171 801 207 822 se
241 790 408 832 conferat,
444 800 579 832 eorum,
611 799 696 833 quae
721 789 854 832 probet,
889 790 981 833 longe
1008 792 1150 834 plurima
1188 803 1208 825 a
1247 806 1424 827 GIFANIO
1465 801 1638 840 mutuata,

169 856 304 887 eorum⁷
334 856 419 889 quae
437 845 672 889 reprehendat,
696 845 787 878 haud
813 856 920 888 pauca
941 848 1058 879 melius
1082 849 1258 892 veriusque
1285 861 1305 883 a
1334 863 1504 884 GIFANIO
1532 855 1639 897 expli-

170 907 244 934 cata
268 901 482 936 inventurum
507 902 576 944 (l).
623 901 686 933 Sed
710 902 800 934 nulla
827 903 896 943 eius
921 903 1162 937 animadversio
1187 911 1244 937 aut
1263 907 1391 940 acutior
1411 913 1478 950 est,
1502 915 1559 942 aut
1579 920 1640 945 ve-

166 958 252 1000 rior,
275 967 378 1001 quam
393 958 464 1000 illa,
488 960 549 1002 qua
568 957 777 991 referendam
797 967 869 990 esse
888 959 1043 994 indicavit
1060 959 1169 994 Edicti
1187 960 1307 994 seriem
1325 962 1368 995 ad
1387 964 1514 1007 singula
1533 968 1639 1001 Prae÷

168 1014 248 1046 toris
271 1013 391 1046 officia.

209 1071 318 1113 Nemo
340 1075 488 1103 vestrum
510 1075 574 1111 est,
598 1069 638 1102 A.
655 1070 695 1102 A.
710 1072 755 1103 H.
771 1072 832 1103 H.!
863 1072 918 1114 qui
943 1072 1098 1113 miretur,
1130 1077 1176 1106 tot
1198 1075 1459 1118 jureconsultOS,
1488 1084 1567 1121 quot
1594 1089 1635 1112 ex

166 1123 280 1169 schola
307 1136 482 1167 MUDAEI,
511 1126 599 1158 alma
623 1125 676 1158 illa
701 1136 877 1169 germanae
902 1128 1178 1170 jurisprudentiae
1203 1132 1298 1172 quasi
1319 1138 1472 1174 parente,
1496 1134 1634 1176 profecti

165 1186 261 1222 sunt,
285 1191 429 1224 quorum
447 1192 554 1214 unum
571 1187 701 1214 tantum
718 1187 815 1226 atque
832 1183 973 1214 alterum
989 1184 1140 1225 recitavi,
1164 1195 1312 1228 quosque
1331 1197 1446 1219 omnes
1463 1198 1634 1223 recensere

165 1236 332 1270 infinitum
359 1238 400 1270 sit
424 1237 499 1280 (2),
534 1237 682 1281 Belgium
707 1244 860 1271 nostrum
889 1249 1007 1281 capere
1031 1249 1099 1272 non
1120 1241 1275 1282 potuisse.
1333 1245 1408 1284 Quo
1429 1243 1570 1288 factum,
1595 1253 1632 1280 ut

165 1302 282 1325 eorum
305 1293 439 1335 pltuimi
465 1294 500 1326 in
525 1292 726 1335 Germania,
757 1299 855 1337 atque
880 1295 1001 1336 Gallia,
1034 1295 1207 1328 cathedras
1234 1300 1437 1342 occuparint.
1491 1300 1553 1334 Sed
1583 1304 1631 1336 vel

151 1347 242 1384 chine
259 1348 434 1393 intelligitis
441 1374 451 1391 ,
476 1360 583 1393 neque
605 1355 734 1382 exteros
753 1351 875 1382 alienos
894 1350 995 1383 fuisse
1015 1349 1056 1382 ab
1075 1351 1145 1392 illa,
1169 1362 1269 1394 quam
1292 1356 1396 1388 nostri
1416 1358 1630 1398 jureconsulti

162 1404 419 1447 profitebantur,
443 1405 640 1439 humaniore
661 1406 928 1449 jurisprudentia.
974 1408 1018 1439 Et
1043 1406 1126 1439 foret
1146 1408 1293 1450 profecto
1317 1410 1359 1444 ad
1382 1412 1551 1446 insaniam
1569 1425 1631 1447 *us-

161 1470 225 1504 que
250 1460 363 1503 iniqua
383 1463 470 1505 ejuS,
499 1463 554 1506 qui
578 1461 643 1495 hoc
665 1467 815 1506 negaret,
848 1462 1027 1504 sententia,
1053 1473 1129 1496 cum
1150 1469 1226 1506 post
1251 1477 1447 1509 vmmnm,
1472 1479 1539 1503 uno
1563 1483 1628 1503 cv-

1568 1538 1630 1559 121-

199 1606 214 1636 (
225 1606 257 1636 1)
277 1607 367 1630 Eadem
383 1607 433 1630 fere
453 1606 567 1629 sententia
584 1606 724 1637 estjClariss.
746 1614 784 1629 aa
794 1613 808 1628 n
820 1614 858 1628 no
868 1614 882 1629 L
892 1613 925 1628 nt
945 1605 998 1628 fiber
1013 1607 1049 1630 die
1067 1608 1133 1633 Vers.
1150 1607 1193 1630 das
1211 1608 1270 1630 Prae.
1290 1609 1366 1634 Edict.
1383 1610 1534 1636 herznstellen.
1566 1614 1617 1638 ξίν.

168 1649 235 1679 Mag.
252 1650 285 1674 11.
306 1653 341 1678 14·
359 1659 384 1681 p.
403 1651 456 1676 301.
472 1659 524 1682 sqq.
541 1650 623 1672 Unum
638 1649 791 1680 exemplum,
811 1649 855 1672 sed
873 1649 932 1672 illud
951 1650 1054 1673 maxime
1074 1651 1179 1679 insigne,
1199 1651 1293 1675 addam.
1325 1653 1520 1678 Gnvmtusin
1534 1657 1618 1681 Oecon.

169 1693 244 1716 pand.
261 1700 284 1716 ει
299 1693 344 1717 Ed.
362 1702 424 1725 perp.
445 1699 506 1725 part.
519 1702 555 1718 ιο.
576 1697 597 1723 §,
608 1701 643 1722 1.‚
655 1693 760 1716 edictum
777 1693 807 1716 de
826 1693 965 1724 pignoribus
982 1693 1019 1722 ei,
1031 1694 1096 1725 quod
1118 1699 1153 1717 est
1169 1694 1198 1717 de
1215 1695 1351 1718 interdictis
1367 1697 1488 1727 subjunxit
1502 1714 1510 1727 ‚
1533 1699 1618 1723 additis

168 1737 235 1765 justis
253 1737 412 1767 argumentis,
430 1745 472 1760 cur
491 1745 520 1760 eo
535 1737 589 1760 loco
607 1736 667 1759 illud
682 1737 804 1759 insereret.
835 1735 1076 1760 Go'ruorntnns
1089 1745 1147 1760 vero
1164 1737 1249 1760 eodem
1268 1738 1327 1761 illud
1345 1739 1428 1763 ordine
1450 1742 1544 1770 retulit,
1570 1751 1619 1773 quo

166 1780 205 1802 hic
221 1779 287 1803 locus
302 1780 327 1802 in
343 1779 468 1803 Pandectis
486 1780 531 1803 fuit
547 1781 677 1811 expositus.
708 1780 739 1802 Et
756 1784 848 1802 constat
862 1784 940 1802 tamen
958 1779 1054 1802 demum
1077 1788 1113 1803 su
1123 1788 1196 1803 ⁵111*
1207 1788 1216 1803 1
1227 1789 1239 1803 ‚s
1250 1789 1285 1803 NI
1304 1787 1372 1808 const,
1391 1788 1456 1806 tanta
1473 1786 1494 1814 §-
1504 1791 1526 1812 5,
1548 1787 1618 1809 effen.

166 1829 217 1846 tum
236 1823 323 1851 fuisse,
340 1824 408 1847 utin
429 1823 507 1846 media
528 1823 699 1846 Pandectarum
717 1827 785 1854 parte
805 1822 835 1845 de
853 1821 991 1853 pignorifius
1012 1828 1130 1854 ageretur.
1159 1823 1237 1851 Quare
1259 1830 1322 1847 recte
1342 1832 1477 1849 orrum:
1500 1829 1616 1852 rationem

167 1871 261 1889 secutus
272 1872 308 1889 est
326 1867 466 1890 novissimus
487 1867 517 1890 de
535 1867 622 1890 Edicto
641 1867 741 1898 scriptor
763 1873 784 1890 c.
802 1873 827 1889 G.
843 1873 865 1889 ι.
884 1873 925 1888 nn
942 1873 1073 1893 wzyun,
1090 1867 1157 1897 cujus
1175 1866 1237 1890 Libri
1256 1873 1298 1889 cres
1316 1868 1392 1891 Edicta·
1413 1870 1525 1901 prodiere
1544 1872 1614 1896 cellis

167 1909 251 1932 Luneb-
271 1917 292 1934 a.
315 1910 381 1934 1821.
398 1910 422 1932 in
441 1913 489 1938 4to.

205 1953 254 1981 (a)
271 1954 345 1982 Aegre
354 1969 361 1979 ,
383 1958 408 1975 ut
424 1953 494 1979 alios,
511 1953 542 1975 ita
560 1952 674 1983 imprimis
691 1960 719 1976 st
727 1960 808 1976 naum
816 1960 832 1975 n
840 1960 855 1975 u
866 1959 886 1975 Μ
903 1959 913 1974 s
921 1959 930 1973 1
938 1959 951 1974 c
959 1959 973 1974 c
983 1960 996 1974 Α
1005 1959 1025 1974 Μ
1035 1960 1048 1974 Α
1056 1959 1077 1974 m
1093 1957 1213 1983 praetereo
1221 1969 1228 1982 ,
1243 1954 1282 1984 qui
1298 1954 1342 1979 sub
1362 1955 1435 1979 finem
1458 1957 1543 1981 saeculi
1560 1966 1614 1982 sex·

170 1993 189 2017 ti
209 1993 296 2017 decimi
313 1996 341 2018 de
360 1997 513 2019 Cemnmviris
534 1995 635 2027 scripsit.

969 2042 1041 2079 135
