1919 2511
346 137 366 168 6
752 126 1418 162 ‘L.sUR1NGAR

351 223 592 260 consideranda
603 248 613 265 ,
637 221 852 267 expendenda
871 227 904 255 et
922 222 957 255 in
973 229 1109 255 succum
1127 221 1220 264 quasi
1238 227 1270 254 et
1293 222 1488 265 sanguinem
1507 220 1678 254 vertendas
1724 221 1826 256 Clau-

356 283 416 325 de,
439 281 598 323 obsecro,
621 279 787 314 interdum
804 278 944 312 Librum
974 277 1066 310 hunc
1085 277 1251 319 divinum,
1274 283 1306 310 et
1331 277 1495 321 quomodo
1520 277 1677 310 haustam
1705 288 1746 310 ex
1772 277 1827 311 illo

358 339 528 372 doctrinae
551 337 682 380 copiam
706 336 741 368 in
766 334 934 369 Societatis
961 332 1168 368 Christianae
1198 334 1459 366 emolumentum
1486 338 1675 367 convertere
1700 334 1828 376 possis,

357 395 444 428 seria
463 399 496 427 et
516 393 732 427 attentissima
759 393 950 436 cogitatione
973 391 1074 434 exige.
1130 389 1312 431 Docendo,
1352 388 1532 431 hortando,
1564 388 1731 422 monendo
1753 388 1829 422 dili-

358 456 488 495 gentem
508 449 660 494 impende
674 459 833 492 operam,
857 454 955 492 atque
977 448 1022 480 ita
1050 456 1185 478 summa
1209 445 1272 478 fide
1298 444 1482 478 commodis
1511 445 1661 488 prospice
1689 454 1827 486 eorum,

357 506 401 540 ad
417 517 500 550 quos
519 504 715 539 erudiendos
731 510 763 537 et
784 504 827 537 ad
843 514 985 548 quorum
1004 511 1115 535 mores
1134 500 1324 534 formandos
1337 511 1372 533 es
1392 501 1586 534 destinatus·

403 565 480 595 Non
499 571 583 605 opus
599 566 649 593 est
669 560 901 602 jurejurando,
925 570 990 603 quo
1009 558 1172 602 prolixam
1196 560 1308 590 Tuam
1331 557 1371 590 de
1392 556 1558 600 Religione
1581 555 1666 590 bene
1694 567 1830 591 meren-

358 619 391 652 di
418 619 620 653 voluntatem
645 618 783 649 testeris.
833 616 896 649 Sed
921 617 1034 659 accipe
1067 614 1243 647 annulum
1267 613 1357 646 hunc
1390 623 1566 655 auream,
1599 623 1664 656 quo
1692 612 1830 657 digitum

358 685 481 710 manus
503 676 598 706 Tuae
617 672 753 705 dextrae
775 672 917 705 indicem
940 681 1034 704 orno.
1083 671 1236 703 Annulus
1256 670 1346 714 apud
1367 670 1541 713 plerasque
1567 675 1677 713 gentes
1702 671 1828 714 signum

358 737 408 766 est
425 737 522 774 atque
541 728 683 773 sigillum
700 728 877 761 arctissimi
901 729 985 762 illius
1007 728 1180 768 Foederis‚
1204 727 1301 770 quale
1322 729 1378 759 Tu
1403 727 1490 758 intra
1515 736 1640 769 paucos
1659 725 1728 759 dies
1752 736 1831 760 cum

359 788 538 821 lectissima
565 784 688 828 virgine
716 784 903 817 contrahes.
950 784 1246 828 Quemadmodum
1270 784 1397 815 solenni
1421 789 1453 815 te
1483 782 1665 826 obstringes
1684 788 1760 817 voto
1786 782 1830 816 ad

357 837 548 886 sponsam,
561 851 646 884 quae
664 840 773 873 divino
790 839 848 872 tibi
868 839 944 873 data
969 844 1017 871 est
1040 838 1199 871 beneficio
1212 863 1222 880 ,
1247 837 1455 871 carissimam
1479 843 1546 871 toto
1563 843 1694 881 pectore
1708 849 1831 872 aman-

359 899 460 940 dam,
484 908 545 941 pro
570 895 692 930 viribus
714 896 872 928 tuendam
898 901 930 927 et
953 895 1159 937 ornandam,
1183 897 1230 928 ita
1257 906 1387 939 quoque
1412 894 1504 928 hicce
1527 895 1670 927 annulus
1696 895 1773 928 Tibi
1790 896 1832 929 sit

357 955 484 999 pignori
516 964 556 986 ac
580 953 779 985 documento
797 975 806 992 ,
830 950 1052 984 indissolubile
1090 961 1160 983 esse
1186 951 1320 992 foedus,
1352 951 1441 994 quod
1465 953 1533 992 jam
1555 962 1632 983 cum
1656 950 1829 996 disciplina

358 1012 521 1045 sanctiore
543 1007 723 1043 contrahi&
769 1010 856 1049 Fac,
888 1012 924 1041 ut
952 1018 1046 1049 eam,
1071 1018 1137 1052 quo
1162 1013 1256 1052 potes
1285 1007 1385 1041 modo
1400 1031 1411 1050 ,
1443 1006 1618 1049 defendas,
1641 1018 1753 1050 ames,
1776 1008 1830 1041 fo-

358 1077 435 1101 veas
446 1092 456 1109 ‚
476 1075 625 1099 exornes·

402 1123 455 1156 Ad
477 1122 683 1167 praeclaram
709 1119 797 1153 hanc
824 1120 1029 1163 provinciam
1055 1119 1141 1154 bene
1169 1120 1466 1154 administrandam
1483 1144 1494 1162 ,
1523 1130 1640 1153 omnes
1659 1117 1829 1152 doctrinae

359 1180 565 1214 Christianae
590 1184 702 1222 partes
730 1176 829 1210 libere
855 1177 993 1219 docere,
1017 1176 1203 1221 explicare,
1228 1175 1397 1210 vindicare
1424 1178 1492 1218 jam
1522 1175 1713 1209 conceditur
1736 1174 1826 1209 Tibi.

359 1238 471 1280 Hujus
493 1235 650 1268 libertatis
677 1234 809 1277 Insigne
829 1238 879 1266 est
897 1232 1038 1277 pileus,
1061 1244 1127 1277 quo
1158 1232 1306 1266 doctores
1330 1243 1349 1265 a
1375 1231 1576 1265 discentibus
1597 1231 1750 1276 distingui
1769 1242 1828 1266 vo-

356 1293 491 1327 luerunt
509 1293 664 1334 Majores,
711 1291 839 1323 Pileum
855 1290 947 1323 hunc
962 1293 1038 1323 Tuo
1057 1291 1194 1334 impono
1221 1289 1341 1333 capiti,
1366 1291 1502 1333 Teque,
1527 1295 1563 1321 ut
1587 1288 1652 1321 hac
1679 1288 1827 1322 libertate

357 1349 538 1393 prudenter
562 1348 686 1388 utaris,
717 1357 859 1388 moneo,
890 1346 955 1380 hoc
979 1357 1085 1379 unum
1113 1346 1239 1380 addens
1255 1371 1266 1388 ,
1298 1345 1428 1379 Pileum
1462 1347 1540 1379 olim
1569 1347 1695 1390 insigne
1723 1346 1825 1379 fuisse

358 1406 538 1446 Mercurii,
561 1415 660 1448 quem
681 1406 801 1436 Poe'tae
820 1406 972 1436 Deorum
997 1401 1211 1446 interpretem
1229 1408 1261 1435 et
1283 1401 1457 1436 facundiae
1480 1408 1649 1436 auctorem
1670 1414 1710 1436 ac
1728 1413 1824 1446 prae-

357 1462 462 1495 sidem
479 1461 655 1494 finxerunt.
701 1463 769 1493 Fac
788 1462 841 1493 Tu
856 1484 865 1501 ,
890 1465 927 1492 ut
942 1461 1011 1494 veri
1029 1462 1092 1493 Dei
1115 1462 1329 1503 interpretem
1357 1459 1515 1492 disertum
1540 1465 1571 1493 te
1587 1458 1708 1503 probes
1728 1466 1826 1504 utque

360 1518 552 1552 facundum.
598 1519 651 1550 Sic
662 1517 789 1549 Pileas
808 1516 885 1549 Tibi
902 1518 964 1549 erit
973 1516 1137 1560 pretium
1157 1526 1228 1549 non
1245 1515 1313 1549 vile
1333 1515 1509 1548 laborum.

402 1577 473 1608 Ista
491 1573 593 1608 verba
614 1574 764 1617 leguntur
786 1573 943 1615 inscripta
964 1572 1043 1605 huic
1065 1571 1292 1606 Numismati
1317 1582 1432 1604 aureo
1446 1596 1456 1613 ,
1479 1571 1568 1615 quod
1591 1582 1632 1604 ex
1648 1573 1729 1606 collo
1748 1575 1824 1606 Tuo

360 1631 566 1675 suspendeo,
591 1635 626 1662 ut
648 1629 774 1662 solenni
790 1627 854 1661 hac
876 1627 929 1661 die
954 1633 1070 1671 pectus
1095 1629 1211 1660 Tuum
1234 1633 1339 1660 ornet.
1384 1628 1514 1671 Insigne
1538 1627 1601 1660 hoc
1620 1629 1750 1662 virtutis
1769 1635 1825 1661 at-

359 1699 424 1732 que
439 1687 619 1721 industriae
633 1686 820 1729 praemium
846 1683 947 1716 debes
963 1683 1208 1717 munificentiae
1223 1684 1513 1728 Amplissimoruin
1528 1685 1656 1719 Civitati
1670 1684 1824 1719 Leidensi

359 1745 623 1789 praefectorum,
657 1742 713 1785 qui
736 1740 800 1774 hac
834 1740 962 1773 ratione
993 1739 1189 1782 declarant,
1230 1751 1328 1773 curae
1359 1739 1422 1773 sibi
1446 1740 1602 1784 cordique
1626 1751 1697 1774 esse
1719 1741 1820 1774 decus

361 1799 559 1833 Academiae
579 1799 614 1831 in
630 1797 721 1830 Urbe
742 1807 803 1829 sua
828 1796 978 1830 conditae
1002 1798 1037 1830 iu
1056 1802 1254 1841 perpetuum
1278 1796 1407 1831 virtutis
1429 1798 1534 1831 avitae
1552 1803 1818 1833 monumentum.

404 1857 555 1900 Denique
579 1856 709 1899 porrigo
730 1856 933 1894 Dextram,
966 1864 1031 1897 qua
1058 1859 1179 1896 testor,
1208 1863 1271 1887 nos
1298 1864 1429 1895 omnes,
1461 1855 1516 1898 qui
1543 1853 1738 1898 Theologiae
1768 1864 1823 1887 su-

361 1924 439 1947 mus
462 1915 641 1954 Doctores,
666 1915 715 1945 Te
733 1912 862 1945 socium
891 1909 1014 1943 habere
1040 1916 1071 1942 et
1087 1910 1259 1943 habituros
1286 1920 1368 1943 esse.
1416 1911 1454 1943 In
1478 1910 1648 1954 collegium
1670 1915 1820 1943 nostrum

360 1972 410 2003 Te
441 1968 564 2013 recipio
582 1993 592 2012 ,
624 1974 655 2002 et
682 1979 767 2013 quae
799 1967 842 2001 ab
872 1966 987 2002 ordine
1021 1972 1136 2001 nostro
1162 1965 1324 2012 proficisci
1351 1973 1518 2011 possunt,
1567 1967 1677 2000 officia
1704 1966 1821 2000 lubens

356 2025 524 2070 promitto.

1720 2081 1820 2113 szc
