1919 2511
446 119 676 151 RESPONsm
703 129 746 151 An
777 120 1087 160 QUAESTIONEM
1117 122 1396 157 LITERARmM.
1635 129 1671 166 83

204 202 312 232 Cervus
340 209 366 232 et
390 202 478 234 Vt'tls.
520 204 632 241 Aesop.
656 205 727 233 coll.
749 203 812 232 No.
830 205 881 240 65.
906 204 987 236 Flor.
1015 206 1078 236 No.
1098 207 1147 244 65.

204 255 270 283 Vim
290 261 456 284 venatorum
471 271 508 278 -—
525 261 699 294 sequentum.
738 255 772 284 Id
795 261 839 284 est
866 262 1018 285 venatores
1046 257 1077 286 vi
1101 257 1299 293 insequentes.
1354 258 1423 289 Vid.
1447 266 1532 297 supra
1553 261 1587 289 ad
1615 260 1674 290 fab.

168 313 202 342 17
233 312 260 335 et
284 308 333 343 58.

202 356 335 385 Frondea
357 358 435 387 vitis.
478 357 587 388 Nescio
613 367 649 389 an
672 358 831 395 respexerit
853 357 938 395 Virg.
961 358 1074 396 Ecloga
1095 360 1143 388 IX.
1171 367 1218 388 vs-
1236 367 1288 395 42.

786 410 832 439 bie
852 409 977 438 candida
995 411 1113 449 populus
1140 417 1226 438 antro

449 460 599 496 Imminet,
627 467 655 490 et
678 462 772 490 lentae
792 467 895 489 texunt
924 461 1092 490 umbracula
1117 463 1198 490 vites.

199 509 375 547 Defunetam
394 524 428 532 -
444 512 579 548 periculo.
621 512 654 540 ld
675 519 718 541 est
742 511 893 541 liberatam
909 513 1048 551 periculo.
1081 533 1100 548 ‚‚
1117 511 1245 549 Defungi
1263 513 1335 541 enim
1355 512 1500 551 eleganter
1516 511 1625 541 dicitur
1643 513 1676 541 (le

166 582 183 597 „
204 571 251 595 eo,
284 564 335 600 qui
361 562 417 591 levi
439 563 540 599 aliqua
555 563 679 599 jactura
705 569 758 591 aut
779 564 853 592 malo
875 563 1021 593 liberatur
1047 563 1174 599 majori,
1203 570 1255 591 aut
1283 564 1339 592 levi
1366 564 1461 592 labore
1485 562 1619 602 perficit,
1644 571 1676 591 uc

166 633 184 648 „
205 613 311 649 majore
333 613 460 642 molestia
489 622 588 642 carere
604 615 693 652 possit
705 613 725 626 '³
751 620 784 642 ut
807 614 876 642 dicit
899 614 1017 644 Ernest.
1033 614 1063 644 in
1081 614 1153 643 clavi
1173 614 1236 644 Cic.
1259 614 1293 642 ad
1311 622 1412 643 vocem
1428 614 1581 652 dffungor.
1603 614 1670 643 Cic.

161 673 216 700 pro
239 664 348 693 Roscio
374 664 503 694 Amerin.
534 674 595 701 cap.
615 667 643 694 8.
673 674 767 701 „cam
785 665 851 702 jam
863 667 1079 704 proscriptionis
1105 666 1206 693 mentio
1235 665 1317 693 nulla
1335 663 1438 701 fieret,
1462 670 1490 692 et
1505 673 1567 692 cum
1587 666 1672 692 etiam

163 737 181 751 „
202 717 333 753 quiante
355 721 538 750 metuerant,
560 714 710 750 redirem,
730 726 764 745 ae·
776 717 842 753 jam
866 716 1013 754 defitnctos
1035 726 1090 746 sese
1108 716 1245 755 periculis
1267 715 1530 751 arbitrarentur;”
1552 716 1587 744 ad
1604 715 1674 745 Div.

159 776 225 803 cap.
245 776 272 796 1.
304 786 323 801 „
340 766 389 793 hoc
405 765 565 802 mendacio,
589 767 678 804 (scil.
697 767 732 796 de
756 775 848 796 morte
870 770 946 805 sua)
969 771 994 797 si
1018 778 1075 806 qua
1097 768 1229 807 pericula
1254 766 1465 806 impenderent,
1486 773 1518 795 ut
1544 766 1677 803 defunge-

163 839 181 854 „
205 826 323 852 remur,
345 816 477 854 optaw‘.'’
519 817 610 846 Conf.
631 818 713 847 etiam
744 818 969 848 Westerhovius
991 820 1026 848 ad
1048 819 1180 849 Terentii
1202 818 1340 848 Eunuch.
1369 817 1488 853 Prolog.
1516 825 1560 845 vs.
1581 825 1625 852 ¹5-

198 869 289 898 Certis
311 869 438 904 sagittis.
477 867 603 897 Imitatio
625 868 783 899 Horatiana
809 869 868 900 Od.
892 870 964 899 Lib.
980 870 1006 899 Ι.
1029 869 1087 899 Od.
1110 878 1158 900 12.
1181 879 1227 899 vs.
1246 878 1300 906 23·

777 929 826 949 nee
844 927 873 950 te
891 919 1042 950 metuenda
1061 927 1143 949 certa

446 968 552 997 Phoebe
571 971 697 1008 sagitta·

160 1021 208 1050 sic
229 1027 257 1049 et
276 1018 382 1056 virgil.
404 1018 482 1048 Aen.
500 1020 552 1049 XI.
574 1029 622 1051 vs.
640 1023 710 1058 767.

694 1079 722 1102 et
740 1080 850 1103 certam
870 1073 967 1111 quatit
985 1072 1130 1110 improbus
1149 1072 1274 1102 hastam.

199 1121 352 1160 Calidoque
377 1121 506 1151 animam
534 1132 597 1151 cum
628 1126 767 1162 sanguine
790 1123 932 1161 fundens.
980 1123 1113 1153 Imitatur
1142 1123 1255 1162 Noeter
1281 1122 1371 1153 ovid.
1397 1122 1518 1153 Metam·
1540 1122 1611 1153 Lib.
1630 1125 1673 1154 11.

158 1183 204 1204 vs.
232 1175 301 1204 610·

643 1233 672 1256 et
685 1228 805 1266 pariter
821 1228 913 1257 ‘vitam
931 1237 996 1257 cum
1016 1227 1154 1265 sanguine
1166 1225 1264 1263 fudit.

198 1275 297 1306 Calido
317 1276 468 1313 sanguine.
505 1275 552 1305 Ex
572 1283 672 1307 natura
691 1278 859 1316 sanguinis,
880 1279 970 1308 Ovid.
993 1278 1067 1308 Her.
1089 1278 1160 1308 Lib.
1179 1280 1203 1309 1.
1222 1285 1270 1307 νε.
1288 1285 1336 1315 19.

522 1330 659 1365 sanguine
678 1328 847 1367 Tlepolemus
865 1329 1037 1369 tepefecerat
1055 1329 1169 1358 hastam

157 1381 263 1410 Horat·
283 1378 351 1408 Lib.
372 1379 414 1407 11.
436 1378 498 1407 Sat.
521 1387 549 1415 3.
571 1388 617 1409 vs.
640 1383 704 1415 136.

443 1427 480 1456 In
499 1433 603 1459 matris
614 1430 719 1468 jugulo
730 1431 849 1468 ferrum
869 1432 1000 1472 tepefecit
1018 1437 1148 1461 acutum.

353 1610 616 1642 FABULA
673 1612 1206 1645 SEPTUAGESIMA
1263 1610 1480 1643 PRIMA.

675 1708 832 1729 LATRO
882 1710 934 1729 ET
984 1709 1154 1730 MATER.

445 1783 610 1814 Damnatus
629 1786 716 1814 morti
734 1780 811 1815 latr'o
828 1785 988 1815 ducebatur
1005 1785 1143 1822 acerbae,

442 1835 545 1873 Digna
563 1842 726 1874 recepturus
743 1837 898 1866 sceleratae
909 1838 1045 1875 praemia
1064 1838 1154 1866 vitae.

446 1886 502 1915 Cui
520 1895 547 1914 se
566 1887 597 1914 in
614 1893 785 1924 conspectum
805 1893 900 1916 mater
918 1896 1005 1925 quum
1023 1894 1127 1916 moesta
1144 1884 1284 1922 dedisset,

444 1937 626 1975 ingeminans
644 1937 727 1966 tristi
743 1937 920 1967 miserandas
938 1946 1001 1967 voce
1019 1938 1170 1976 querelas,

447 1988 500 2017 Ille
519 1994 551 2016 ut
570 1997 631 2016 eam
650 1986 742 2025 affari
759 1995 800 2018 est
811 1990 986 2028 permissus,
1005 1995 1034 2018 et
1053 1989 1146 2018 oscula
1158 1986 1264 2024 serre,

445 2039 597 2067 Maternos
615 2048 710 2068 morsu
727 2041 759 2068 in
777 2040 873 2069 vultus
892 2041 1000 2069 invasit
1018 2046 1123 2076 acuto;

444 2090 568 2128 Totaque
579 2089 712 2127 foedavit
730 2091 866 2121 laceratis
883 2089 1003 2120 naribus
1022 2100 1086 2121 ora.

899 2142 928 2172 1.
948 2153 966 2173 2
1613 2134 1679 2164 ομ
