2912 4368
566 1228 704 1269 spectari
721 1227 820 1267 solet,
845 1227 938 1265 cuius
963 1223 1095 1267 quidem
1114 1223 1353 1266 therapeuticcs
1373 1233 1506 1255 summa
1525 1228 1670 1266 potestas
1702 1223 1736 1256 in
1764 1233 1936 1256 armorum
1965 1235 2032 1257 non

566 1295 726 1325 numero,
751 1284 808 1316 scd
840 1280 987 1314 efficacia
1013 1281 1167 1313 cernitur.

608 1342 714 1383 Atque
744 1341 870 1371 utinam
896 1339 927 1370 in
957 1337 1020 1369 hae
1040 1347 1170 1380 quoque
1189 1346 1225 1368 re
1253 1342 1393 1368 naturae
1413 1337 1623 1368 imitarentur
1642 1336 1883 1378 simplicitatem
1904 1336 2033 1378 simpli-

568 1398 677 1440 cisque
704 1396 811 1428 studio
834 1395 1032 1427 ducerentur
1061 1393 1200 1425 artifices
1225 1391 1355 1425 medici.
1403 1393 1531 1435 Quodsi
1557 1393 1711 1435 simplicis
1738 1391 1870 1434 cupiam
1899 1402 2035 1424 sensum

568 1453 702 1485 medicis
728 1453 917 1493 excultum,
949 1451 1014 1482 hoc
1040 1456 1208 1492 tempore,
1240 1449 1324 1489 hoc,
1357 1449 1513 1492 inquam,
1543 1455 1690 1492 tempore
1722 1449 1889 1480 excultum
1915 1449 2035 1492 cupio,

568 1520 633 1553 quo
658 1515 791 1542 auctam
822 1508 903 1540 adeo
927 1513 958 1539 et
982 1505 1217 1549 amplificatam
1243 1504 1407 1537 habemus
1432 1507 1557 1547 sylvam
1582 1505 1767 1546 medicam,
1797 1511 1834 1537 ut
1865 1516 1931 1537 non
1964 1507 2039 1537 ino-

568 1567 657 1609 piam
688 1575 882 1598 accusemus
905 1564 964 1596 sed
993 1564 1103 1605 copias
1128 1568 1270 1594 nostras.
1318 1563 1384 1602 Q'ii
1409 1572 1486 1594 cum
1512 1563 1707 1604 empiricum
1730 1567 1885 1594 occaecat
1906 1567 2059 1604 pcrtur->

568 1622 689 1666 batque
719 1622 908 1655 divitiarum
934 1620 1107 1663 splendor,
1140 1619 1322 1661 simplicem
1345 1629 1413 1650 non
1441 1619 1630 1651 occaecabit
1657 1625 1714 1651 aut
1737 1618 1943 1662 perturbabit
1966 1629 2041 1649 me·-

569 1678 695 1711 dicum.
743 1682 775 1711 Is
806 1678 968 1721 siquidem
998 1682 1137 1709 naturae
1165 1674 1312 1707 imitatus
1341 1676 1604 1717 simplicitatem,
1639 1687 1707 1708 non
1739 1677 1844 1708 multa
1872 1674 2040 1707 adhibebit

568 1740 626 1767 aut
651 1736 831 1769 novissima
857 1733 1003 1766 remedia
1018 1758 1026 1774 ,
1051 1732 1109 1764 sed
1131 1733 1256 1774 optima
1282 1731 1441 1773 longoque
1465 1731 1545 1763 artis
1574 1742 1636 1764 usu
1665 1732 1891 1775 comprobata.
1939 1730 2040 1774 Quod

568 1797 681 1824 tamen
705 1802 773 1823 non
797 1802 834 1823 eo
862 1800 964 1822 sensu
990 1789 1158 1831 accipiatis
1177 1788 1294 1828 velim,
1320 1789 1358 1819 A.
1381 1788 1441 1828 A„
1467 1799 1507 1820 ac
1526 1798 1551 1820 Sl
1572 1791 1758 1831 priscarum
1783 1800 1896 1821 rerum
1921 1797 2040 1820 ainans

568 1857 653 1880 nova
671 1859 818 1891 quaeque
836 1846 910 1880 odio
924 1846 1081 1878 haberem
1096 1844 1171 1886 ,sed
1188 1846 1236 1876 sic
1254 1844 1392 1876 teneatis
1410 1845 1666 1887 cupi0,nonnlsi
1683 1851 1756 1887 post
1777 1845 1942 1885 adhibita,
1958 1854 2043 1887 quae

568 1906 787 1948 experientiae
805 1904 998 1935 auctoritate
1016 1902 1149 1934 firmata
1172 1902 1259 1942 sint,
1284 1900 1449 1941 remedia,
1469 1901 1511 1932 ad
1527 1912 1613 1934 nova
1630 1902 1682 1933 illa
1699 1912 1770 1933 esse
1789 1901 2040 1934 deveniendum.

611 1964 726 2004 Neque
757 1966 889 1993 tantum
913 1960 1082 2002 explorata
1109 1956 1255 1989 remedia
1281 1954 1396 1996 novis,
1418 1967 1534 1989 verum
1557 1956 1720 1999 simplicia
1748 1968 1878 2000 quoque
1902 1957 2043 1998 compli-

570 2016 650 2050 catis
670 2016 901 2060 anteponenda
920 2025 992 2047 esse
1016 2014 1125 2056 jubet,
1150 2023 1252 2056 quam
1271 2012 1545 2045 commendamus
1558 2038 1567 2053 ,
1592 2015 1671 2045 artis
1694 2015 1897 2056 simplicitas,
1946 2014 2044 2057 Qua-

567 2080 720 2117 propter,
746 2079 782 2106 ut
804 2072 935 2105 illorum
953 2070 1049 2104 nobis
1065 2068 1285 2113 improbanda
1306 2068 1434 2101 videtur
1460 2069 1563 2109 ratio,
1588 2072 1644 2112 qui
1667 2071 1891 2103 remediorum
1914 2070 2044 2102 forinu-

568 2132 617 2164 las
646 2135 762 2163 amant
785 2128 1048 2173 sesquipedales,
1081 2136 1167 2170 quae
1193 2126 1221 2157 si
1252 2124 1336 2158 bene
1365 2125 1616 2168 responderint,
1646 2127 1725 2169 quid
1748 2138 1790 2160 ex
1819 2133 1912 2160 tanto
1937 2126 2045 2158 medi—

569 2188 739 2220 caminum
763 2197 905 2220 numero
935 2181 1116 2228 aegrotanti
1139 2181 1319 2225 profuerit,
1348 2181 1548 2216 morbumve
1578 2184 1763 2226 sustulerit,
1795 2183 1861 2217 dici
1887 2195 1955 2217 non
1980 2192 2044 2225 po-

569 2249 652 2285 test,
676 2245 724 2276 sie
748 2254 811 2276 nec
831 2243 955 2276 horum
985 2241 1070 2273 ratio
1101 2239 1267 2272 laudanda
1292 2244 1363 2280 est,
1387 2239 1465 2282 qui,
1489 2250 1567 2272 cum
1591 2250 1727 2272 omnem
1753 2241 1865 2273 salutis
1889 2250 1983 2282 spem
2008 2239 2043 2270 in

568 2299 741 2333 medicinis
765 2305 916 2343 ponant,
950 2295 1207 2330 saluberrimam
1238 2296 1328 2328 illam
1354 2296 1513 2339 negligere
1540 2297 1645 2329 solent
1676 2297 1802 2329 diaetae
1837 2296 2043 2335 doctrinam,

569 2366 671 2400 quam
699 2356 783 2388 tanti
805 2357 880 2388 fecit
908 2354 980 2396 ille,
1005 2356 1099 2396 cujus
1128 2362 1262 2385 summa
1293 2352 1383 2395 apud
1409 2363 1464 2384 ine
1492 2358 1542 2385 est
1568 2352 1767 2394 auctoritas,
1807 2363 2042 2393 nxrpocm‘rsss,

568 2418 607 2445 ut
630 2413 680 2446 vel
707 2411 772 2444 hac
797 2412 866 2444 sola
900 2421 1037 2443 omnem
1077 2410 1144 2442 fere
1179 2407 1339 2441 contineri
1375 2414 1551 2441 acutorum
1588 2410 1795 2441 curationem
1836 2410 2043 2442 existimasse

569 2469 731 2503 videatur.
778 2470 892 2509 Quare
918 2466 1090 2507 dolemus,
1114 2465 1178 2497 hac
1201 2466 1312 2498 nostri
1337 2470 1461 2506 aetate,
1485 2466 1520 2497 in
1544 2471 1637 2498 tanto
1661 2465 1942 2506 medicaminum,
1967 2465 2047 2508 quin

569 2527 758 2561 toxieorum
783 2527 916 2570 copiam
940 2525 1079 2569 augendi
1110 2524 1230 2558 ardore
1256 2535 1296 2557 ac
1322 2522 1454 2562 studio,
1486 2521 1574 2554 hanc
1602 2521 1669 2554 fere
1697 2523 1812 2566 negligi
1840 2522 1946 2556 victus
1977 2521 2045 2553 sive

570 2584 695 2617 diaetae
718 2584 905 2617 doctrinam
913 2607 923 2624 ,
947 2583 1041 2626 quasi
1059 2582 1194 2615 venenis
1209 2579 1432 2614 valetudinem
1449 2578 1576 2610 firmari
1599 2577 1800 2622 morbosque
1823 2577 1936 2611 sanari
1962 2587 2045 2621 pos-

570 2651 604 2673 se
627 2640 797 2674 crederent
823 2639 950 2681 nostri,
975 2637 1140 2671 alimentis
1165 2638 1318 2680 victuque
1345 2646 1413 2668 non
1434 2644 1542 2677 posse.

611 2697 742 2742 Quodsi
770 2708 811 2730 ex
835 2697 970 2730 veritate
997 2701 1173 2738 utramque
1203 2693 1421 2736 dijudicemus
1447 2691 1666 2732 medicinam,
1698 2691 1903 2734 videbimus,
1933 2691 2020 2725 illam
2034 2714 2044 2731 ‚

570 2765 655 2798 quae
678 2753 930 2786 medicamentis
951 2751 1073 2793 utitur,
1097 2751 1192 2792 huic,
1216 2761 1301 2793 quae
1320 2750 1409 2783 victu
1429 2753 1542 2788 curat,
1566 2758 1634 2780 11011
1658 2754 1788 2780 tantum
1806 2760 1874 2781 non
1894 2753 2045 2791 praesta-

571 2821 624 2852 re,
647 2820 764 2843 verum
786 2808 923 2842 minoris
941 2819 1071 2853 quoque
1088 2806 1279 2840 habendam
1297 2815 1371 2837 esse
1390 2802 1497 2847 pretii.
1544 2805 1633 2836 Nam
1653 2809 1689 2835 ut
1706 2805 1757 2836 illa
1779 2806 1848 2837 sine
1871 2805 1936 2837 hac
1953 2802 2042 2835 nulla

571 2865 720 2911 putanda
741 2871 807 2907 est,
830 2867 878 2899 sie
902 2866 990 2898 hanc
1012 2866 1119 2898 solam
1142 2860 1344 2907 gravissimis
1366 2860 1591 2894 valetudinum
1612 2860 1784 2902 generibus
1804 2869 2043 2904 saepenumero

572 2923 696 2955 mederi
722 2921 889 2955 novimus.
936 2921 1035 2964 Quod
1057 2921 1182 2954 nemini
1206 2921 1330 2951 mirum
1355 2917 1459 2951 videri
1483 2921 1609 2959 potest,
1640 2917 1697 2959 qui
1719 2916 1920 2960 cogitaverit,
1951 2914 2045 2947 diae-

572 2979 705 3013 teticam
732 2979 825 3011 alteri
850 2978 1031 3012 medicinae
1058 2975 1223 3021 duplicem
1250 2973 1385 3018 quidem
1406 2972 1449 3005 ob
1476 2983 1612 3005 causam
1639 2978 1826 3015 praestare,
1858 2978 1931 3004 tum
1956 2971 2043 3015 qual

571 3036 675 3079 magis
700 3040 839 3067 naturae
862 3034 1030 3067 humanae
1056 3035 1098 3066 sit
1121 3037 1363 3072 consentanea,
1385 3035 1459 3062 tum
1478 3028 1565 3071 quod
1587 3028 1727 3060 aliorum
1743 3028 1967 3061 remediorum
1986 3037 2047 3058 ae-

573 3093 619 3126 tio
638 3090 731 3126 brevi
755 3091 936 3125 admodum
955 3092 1088 3125 finiatur
1108 3089 1267 3133 temporis
1292 3087 1417 3131 spatio,
1445 3083 1618 3119 diaetetica
1645 3096 1724 3121 vero
1743 3085 1865 3120 auxilia
1885 3084 1926 3118 ad
1946 3092 2045 3115 omne

1966 3149 2045 3183 pfsl'f

1112 1136 1513 1169 ORATIO.
1700 1151 1702 1153 >
1904 1139 2039 1176 ‚15
