1919 2511
740 90 1194 134 ORATIO*
1648 127 1667 155 9

200 171 388 215 perstringit
420 171 544 206 ordinis
583 180 681 220 atque
713 179 860 215 methodi
894 194 998 228 usque
1030 186 1072 220 ad
1100 190 1366 232 superstitionem
1393 195 1557 230 studiosos
1590 198 1660 241 (1).

198 228 327 270 Legum
351 229 562 271 antiquarum
588 237 621 264 et
644 240 736 268 extra
763 237 917 271 Codicem
943 243 1131 284 vagantium
1163 247 1326 280 rationem
1350 248 1538 285 habendam
1567 253 1661 286 docet

195 280 231 314 in
258 274 460 324 explicandis
487 285 548 328 iis,
581 298 667 331 quae
698 293 928 327 auctoritatem
952 296 986 329 in
1015 298 1143 338 judiciis
1167 300 1301 335 habent.
1348 305 1556 341 Accnnsn
1581 319 1661 343 sen-

197 337 332 369 tentiam
364 340 514 383 corrigit,
545 344 602 386 qui
632 344 715 377 nihil
744 349 884 382 attinere
916 352 1073 386 censebat
1103 357 1238 389 veteris
1268 359 1370 393 chrl's
1400 363 1661 405 prolixitatem

195 393 362 427 revolvere
386 395 456 438 (2).
499 400 557 430 Jus
587 400 779 435 Romanum
805 403 848 444 ab
874 416 933 448 eo,
963 408 1050 450 quod
1077 409 1119 442 ab
1153 412 1384 457 interpretibus
1412 418 1447 451 in
1477 430 1576 454 usum
1604 423 1660 455 in-

192 447 332 482 ductum
353 451 415 493 sit,
446 451 616 496 diligenter
640 456 817 502 distinguit.
863 463 973 495 Verae
995 465 1271 510 jurisprudentiae
1293 473 1443 507 notitiam
1465 486 1533 510 non
1552 489 1570 510 a
1589 481 1660 521 jure

188 506 410 550 ,tustini-aneo,
441 510 499 543 sed
524 522 566 545 ex
584 515 713 558 scriptis
733 519 1031 558 Jureeonsultorum
1052 526 1265 566 repetendam
1284 529 1459 564 existimat.
1504 534 1660 568 Arbitra-

191 566 247 593 tur
265 564 372 605 enim,
418 577 436 598 ))
463 578 570 611 neque
595 579 776 614 umquam,
799 585 906 619 neque
931 587 1074 620 usquam
1094 573 1370 624 jmisprudentiae
1387 587 1533 621 studium
1553 593 1656 634 magis

190 630 208 650 ))
235 620 393 663 viguisse,
417 632 518 666 quam
543 626 633 668 apud
652 629 842 673 Romanos,
865 631 964 676 idque
985 637 1137 668 trecentis
1153 630 1214 670 illis
1234 641 1442 682 potissimum
1462 646 1576 686 annis,
1600 649 1655 690 qui

188 686 207 707 >2
233 686 253 707 a
277 681 444 720 tempore,
474 691 540 723 quo
565 681 607 714 ob
633 685 779 725 partium
797 686 1036 724 dissensionem
1058 696 1199 738 coeperit
1221 698 1343 730 iterum
1362 695 1443 744 reip.
1470 712 1530 745 per
1549 713 1656 738 unum

189 745 208 765 υ
238 734 382 777 consuli,
407 737 450 770 ad
472 750 675 774 oonnmm
699 745 849 777 Caesaris
872 753 1015 781 aetatem
1037 752 1255 785 numerentur
1278 753 1370 797 (5)⁷².

232 792 318 822 Cum
339 800 416 824 vero
435 794 477 825 ad
493 794 658 838 duplicem
676 797 744 831 fere
762 798 916 834 historica
931 804 1188 847 jurisprudentia
1207 809 1370 843 referatur
1387 818 1544 857 aetatem,
1568 827 1654 860 qua-

186 855 263 878 rum
285 847 386 880 attera
413 855 563 893 tempora
588 855 732 887 continet
753 859 937 891 Justiniano
957 861 1163 904 antiquiora,
1195 864 1296 898 altera
1322 877 1400 901 vero
1423 868 1653 914 jurispruden-

185 902 267 935 tiam
283 906 592 947 postjustinianeam
613 911 858 955 complectitur,
882 914 945 947 dici
969 915 1025 950 vix
1049 924 1174 961 potest,
1199 926 1307 954 utram
1329 923 1389 956 sibi
1404 927 1570 960 'notiorem
1588 929 1654 962 ha-

185 957 305 992 buerit.
353 961 586 997 Theodosiano
612 967 748 1009 Codice,
773 971 946 1004 Sententiis
969 974 1064 1019 Pauli
1085 980 1117 1006 et
1137 977 1289 1018 Epitome
1309 969 1557 1027 institutionum
1576 985 1652 1027 Gaji

184 1024 266 1047 usus
293 1021 360 1058 est,
385 1017 443 1049 sed
466 1020 517 1051 usi
536 1027 616 1053 sunt
633 1021 684 1054 his
703 1023 794 1057 libris
812 1025 866 1058 alii
887 1038 1018 1071 quoque
1035 1029 1134 1072 hujus
1158 1034 1272 1065 aetatis
1294 1036 1518 1076 jureconsulti.
1563 1042 1649 1074 Prae

183 1072 299 1104 ceteris
325 1083 402 1106 vero
431 1074 619 1118 perceptam
649 1074 765 1113 habuit
790 1084 1070 1118 Constitutionum
1097 1089 1309 1130 Imperatoris
1329 1091 1451 1125 Leonis
1475 1093 1550 1136 (4),
1588 1099 1648 1130 In-

180 1131 363 1169 terpretum
392 1130 617 1175 Graecorum,
651 1134 835 1179 Theodori,
866 1138 1055 1182 Thalalaei‚
1085 1142 1260 1185 Stephani,
1291 1145 1451 1194 aliorum,
1482 1149 1643 1185 notitiam.

179 1183 320 1216 Basilica
337 1190 369 1217 et
386 1187 588 1229 explicandis
606 1190 685 1224 locis
706 1192 942 1228 difficilioribus
957 1195 1028 1239 ipse
1047 1197 1204 1240 adhibet,
1223 1205 1256 1232 et
1270 1202 1416 1235 maxime
1431 1203 1511 1236 alios
1529 1216 1645 1241 eorum

179 1247 279 1270 usum
302 1239 416 1274 edocet
439 1243 506 1286 (5).
554 1246 617 1278 Sed
641 1248 748 1290 nulla,
773 1260 833 1282 cur
851 1252 886 1284 in
910 1251 975 1284 hac
994 1255 1142 1287 oratione
1163 1255 1298 1289 honoris
1318 1259 1418 1291 causa
1434 1262 1643 1306 nominetur,

177 1295 284 1337 potior
297 1291 392 1330 *ratio
416 1305 483 1341 est,
513 1311 615 1344 quam
640 1302 729 1348 duod
748 1308 876 1349 primus
899 1308 1135 1352 Theophilinos
1157 1306 1405 1347 Institutionum
1430 1309 1645 1365 Commenta-

178 1351 263 1392 rios,
288 1358 320 1385 et
341 1355 427 1395 justo
449 1357 554 1398 pretio
577 1360 778 1404 aestimavit,
803 1369 835 1396 et
857 1375 936 1398 cum
958 1365 1038 1399 orbe
1059 1367 1199 1401 litterato
1222 1372 1477 1406 communicavit
1501 1373 1579 1415 (6ss

184 1423 185 1426 ¹
221 1409 283 1442 Est
308 1409 397 1444 enim
420 1411 461 1444 A.
477 1412 518 1445 A.
534 1414 580 1447 H.
597 1416 660 1449 H..'
700 1422 736 1451 ut
767 1418 983 1464 meministis,
1009 1421 1108 1465 huJus
1133 1425 1368 1460 commentarii
1394 1426 1449 1477 illa
1473 1430 1573 1473 ratio,
1605 1439 1642 1467 ut

881 1469 884 1475 ¹
1056 1474 1078 1477 ‘v
1341 1476 1355 1489 '¹
1569 1488 1637 1524 non

217 1555 270 1585 (ι)
287 1553 324 1578 Cf.
341 1555 491 1580 chnvs
507 1556 628 1588 1.1.§.10.
644 1569 700 1593 pa.

185 1594 187 1596 ’
211 1598 260 1626 (2)
277 1598 312 1623 Ιι),
328 1598 363 1621 acl
376 1601 396 1627 s.
412 1608 432 1625 1.
450 1601 505 1627 Inst.
517 1603 565 1628 eod.
584 1604 603 1631 S·
618 1613 637 1630 1.
659 1613 682 1636 p.
693 1614 717 1636 9-
856 1633 858 1636 .

214 1639 270 1670 (3)
285 1645 313 1666 ln
329 1644 353 1664 in
364 1644 439 1672 praes,
453 1645 506 1670 edit.
526 1646 627 1674 Theoph,
641 1650 677 1671 ad
695 1649 800 1674 (arolnm
815 1651 844 1680 V,
868 1659 893 1684 p,
902 1661 923 1680 π,

197 1694 200 1697 -
215 1683 252 1711 (4
263 1684 277 1713 )
294 1684 392 1708 Causam
410 1687 555 1711 laudatarum
575 1691 666 1722 saepius
686 1693 772 1717 Leonis
789 1694 938 1719 Novellarum
949 1712 957 1724 ,
971 1704 1031 1728 quae
1049 1701 1127 1721 tamen
1149 1698 1311 1724 auctoritatem
1332 1700 1356 1725 in
1373 1703 1469 1734 judieii:
1491 1713 1539 1730 non
1551 1707 1628 1731 'habc-

183 1730 236 1748 rent
248 1741 255 1753 ,
275 1728 381 1751 reddidit
394 1729 497 1753 hancce:
513 1732 578 1763 quod
592 1741 641 1756 non
659 1735 765 1765 videret,
782 1745 825 1761 cur
841 1739 865 1761 in
878 1740 1027 1771 antiquarum
1043 1740 1122 1771 legum
1142 1742 1263 1767 intellectu
1282 1745 1336 1776 plus
1352 1746 1490 1772 scholastico
1506 1750 1575 1774 alicui
1591 1752 1629 1774 in·

181 1769 278 1799 terpreti
291 1785 298 1798 ‚
323 1778 393 1801 quam
413 1775 577 1804 Imperatoriae
596 1778 757 1803 constitutioni
768 1782 918 1808 tribueretur.
950 1783 1006 1809 Vid.
1019 1781 1155 1812 'Commoda
1172 1786 1206 1808 ud
1227 1789 1247 1816 §-
1262 1793 1283 1812 Ι.
1306 1789 1363 1814 Ima.
1377 1790 1437 1821 quib.
1452 1793 1513 1816 mod.
1529 1799 1576 1820 test,
1592 1797 1625 1817 in-

172 1809 240 1840 fima.
262 1812 314 1838 §.3.
337 1822 361 1845 p.
380 1817 429 1841 161.

218 1855 262 1885 (5)
282 1856 317 1879 lla
335 1865 357 1882 v.
376 1866 411 1886 c.,
431 1860 461 1883 ad
476 1862 498 1890 S.
510 1869 531 1886 2.
553 1865 607 1886 Inst.
622 1863 650 1886 de
664 1866 725 1895 inoff.
745 1870 793 1890 test.
819 1868 840 1897 ς.
853 1874 875 1894 2.
895 1876 920 1900 p.
938 1874 996 1900 177,
1023 1869 1169 1894 Graecorum
1188 1872 1349 1904 interpretatio
1366 1875 1411 1907 ipsi
1430 1877 1573 1908 probabilior
1590 1881 1624 1903 vi-

185 1904 210 1919 na
229 1902 279 1927 est,
300 1901 362 1930 «qui
384 1902 409 1924 in
429 1906 685 1937 Constantinopolitano
702 1909 781 1932 schola
799 1911 885 1934 eruditi
904 1920 973 1935 veros
994 1912 1074 1944 legum
1089 1922 1187 1943 sensus,
1208 1923 1252 1947 per
1271 1925 1353 1941 manus
1369 1927 1382 1942 a
1403 1921 1529 1952 majoribus
1546 1931 1626 1956 accop-

182 1950 193 1960 ι
209 1945 244 1963 tos
254 1957 262 1969 ‚
280 1943 372 1974 scriptis
388 1953 483 1978 quoque
500 1956 549 1971 non
569 1949 719 1979 indiligenter
735 1953 901 1978 tradiderint.”

215 1984 273 2016 (6)
289 1986 401 2020 Princeps
419 1990 546 2023 'lheophili
565 1992 639 2017 editio
657 1999 692 2018 est
712 1995 850 2021 Basileensis
870 2006 901 2022 ex
918 1998 1017 2023 officina
1037 1999 1184 2026 Frobenianfi
1199 2003 1294 2033 &1534
1343 2017 1346 2019 Δ

1029 2062 1057 2093 Β
