1919 2511
357 202 377 231 6
899 195 1262 227 SERIES

444 287 498 318 De
519 284 600 317 Arte
617 283 812 316 Homiletica
828 287 859 315 et
875 282 971 314 Curis
997 280 1221 314 Pastorafibus
1238 285 1327 324 aget,
1351 280 1402 313 die
1423 279 1603 323 Mercurii,
1625 279 1708 314 hora
1727 283 1804 315 XII.

449 342 620 374 Oratoriae
639 343 757 373 Sacrae
776 340 935 373 exercitiis
952 339 1114 382 praeerit,
1139 337 1189 371 die
1209 337 1383 379 Mercurii,
1407 336 1491 369 hora
1510 340 1537 370 Ι.

444 397 641 441 Disputandi
663 397 816 430 exercitia
838 394 1064 428 moderabitur
1090 394 1168 428 horai
1188 394 1393 428 auditoribus
1414 393 1601 427 commoda.

359 457 400 488 N.
425 458 461 488 C.
485 456 627 495 KIST,
650 453 820 486 Professor
843 451 1154 493 Extraordinarius,
1187 452 1369 484 Historiam
1394 451 1661 485 Ecclesiasticam
1691 450 1820 485 docebit

402 511 615 543 recentiorem
629 534 638 551 ,
661 509 776 542 diebus
795 509 951 542 Mercurii
975 513 1007 540 et
1024 508 1182 550 Veneris,
1208 508 1290 541 hora
1308 511 1335 541 Ι.

442 567 643 608 Dogmatum
670 564 931 598 Christianorum
953 563 1125 598 historiam
1145 564 1271 607 tradet,
1295 564 1347 598 die
1369 566 1487 598 Lunae
1514 563 1596 597 hora
1614 568 1631 599 I
1652 570 1686 599 et
1707 566 1822 599 Vene-

486 621 550 662 riS,
572 620 654 654 hora
674 624 735 655 XI.

358 723 693 763 FACULTAS
744 726 1264 763 DISCIPLINARUM
1314 725 1818 763 MATHEMATICA-

713 787 846 824 RUM
898 788 975 823 ET
1026 786 1458 825 PflYstcARUM.

359 899 392 929 s.
426 899 674 930 SPEYERT
702 911 784 932 vin
813 910 892 931 nnn
920 899 1032 931 EYK
1062 896 1492 938 Mathesin2sublimiorem
1524 895 1680 942 docebit,
1703 898 1819 933 diebus

400 953 516 984 Lunae
538 958 569 984 et
592 953 769 994 Mercurii,
795 953 877 986 hora
894 954 922 987 I.

443 1007 619 1051 Physieam
634 1032 645 1050 ‚
676 1010 907 1052 experimentis
933 1009 1128 1042 illustratam
1148 1034 1158 1051 ,
1187 1008 1294 1043 tradet
1310 1034 1321 1052 ,
1353 1009 1468 1044 diebus
1495 1013 1613 1045 Lunae
1632 1036 1643 1053 ,
1672 1009 1791 1043 Martis
1810 1035 1819 1051 ,

442 1065 598 1097 Mercurii
621 1071 652 1098 et
676 1068 763 1100 Jovis
778 1091 787 1107 ,
813 1066 894 1099 hora
914 1069 990 1099 XII.

358 1122 394 1152 C.
424 1121 619 1152 EKAMA
648 1121 887 1156 demonstrabit
907 1121 1075 1155 Mathesin
1091 1145 1102 1164 ,
1134 1121 1249 1155 diebus
1276 1124 1413 1162 Lunae,
1440 1124 1579 1165 Marti8‚
1603 1122 1762 1156 Mercurii
1791 1128 1822 1155 et

398 1176 483 1210 Jow's
494 1200 504 1217 ‚
529 1175 612 1208 hora
624 1179 719 1211 VHL·

439 1231 687 1265 Astrouomiam
707 1234 917 1277 popularem,
940 1233 1056 1266 diebus
1074 1234 1193 1266 Martis
1214 1239 1246 1267 et
1262 1234 1348 1268 Iovis
1359 1259 1370 1275 ‚
1393 1233 1475 1267 hora
1495 1238 1540 1268 X.

440 1286 618 1330 Physieam
638 1289 929 1332 Mathematicam,
953 1290 1070 1323 diebus
1090 1293 1208 1323 Lunae
1225 1295 1256 1323 et
1275 1290 1454 1333 Mercurii,
1477 1290 1560 1324 hora
1576 1293 1623 1325 X.-

443 1343 708 1387 Astronomiam,
732 1346 848 1378 diebus
866 1347 984 1379 Martis
1005 1352 1036 1380 et
1052 1347 1138 1381 Jovis
1151 1371 1160 1388 ,
1184 1347 1266 1380 hora
1285 1350 1346 1382 XI.

444 1400 669 1433 Geometriam
689 1403 886 1445 applicatam
898 1427 908 1445 ,
932 1403 1048 1436 diebus
1071 1408 1103 1436 et
1123 1403 1213 1436 horts
1233 1403 1388 1447 deinceps
1406 1404 1603 1437 indicandis·

354 1454 395 1484 G.
420 1454 469 1485 W
476 1456 777 1490 TTEWAALL
802 1458 1040 1492 Oeconomiam
1061 1461 1218 1493 Ruralem
1239 1462 1386 1504 docebit,
1417 1463 1532 1495 diebus
1548 1466 1666 1496 Lunae
1683 1468 1714 1496 et
1729 1464 1823 1495 Mer-

401 1508 504 1550 curii,
527 1509 609 1542 hora
632 1514 658 1542 Ι.

361 1566 396 1595 C.
421 1565 464 1597 G.
492 1567 527 1598 C.
552 1567 885 1600 REINWARDT
911 1568 1097 1602 Chemiam
1127 1576 1163 1604 et
1189 1573 1323 1605 Artem
1347 1570 1699 1605 Pharmacezcticam
1723 1572 1824 1605 doce-

401 1622 468 1664 bit,
492 1623 605 1656 diebus
625 1627 760 1668 Lunae,
783 1627 925 1671 Martis,
949 1629 1108 1664 Mercurii
1126 1635 1158 1663 et
1173 1629 1282 1670 JoviS,
1304 1628 1387 1661 hora
1407 1630 1467 1661 XI.

444 1681 514 1711 Rea
544 1681 756 1715 Herbarlae
779 1683 994 1719 fundamenta
1017 1687 1141 1727 tradet,
1164 1686 1282 1720 diebus
1303 1689 1420 1720 Lunae
1440 1690 1473 1719 et
1490 1685 1672 1727 Mercurii,
1695 1684 1777 1718 hora
1797 1689 1821 1719 Ι.

445 1735 669 1769 Ρίαηιαναηι
697 1738 907 1774 Historiam
936 1742 1108 1776 illustrabit
1135 1754 1236 1778 verno
1264 1748 1295 1776 et
1321 1743 1443 1777 aestivo
1480 1747 1628 1786 tempore
1662 1743 1823 1776 matutino

489 1790 570 1824 hora
595 1794 670 1826 VII.
1264 1795 1265 1798 ’

445 1846 652 1881 Historiam
671 1853 891 1886 Naturale-m
911 1861 1073 1898 exponet,
1097 1856 1213 1890 diebus
1236 1856 1353 1890 Martis
1375 1863 1407 1890 et
1429 1856 1517 1891 Jovis
1529 1882 1539 1899 ,
1562 1856 1644 1891 hora
1666 1861 1694 1891 Ι.

365 1904 378 1934 I
405 1913 453 1933 DE
476 1904 704 1947 GELDER,
729 1908 817 1941 Prof.
836 1911 1030 1951 Extraord.‚
1051 1912 1238 1956 designatus
1265 1912 1358 1947 Prof.
1378 1913 1585 1954 ordinarius,
1610 1914 1821 1948 demonstra-

406 1956 454 1989 bit
473 1958 657 2001 Mathesin,
681 1961 795 1995 diebus
816 1967 953 2008 Lunae,
975 1967 1115 2010 Martis,
1139 1970 1299 2007 Mercurii
1319 1974 1350 2002 et
1371 1971 1480 2012 Jovis,
1503 1969 1587 2003 hora
1603 1972 1697 2003 VIII.

449 2013 631 2056 Explicahit
649 2018 945 2061 'Frigonometriam
965 2023 1166 2057 rectilineam
1191 2031 1223 2058 et
1241 2025 1448 2068 sphaericam
1460 2050 1470 2068 ,
1493 2027 1536 2059 ad
1557 2026 1800 2071 Geographiam
1813 2053 1823 2069 ,

492 2070 757 2160 estronomiam,
790 2080 822 2108 et
839 2077 954 2111 Artem
980 2078 1156 2124 navigandi
1177 2080 1397 2125 applicatam,
1429 2084 1546 2115 Lunae
1560 2106 1571 2125 ‚
1600 2083 1760 2118 Mercurii
1793 2090 1825 2116 et

523 2134 648 2169 eneris,
682 2138 754 2163 lora
775 2132 803 2163 Ι.
911 2136 913 2138 ’

1755 2196 1828 2228 Cal-
