1919 2511
501 114 1134 151 ARLOCUTLQ.
1525 117 1546 147 5

556 234 688 258 1³⁰le
702 231 793 256 UzA
814 229 962 264 sequens
980 223 1059 253 est:-

106 343 132 365 »·
154 332 274 363 Testor
291 330 405 362 Deum
423 326 783 370 omnipotentemrme
798 323 834 356 in
852 322 1008 356 curandis
1019 320 1132 366 'aegris
1143 346 1153 364 ‚
1177 320 1322 355 diaetam
1343 321 1471 364 aliaque
1488 330 1541 353 re-

65 399 85 421 »
111 386 239 428 media,
263 389 425 429 quantum
441 383 562 427 ingenii
587 381 710 416 viribus
730 390 908 423 assequar,
931 390 975 412 ex
995 378 1076 412 artis
1092 378 1211 422 regulis
1233 377 1277 411 ad
1294 376 1537 422 aegrotantium

64 456 82 477 »
110 443 251 476 salutem
273 447 306 474 et
329 439 544 474 commodum
573 437 887 471 commendaturum
898 449 916 477 ς»
938 446 1000 469 nec
1017 446 1136 480 prece,
1160 447 1222 469 nec
1248 436 1352 479 pretio
1372 435 1477 470 aliave
1497 435 1538 468 dc

64 512 89 534 )›·
110 500 211 533 causa
233 499 456 543 pharmacum
479 495 617 530 noxium
646 496 801 538 cuiquam
823 494 1098 538 propinaturum,
1122 504 1184 526 nec
1204 492 1356 536 gravidae
1384 491 1539 525 abortum

60 567 80 590 »
105 561 375 600 procuraturum.
425 553 548 587 Audita
567 552 618 587 vel
635 552 706 586 visa
721 549 807 583 inter
834 549 1020 583 curandum
1033 573 1043 591 ‚
1061 550 1125 582 nisi
1142 548 1356 592 Reipublicae
1374 559 1413 581 ea
1429 547 1538 581 efferri

60 626 78 648 »
105 615 253 655 intersit),
277 613 406 646 silentio
421 621 700 655 suppressurum3
723 609 759 640 in
783 605 938 639 examine
959 611 1072 639 autem
1089 605 1210 638 forensi
1231 605 1274 638 ad
1289 605 1433 648 judicem
1453 605 1536 638 fide-

62 682 80 704 υ
108 671 182 703 liter
197 670 403 710 relaturum,
421 667 501 712 quid
521 673 633 701 actum
643 691 663 708 ‚.
677 666 755 710 quid
773 670 941 709 repertum
957 666 1014 705 sit3
1038 664 1126 697 etde
1144 663 1253 697 indole
1271 664 1350 697 mali
1371 675 1412 697 ex
1432 664 1535 697 animi

61 740 79 762 »
107 728 269 761 sententia
294 727 439 770 religiose
463 726 769 769 pronuntiaturum.
818 724 862 755 Et
885 723 920 754 in
941 721 992 754 his
1022 720 1178 754 omnibus
1207 720 1341 764 pietati,
1366 719 1531 754 honestati

60 795 85 819 >22
107 790 140 818 et
159 784 380 818 conscientiae
398 782 575 826 integritati
590 791 728 824 operam
745 780 940 812 daturum?

103 854 121 876 n
150 844 245 874 Haec
268 840 298 874 si
327 841 455 873 sincere
482 837 676 883 praestitero
689 862 699 880 ‚
722 847 786 870 nec
810 834 919 869 sciens
943 835 1086 869 fefellero
1098 860 1118 878 ,Δ
1131 835 1214 869 Ε61ἰΧε
1236 834 1320 868 mihi
1338 844 1398 878 per
1420 837 1533 869 Deum

61 910 79 934 >›
106 896 179 934 vita.
197 903 228 931 et
244 907 299 931 ars
313 899 432 930 esto&

103 1011 232 1054 Quodsi
256 1010 361 1045 animi
384 1011 433 1044 tui
455 1008 709 1043 talissententia
733 1008 793 1049 sit,
817 1007 908 1040 elatis
929 1005 1059 1039 duobus
1084 1004 1253 1049 prioribus
1278 1003 1384 1049 digitis
1410 1014 1532 1037 manus

55 1068 213 1112 dextrae,
236 1068 292 1102 hic
307 1066 589 1112 publicessoram
606 1064 885 1108 omnibus‚,11aec
901 1064 1094 1108 pronunties
1116 1061 1237 1098 verba:
1262 1065 1328 1095 Ita
1349 1071 1406 1094 me
1424 1064 1526 1095 Deus

46 1127 187 1171 juvet!>¹

102 1185 181 1228 Quo
197 1185 266 1226 jam
282 1185 441 1225 peractor
454 1180 543 1213 hanc
563 1180 765 1213 cathedram
783 1180 913 1223 linquas
933 1184 1030 1222 atque
1053 1176 1095 1210 ad
1111 1187 1166 1209 me
1194 1175 1344 1209 accedas
1359 1175 1394 1208 in
1419 1173 1531 1207 locum

55 1241 148 1274 hunc
163 1239 415 1272 eminentiorem
428 1262 437 1279 ‚
462 1245 528 1280 quo
548 1239 668 1278 nemo)
685 1237 750 1270 nisi
770 1246 928 1280 suprema
943 1238 1077 1268 Laurea
1093 1234 1255 1275 donatus,
1279 1238 1336 1265 aut
1357 1231 1531 1265 donandus

54 1295 259 1337 admittitur,
289 1293 379 1327 unde
403 1291 577 1334 omnihus,
610 1292 692 1325 dum
718 1291 854 1326 honoris
879 1292 1005 1326 summi
1027 1291 1112 1325 bene
1139 1290 1259 1323 merita
1281 1288 1424 1332 accipias
1455 1287 1523 1330 pri-

54 1352 166 1397 vilegia
180 1357 278 1395 atque
295 1349 434 1393 insignia
443 1374 454 1392 ‚
478 1348 712 1393 conspiciaris„

98 1464 201 1508 Quod
221 1466 331 1508 itaque
354 1463 504 1505 honum,
527 1462 605 1496 felix
630 1468 662 1495 et
681 1467 794 1496 ratum
818 1472 890 1494 esse
915 1465 1009 1494 Deus
1030 1459 1169 1503 jubeat}
1528 1501 1532 1502 ⁷

97 1526 165 1556 Pro
178 1527 338 1566 potestate
354 1519 452 1554 nobis
474 1530 633 1553 concessa
657 1530 700 1552 ex
723 1519 926 1552 Auctoritate
948 1529 1101 1550 RECTORIS
1125 1529 1296 1551 MAGNIFICI
1318 1522 1417 1561 atque
1439 1517 1525 1550 Am—·

53 1580 192 1625 piissimi
212 1580 351 1610 Senatus
374 1575 565 1609 Academici
587 1586 761 1609 consensu·
777 1582 808 1609 et
833 1574 1038 1608 Nobilissimi
1068 1575 1203 1608 Ordinis
1225 1575 1346 1609 Medici
1371 1574 1524 1615 decreto,

52 1638 140 1681 Ego,
163 1645 352 1668 :ammanus
373 1645 473 1665 smon
493 1645 538 1665 mx
565 1644 640 1674 rm,
669 1633 708 1665 A.
729 1635 770 1665 L.
791 1634 841 1665 M.
864 1631 1050 1664 Medicinae
1068 1636 1100 1663 et
1121 1630 1354 1675 Philosophiae
1377 1633 1522 1672 Doctor‚

53 1699 151 1738 atque
167 1693 204 1725 in
224 1691 289 1725 hac
304 1689 486 1723 Academia
508 1688 698 1722 Medicinae
722 1687 896 1723 Professor
918 1686 1116 1722 ordinarius
1132 1693 1164 1720 et
1181 1687 1225 1721 ad
1242 1687 1333 1720 hunc
1346 1692 1458 1720 actum
1476 1686 1525 1718 le-

50 1749 161 1794 gitime
180 1748 368 1792 designatus
385 1749 581 1788 Promotor,
605 1748 655 1779 Te

253 1861 548 1896 JOHANNEM
580 1859 961 1893 CHRISTIANUM
992 1848 1307 1899 nomentan,-

505 1929 803 1951 MEDIO-BURGO
832 1929 1065 1959 ZELANDUM,

50 2033 236 2067 Medicinae
260 2036 442 2067 Doctorern
464 2033 559 2076 dico,
584 2044 660 2073 creo
674 2057 683 2075 ,
712 2032 892 2076 pronuntio
916 2037 948 2064 et
966 2031 1152 2076 proclamo!
1200 2033 1255 2064 Do
1277 2030 1354 2064 Tibi
1374 2030 1514 2063 samita-⁴

50 2095 118 2123 tem
134 2089 335 2124 Cathedram
351 2093 538 2125 Doctorum
553 2089 796 2124 conscendendi
813 2095 845 2122 et
863 2088 903 2122 de
926 2086 1095 2121 Medicina
1120 2087 1361 2132 respondendi,
1384 2088 1413 2119 si
1429 2096 1513 2130 quae

742 2149 770 2178 A
791 2149 812 2179 5
1464 2143 1514 2175 le-
