1919 2511
321 134 367 167 24·
649 134 985 169 GERARDI
1034 135 1466 171 SANDIFORT

320 226 457 259 avulsus
480 236 499 258 a
517 225 642 269 patriae
667 238 768 270 eura,
791 230 852 262 Vir
870 230 1084 262 clarissimus
1104 240 1304 261 JOHANNES
1327 240 1526 262 mnemon
1550 240 1766 263 remmam.

388 283 475 323 Quis
494 284 675 326 Vestrum,
702 285 791 317 A.A.
814 287 934 327 H.H.‚
965 297 1097 319 mecum
1116 298 1183 319 non
1198 286 1389 331 obstupuit,
1413 298 1516 331 quum
1533 287 1696 320 matutino
1715 291 1799 319 tem⁴

323 349 404 383 pore
435 339 525 382 diei,
564 341 619 383 qui
658 342 834 384 vigesimus
864 348 933 375 erat
965 341 1090 376 mens-is
1121 344 1219 385 Julii,
1255 343 1393 384 (eodem
1422 343 1489 376 fere
1518 343 1594 385 ‹l-ie,
1628 353 1694 386 quo
1721 347 1800 375 ante

324 396 468 439 quinque
498 406 603 429 annos
619 421 628 438 ,
651 396 740 429 fatali
769 398 913 441 quadam
941 400 1039 431 sortis
1067 399 1298 441 similitudine,
1323 411 1344 432 e
1369 401 1436 434 vita
1466 400 1662 433 discesserat
1684 408 1796 429 nnuc·

322 463 489 483 mliusws
502 456 535 497 ,)
559 455 763 486 tristissimus
784 466 825 487 ex
853 454 1032 498 improviso
1054 457 1196 488 nuncius
1221 455 1466 499 divulgabatur,
1482 466 1550 488 uno
1574 453 1669 499 quasi
1687 452 1797 487 fulmi-

320 507 374 541 nis
397 509 465 542 ictu
496 521 513 542 e
531 511 597 544 vita
625 516 775 553 ereptum
798 521 869 544 esse
891 512 1010 544 Virum
1033 511 1282 545 celeberrimum
1296 538 1304 554 ‚
1329 514 1492 556 optimum
1515 513 1641 556 patriae
1668 511 1796 552 civem,¹

320 562 420 605 hujus
451 565 650 598 Academiae
676 566 776 599 decus
806 572 838 599 et
863 573 1121 610 ornamentum,
1143 570 1198 612 qui
1220 579 1323 613 genus
1343 579 1447 604 suum
1473 574 1506 603 et
1528 568 1679 602 ordinem
1702 566 1796 602 omni

321 620 422 652 modo
446 621 596 654 ornabat.

386 678 492 709 Natus
515 684 585 710 erat
603 679 862 723 Amstelodami,
887 682 939 715 die
965 683 1120 727 vigesimo
1137 688 1230 716 sexto
1253 683 1393 727 Aprilis,
1418 693 1507 716 anno
1532 681 1712 725 superioris
1735 688 1792 714 se-v

324 731 387 763 culi
411 736 651 777 septuagesimo
676 742 780 769 sexto.
825 738 853 769 A
876 737 993 780 puerili
1023 746 1129 773 aetate
1153 743 1221 783 jam
1251 744 1319 784 jam
1347 742 1447 774 alacri
1468 739 1598 784 ingenio
1620 738 1789 783 praedito,

321 788 355 818 in
376 787 545 821 literarum
568 790 805 824 humaniorum
834 794 951 825 studiis
974 796 1022 826 uti
1051 797 1114 838 ipsi
1139 797 1270 839 contigit
1296 803 1530 840 praeceptore,
1552 797 1637 830 Viro
1660 794 1791 827 Doctis-

320 843 405 876 simo
425 854 500 875 VAN
524 855 722 879 OMMEREN.
769 849 898 881 Deinde
916 850 950 882 in
969 851 1084 884 illustri
1100 851 1270 884 Athenaeo
1289 853 1586 885 Amstelodamensi
1603 852 1705 892 haec,
1729 859 1792 883 nec

320 910 389 932 non
425 901 545 945 reliqua
579 904 687 936 studia
719 904 947 948 philosophica
966 931 975 947 ,
1012 907 1148 950 perfecit
1179 907 1321 940 ducibus
1351 917 1667 939 erTENnAcnio
1691 911 1791 950 atque

319 966 568 1000 swmnemo,
593 959 682 993 Viris
708 961 925 1003 clarissimis,
949 973 1092 1005 quorum
1121 965 1257 996 nomina
1286 964 1477 1005 sufficiunt,
1502 970 1539 996 ut
1567 963 1632 995 sibi
1651 963 1790 1006 quisque

318 1023 516 1057 persuasum
539 1015 682 1060 habeat,
707 1029 923 1049 KEMPERUM
947 1025 1101 1053 nostrum
1127 1029 1205 1055 vero
1228 1019 1454 1064 philosophiae
1478 1019 1590 1053 studio
1617 1017 1789 1051 imbutum

315 1069 429 1104 fuisse.

384 1127 596 1163 solidissimis
615 1130 704 1164 hisce
723 1131 946 1166 fundamentis
965 1138 1071 1166 totum
1084 1136 1102 1166 J
1105 1133 1366 1177 urisprudentiae
1382 1133 1530 1168 studium
1546 1130 1787 1177 superstruxiti

318 1183 407 1225 quod
425 1182 460 1218 in
485 1187 602 1219 eodem
624 1187 818 1231 Athenaeo,
842 1190 975 1222 triennii
1000 1190 1106 1232 spatio
1120 1214 1130 1231 ,
1155 1189 1293 1225 absolvit
1317 1202 1356 1224 ea
1379 1191 1507 1223 ratione
1524 1214 1534 1232 ‚
1566 1195 1604 1222 ut
1631 1187 1791 1222 celeber-

315 1238 422 1272 rimus
446 1252 514 1272 nm
526 1254 543 1274 n
554 1255 586 1274 ιε
599 1254 639 1274 us
663 1255 680 1275 c
691 1255 958 1277 owsTANTmns
982 1256 1077 1278 ans
1095 1257 1173 1280 eum
1191 1248 1277 1282 inter
1290 1248 1592 1292 praestantissimos
1608 1244 1789 1289 discipulos

318 1294 468 1337 primum
492 1310 657 1344 occupare
678 1302 788 1335 locum
814 1303 1016 1346 gloriaretur.

382 1353 520 1387 Talibus
543 1363 674 1399 praeter
699 1358 778 1390 alios
800 1359 1068 1403 praeceptoribus
1089 1371 1189 1403 usus,
1212 1360 1294 1393 tales
1314 1361 1464 1395 doctores
1487 1372 1556 1395 non
1569 1365 1700 1393 tantum
1716 1368 1783 1391 aud

312 1404 427 1449 diens,
450 1410 508 1442 sed
533 1422 668 1446 omnem
703 1424 820 1447 eorum
843 1415 1028 1448 doctrinam
1054 1417 1089 1449 in
1116 1427 1255 1450 succum
1283 1423 1315 1450 et
1341 1417 1536 1460 sanguinem
1568 1421 1783 1454 convertens,-

314 1472 418 1504 q'uam
447 1476 563 1499 omnes
595 1468 636 1501 de
666 1475 799 1504 matura
827 1472 899 1513 ejus
916 1471 1100 1505 eruditione
1123 1482 1216 1516 spem
1241 1479 1479 1516 conceperant,
1503 1484 1578 1506 eam
1597 1483 1666 1506 non
1683 1470 1784 1503 modo

313 1518 479 1562 implevit,
502 1523 560 1556 sed
582 1525 633 1557 vel
655 1527 832 1568 superavit.
1385 1566 1388 1569 .

381 1575 589 1610 Athenaeum
614 1580 920 1615 Amstelodamense
943 1594 1011 1617 non
1034 1586 1126 1628 prius
1145 1584 1336 1628 dereliquit,
1360 1595 1482 1629 quam,
1504 1585 1654 1628 praeside
1671 1587 1778 1617 Prae⁴

315 1635 448 1672 ceptore
473 1634 664 1669 Clarissimo
681 1660 692 1678 ,
720 1636 850 1680 publice
881 1638 1015 1672 defensa
1040 1640 1268 1672 dissertatione
1292 1639 1396 1683 (m),
1435 1641 1596 1684 eleganter
1625 1645 1658 1673 et
1681 1639 1777 1672 docte

315 1687 528 1732 conscripta:
559 1691 675 1724 deinde
704 1693 738 1725 in
772 1693 836 1726 hac
869 1695 1048 1728 Academia
1066 1720 1075 1737 ‚
1107 1707 1195 1728 anno
1225 1697 1404 1739 superioris
1438 1698 1542 1730 seculi
1569 1696 1784 1740 nonagesimo

316 1747 431 1784 sexto,
451 1747 539 1778 Juris
557 1749 735 1791 Utriusque
758 1751 886 1782 Doctor
903 1756 1032 1783 creatus
1059 1757 1107 1784 est
1129 1751 1206 1794 (n).

379 1800 549 1834 Curriculo
579 1803 778 1837 Academico
805 1804 941 1838 feliciter
970 1806 1121 1841 absoluto
1136 1833 1145 1850 ,
1177 1813 1275 1852 atque
1306 1809 1400 1841 omni
1426 1808 1573 1842 imbutus
1604 1808 1774 1850 doctrina;

311 1862 399 1895 quae
419 1866 487 1890 non
508 1857 607 1891 modo
626 1861 644 1891 J
648 1860 902 1895 urisconsultum
923 1868 1041 1906 ornat,
1063 1864 1125 1898 sed
1139 1866 1276 1899 omnino
1298 1864 1496 1909 requiritur,
1521 1870 1556 1899 ut
1579 1875 1618 1898 eo
1638 1866 1775 1898 nomine

1704 1920 1777 1965 (ὓς-ι

355 2033 412 2063 (m)
431 2036 457 2060 D.
475 2043 504 2062 πο
519 2039 627 2063 Octobris
644 2043 712 2071 ¹796.

350 2077 392 2106 (n
402 2081 415 2107 2
429 2080 458 2103 D.
476 2088 503 2111 ¹7
520 2084 628 2108 Octobris
646 2087 714 2116 ¹796·
735 2086 838 2112 defensis
851 2087 969 2114 'rhesibus
986 2090 1105 2119 Jun'dicin.
