1919 2511
273 70 504 103 RESPONSIO
532 78 575 101 AD
601 68 917 110 'QUAESTIONEM
945 68 1308 101 ASTRON'OMICAM.
1511 77 1545 106 19

72 166 127 192 ῃ.
152 157 264 188 Harum
293 154 474 196 functionum
500 153 586 190 hujus
611 154 656 182 vel
686 152 763 181 illius
787 152 1004 190 integratione,
1035 158 1149 196 tempus
1180 151 1318 180 transitus
1349 160 1470 188 prorsus
1501 151 1545 179 in-

37 216 188 246 notescet,
209 207 261 236 sed
285 206 376 235 variae
392 194 541 241 analyseos
559 203 707 238 methodi,
730 203 834 239 quibus
862 204 892 232 in
914 205 991 233 hunc
1016 202 1101 231 finem
1125 203 1195 230 usus
1220 211 1307 237 sum,
1328 203 1439 231 nullum
1466 202 1548 231 auxi-

35 265 109 295 lium
124 261 194 291 mihi
208 257 417 295 praebuerunt;
439 261 488 291 at,
507 255 638 291 quamvis
656 254 719 292 ipse
732 255 871 291 sentiam,
893 263 937 284 me
954 255 1006 284 hac
1023 254 1053 283 in
1070 262 1099 282 re
1110 246 1223 289 ingenio
1240 252 1378 285 deficere,
1402 260 1493 282 tamen
1513 261 1547 281 ex

39 313 138 345 multis
158 307 384 342 tentaminibus‚
407 315 478 342 quae
496 305 630 342 institui,
653 313 739 341 atque
760 315 795 335 ex
815 304 1103 335 commentationibus
1125 304 1252 333 virorum
1274 304 1447 338 illustrium,
1476 312 1547 339 quas

35 363 194 396 consuitii,
215 359 351 396 cogitatio
368 364 430 387 orta
448 364 510 392 est,
533 366 588 393 qua
605 357 765 386 dubitarem
782 357 958 393 aliquantum
970 378 980 392 ,
1001 357 1098 385 nullos
1116 356 1208 384 adhuc
1235 362 1365 391 repertos
1390 362 1452 382 esse
1469 355 1548 383 Ana-

31 408 136 454 ‘lyseos
152 413 249 441 fontes
260 431 270 446 ‚
288 418 307 438 ·e
325 409 430 445 quibus
448 408 513 437 talia
528 409 692 437 hauriantur
703 429 714 444 ,
737 417 809 444 quae
825 414 938 437 nostras
956 408 1157 437 differentiales
1181 406 1346 436 functiones
1370 412 1438 442 apto
1454 412 1481 433 et
1496 413 1544 441 ge-

35 465 126 499 netaii
140 464 226 493 modo
243 461 367 497 integras
392 460 522 488 reddant.
564 459 639 488 Nam
664 468 699 488 ex
714 459 839 496 ipsarum
860 459 1041 489 functionum
1062 466 1168 489 attenta
1181 458 1364 492 intuitione,
1392 456 1549 486 clai-Issime

36 523 134 556 patet,
151 523 200 544 eas
223 520 287 543 non
306 511 450 548 pertinere
469 511 506 539 ad
524 512 593 540 tales
613 510 794 540 functionum
813 510 941 546 formas,
964 519 1035 547 quae
1053 510 1205 547 praebeant
1228 509 1391 546 integralem
1417 507 1546 536 terminis

33 568 199 603 definitamg,
222 572 316 599 neque
342 564 402 592 ullo
420 563 505 591 modo
521 564 605 591 talem
625 561 745 591 formam
770 561 828 591 illis
850 562 968 591 induere
986 562 1089 600 potui,
1111 570 1183 598 quae
1209 560 1276 589 huic
1294 559 1447 596 proposito
1462 559 1547 588 satis·

33 637 157 675 faceret:
183 640 262 676 quod
280 638 400 667 maxime
422 637 491 667 oriri
508 637 657 667 videbatur
674 645 688 665 e
713 636 864 666 functione
879 637 994 667 radicati
1015 614 1099 698 V(1
1112 653 1147 659 -
1158 621 1267 689 πέδας.
1278 639 1301 673 φ
1312 634 1404 672 Cos.rp
1414 609 1525 694 -Ι-ἷέ)
1535 655 1546 671 ,

36 719 67 749 in
90 714 354 746 denominatoribus
383 713 545 750 praesenti3
579 722 677 743 revera
703 713 788 741 talem
819 711 933 747 quidem
961 712 1111 741 instituere
1142 719 1297 748 possumus
1320 708 1551 739 transformatio-

25 771 121 804 'nem,
149 775 205 803 qua
230 765 402 801 quantitates
434 765 594 793 irradicales
622 764 749 799 abeuntg.
781 764 832 792 sed
848 763 904 799 ipsi
931 763 1182 798 denominatores,
1204 771 1291 798 quum
1315 770 1351 790 ne
1382 761 1495 796 quidem
1517 759 1546 788 in

34 819 203 857 quadrat—um
219 816 360 852 quoddam
374 816 508 844 converti
523 815 637 851 possint
648 836 659 850 ,
680 815 736 844 nisi
756 821 901 843 mutentur
918 814 1107 850 quantitatum
1124 813 1318 842 constantium
1337 811 1481 846 rationes,
1504 810 1548 847 ip·

36 870 99 900 sius
114 867 313 904 integrationis
327 867 507 895 difficultates
529 866 603 894 haud
615 868 756 895 leva-ntur.

73 930 125 950 22.
146 919 261 957 Quodsi
276 919 357 947 nullo
372 918 457 946 modo
466 916 645 946 functionem
664 917 811 952 quamdam
819 916 1033 946 differentialem
1043 936 1053 951 ,
1071 916 1105 945 ad
1115 910 1235 944 formam
1249 912 1393 943 definitam
1407 912 1547 949 integrare

34 971 205 1010 possimus,
234 969 288 998 alia
307 968 458 998 adhibetur
488 968 662 1003 methodus,
696 967 830 1003 scilicet,
859 967 990 996 reductio
1013 967 1044 996 in
1067 967 1169 996 seriem
1192 972 1434 1001 convergentem‚
1462 964 1544 1000 cujus

32 1022 144 1059 singuli
158 1020 272 1050 termini
285 1020 320 1048 ad
334 1020 519 1056 integralem,
540 1018 631 1048 forma
644 1018 807 1055 cognitam,
829 1018 994 1054 pertinent3
1019 1027 1107 1053 eaque
1125 1017 1279 1045 methodus
1295 1024 1360 1044 cum
1381 1015 1410 1044 in
1431 1014 1547 1043 casibus

32 1071 253 1111 quampluribus
270 1078 453 1106 summopere
464 1071 579 1106 valeat,
601 1069 712 1099 institui
728 1069 810 1098 etiam
829 1070 900 1098 hanc
916 1071 1040 1106 regulam
1058 1068 1087 1097 in
1098 1067 1266 1097 functiones
1286 1066 1474 1103 superiores;
1497 1064 1547 1093 sed

37 1124 115 1154 haud
129 1122 229 1160 maiori
243 1121 353 1152 fructu.
392 1121 487 1150 Series
503 1121 577 1150 enim
597 1121 666 1150 adeo
683 1127 762 1149 erant
781 1120 949 1149 d1ffic11es1n
968 1119 1181 1156 applicatione,
1208 1119 1277 1147 adeo
1295 1119 1371 1146 lente
1390 1124 1550 1152 converge.

34 1176 123 1210 bant,
139 1181 171 1203 ut
184 1175 296 1203 nullum
310 1179 419 1201 certum
436 1172 575 1209 judicium
590 1172 759 1208 praeberent
770 1192 781 1207 ,
804 1180 862 1207 quo
881 1172 915 1200 de
938 1171 1127 1200 terminorum
1144 1169 1339 1207 posteriorum
1362 1176 1462 1205 magna
1479 1175 1549 1196 con-

36 1225 185 1264 vergentia
199 1233 260 1254 non
278 1230 338 1253 erat
352 1223 556 1253 dubitandum:
578 1229 610 1251 ut
629 1222 725 1259 itaque
742 1223 852 1252 tandem
870 1222 1092 1258 constituerim,
1115 1230 1198 1250 curas
1222 1219 1353 1248 omittere
1374 1226 1402 1247 et
1420 1227 1435 1247 e
1456 1224 1549 1246 certa·

36 1277 114 1307 mine
134 1275 270 1305 decedere
290 1274 411 1310 potius,
433 1283 515 1310 quam
539 1280 588 1302 aut
602 1282 697 1310 opuS,
721 1273 831 1302 viribus
846 1274 977 1303 humanis
995 1282 1054 1302 non
1080 1271 1309 1309 perficiendum,
1338 1269 1472 1307 aggredi,
1499 1274 1548 1297 aut

33 1326 213 1365 imperfectis
237 1332 267 1355 et
287 1325 418 1355 invalidis
441 1326 526 1354 armis
548 1325 578 1353 in
604 1334 714 1354 arenam
735 1325 924 1354 descendere·
955 1333 1050 1361 eoque
1077 1323 1165 1360 magis
1182 1323 1237 1350 hoc
1255 1321 1437 1358 propositum
1453 1321 1548 1349 valere

8 1403 10 1406 ,
34 1379 151 1415 coepit,
182 1377 437 1413 quandoquidem,
463 1375 575 1404 etiamsi
599 1375 687 1404 seties
713 1378 761 1405 vei
780 1376 899 1405 maxime
928 1375 1164 1409 conversissent,
1193 1372 1391 1402 determinatio
1417 1373 1546 1401 valorum

34 1434 77 1470 φ
84 1437 112 1459 et
132 1434 158 1468 ψ
181 1436 307 1458 extremo
331 1434 483 1463 tempore,
504 1426 623 1455 dubium
640 1427 758 1462 aliquod
779 1427 966 1463 relinqueret.
1006 1426 1098 1455 Valor
1112 1424 1186 1455 enim
1203 1425 1274 1454 radii
1295 1423 1442 1457 vectoris,
1465 1422 1547 1451 finito

34 1487 186 1517 tempore,
205 1479 281 1516 (qui
304 1478 419 1513 radius,
440 1486 530 1514 aeque
549 1485 635 1514 atque
655 1480 768 1507 valores
787 1481 812 1516 φ
829 1485 856 1506 et
875 1482 899 1513 ψ
915 1479 1122 1514 postulantur,
1144 1483 1178 1505 ut
1195 1476 1341 1512 integralis
1356 1475 1461 1504 limites
1478 1484 1548 1513 cog.

33 1531 236 1567 noscantur‚)
263 1536 368 1565 sponte
393 1529 568 1564 innotescit,
589 1538 652 1558 nam
681 1538 804 1566 corpore
827 1530 857 1559 in
882 1529 994 1558 telluris
1018 1528 1199 1565 superficiem
1224 1534 1384 1563 pervento,
1408 1528 1493 1556 distat
1512 1525 1546 1556 ab

34 1584 99 1622 ejus
124 1588 223 1611 centro
247 1580 353 1609 radium
379 1580 472 1617 ipsius
495 1581 627 1616 telluris,
658 1589 726 1617 ergo
753 1583 806 1608 hoc
837 1580 982 1616 integralis
1007 1580 1098 1609 limite
1120 1586 1166 1608 est
1192 1586 1210 1606 r
1229 1587 1264 1605 z
1283 1587 1321 1613 a;
1353 1578 1403 1606 sed
1430 1579 1545 1614 quinam

32 1634 94 1664 sint
117 1635 229 1662 valores
254 1633 424 1668 angulorum
447 1635 473 1670 φ
499 1638 526 1660 et
549 1635 574 1668 ψ
599 1632 697 1660 eodem
722 1631 830 1667 limite,
858 1640 979 1668 prorsus
1000 1630 1060 1660 fere
1086 1632 1174 1667 latet,
1206 1636 1234 1659 et
1265 1638 1325 1659 non
1353 1629 1434 1665 prius
1464 1630 1548 1659 inno·

14 1684 143 1719 tescit,
175 1692 259 1720 quam
290 1682 440 1719 integrales
463 1681 647 1710 functionum
673 1684 756 1719 (7),
788 1683 853 1718 (8)
877 1689 904 1711 et
926 1682 989 1720 (9)
1012 1682 1145 1711 inventae
1172 1687 1253 1711 sunt.
1306 1679 1459 1709 Probabile
1482 1681 1546 1717 qui.

12 1726 15 1732 ¹
34 1736 103 1766 dem
119 1740 164 1765 est
177 1755 187 1769 ,
212 1735 302 1763 hosce
319 1734 440 1770 angulos
458 1732 488 1762 in
511 1733 651 1769 temporis
674 1733 730 1762 fine
756 1742 818 1762 esse
843 1734 959 1766 nullos,
979 1732 1009 1762 id
1033 1739 1095 1768 est,
1123 1740 1231 1768 corpus
1248 1732 1359 1769 jamjam
1389 1733 1494 1761 versari
1511 1734 1542 1763 in

36 1787 135 1822 linea,
157 1791 254 1814 centra
281 1783 392 1813 telluris
416 1785 558 1820 lunaeque
587 1784 718 1822 jungenti
735 1803 747 1820 ‚
779 1790 927 1821 antequam
957 1784 987 1814 in
1011 1784 1121 1813 telluris
1150 1783 1333 1820 superficiem
1360 1785 1545 1823 pervenerit,

34 1838 93 1878 {ed
103 1842 214 1866 certum
232 1836 369 1874 judicium
385 1845 408 1864 α
420 1837 517 1874 priori
533 1845 592 1866 non
606 1837 701 1866 datur.

13 1887 37 1926 j-
81 1889 114 1919 si
129 1888 224 1925 anguli
244 1891 269 1926 φ
286 1893 314 1915 et
333 1891 357 1923 ψ
372 1886 403 1915 in
418 1886 569 1916 functione
585 1887 652 1925 (7)
674 1896 732 1917 non
758 1888 909 1922 adessent,
932 1887 1055 1923 ideoque
1079 1887 1147 1916 haec
1170 1886 1284 1916 functio
1309 1896 1324 1916 a
1337 1888 1398 1917 sola
1422 1887 1544 1916 variabi-

13 1949 15 1953 ’
38 1941 64 1971 li
81 1949 101 1969 r
120 1940 240 1977 eJusque
255 1937 491 1974 differentialibr
507 1929 642 1974 penderet
655 1958 666 1974 ,
688 1938 898 1967 accuratissime
914 1945 1027 1975 tempus
1041 1945 1053 1967 t
1074 1938 1331 1977 determinaretur,
1347 1947 1403 1975 ope
1419 1938 1546 1967 methodi

13 1987 15 1992 ’
32 1990 226 2028 --integralium
244 1989 423 2018 definitarum
435 2009 445 2024 ,
463 1989 573 2025 (quam
597 1988 685 2018 simili
702 1989 731 2018 in
750 1997 816 2017 casu
836 1988 1006 2024 praescribit
1026 1996 1042 2018 Ρ
1053 1997 1092 2019 01
1105 1997 1119 2018 s
1130 1997 1202 2018 son
1213 2010 1223 2025 ,
1252 1989 1282 2018 in
1296 1989 1400 2019 Traite‘
1418 1989 1451 2018 de
1467 1989 1544 2018 Mec.

40 2041 134 2072 Tom.
152 2041 178 2071 1.
198 2049 267 2079 pag.
284 2040 377 2077 345.„)
397 2047 453 2076 qua
475 2039 677 2071 differentiales
707 2040 780 2070 fiunt
806 2039 1006 2077 differentiae,
1031 2046 1060 2068 et
1089 2040 1238 2077 integratio
1257 2040 1291 2070 fit
1312 2041 1457 2069 sommatio
1482 2039 1544 2067 sive

789 2091 820 2121 C
840 2100 859 2122 2
1474 2096 1549 2118 com·
