1919 2511
351 142 389 170 40
603 128 830 161 CLAUDII
869 125 1099 157 HENRICI
1138 136 1221 158 VAN
1263 128 1613 162 HERWERDEN

356 214 480 244 consilio
497 234 508 250 ,
541 220 572 243 ut
604 213 709 241 Beatus
734 219 842 241 nocens
870 211 1021 241 haberetur
1048 210 1135 248 (1);
1163 211 1250 240 altera
1274 221 1342 241 vero
1366 213 1400 242 ad
1432 212 1587 250 episcopos
1612 214 1865 246 francofurtenses

365 265 450 294 missa
469 271 533 300 est,
556 265 589 292 ad
605 263 771 292 sententiam
790 261 983 298 Hispanorum
1001 261 1195 298 explicandam
1215 269 1243 290 et
1261 262 1464 292 defendendam
1476 264 1552 301 (2).
1583 265 1803 294 Francofurtum
1819 265 1870 295 ita·

363 325 419 352 que
439 320 637 345 convenerunt
657 313 766 341 Galliae
779 334 788 347 ‚
811 312 979 342 Germaniae
995 321 1026 341 ac
1046 312 1141 342 Italiae
1159 312 1309 349 episcopi,
1331 322 1386 342 una
1404 323 1468 342 cum
1486 315 1600 343 duobus
1616 323 1631 343 a
1646 315 1784 344 Pontifice
1806 315 1873 344 mis-

360 367 402 395 sis
419 365 596 394 hominibus.
639 363 866 398 Adoptianorum
894 363 1180 397 condemnationem,
1210 371 1243 391 ex
1263 370 1372 399 patrum
1403 365 1571 393 auctoritate
1597 365 1755 401 scriptam,
1775 366 1872 395 chiro-

360 417 469 453 grapho
495 424 592 444 omnes
619 413 822 449 subsignarunt
843 413 923 449 (3).
965 413 1077 442 Galliae
1103 418 1246 448 praeterea
1267 419 1353 448 atque
1377 414 1472 442 Italiae
1487 414 1620 451 episcopi
1640 416 1708 444 duas
1734 416 1871 452 epistolas

359 468 393 497 ad
415 468 562 503 Hispanos
582 466 742 500 dederunt,
766 464 872 499 quibus
899 473 1008 493 error-es
1027 473 1124 493 eorum
1150 463 1312 492 refellerent
1341 464 1419 500 (4).
1458 464 1541 493 Actis
1562 465 1678 494 concilii
1702 465 1873 496 confirman-

359 518 403 547 dis
420 518 538 546 Romam
554 514 668 549 missis,
691 515 822 550 pontifex
844 516 997 544 concilium
1019 515 1135 551 coegit,
1158 515 1279 543 Felicem
1303 515 1465 550 damnavit,
1493 514 1602 543 litteras
1621 515 1738 551 insuper
1755 516 1785 545 in
1801 515 1871 545 His·

359 568 469 604 paniam
489 567 584 599 misit,
604 565 711 601 quibus
729 565 884 602 episcopos
900 566 984 595 officii
1001 567 1130 602 ipsorum
1147 572 1175 594 et
1191 565 1317 593 veritatis
1335 572 1530 594 commoneret
1547 564 1623 602 (5).
1665 565 1762 603 Quum
1778 572 1870 595 tamen

355 619 482 648 nondum
519 617 677 653 quiesceret
698 617 802 652 Felix,
824 618 875 646 sed
900 618 929 646 in
945 618 1122 652 Alcuinum,
1147 616 1196 652 qui
1213 615 1315 644 litteris
1335 624 1397 643 eum
1423 616 1553 644 hortatus
1579 622 1673 650 esset,
1695 615 1870 646 virulentum

358 670 462 699 librum
487 668 649 702 edidisset,
673 668 798 696 Carolus
826 668 940 703 Leoni,
969 667 1103 697 Hadriani
1128 667 1290 696 successori
1316 667 1481 703 praecepit,
1504 673 1535 695 ut
1556 666 1665 695 Romae
1688 666 1717 696 in
1744 666 1868 695 concilio

352 730 411 750 eam
442 729 497 749 rem
527 720 643 757 penitus
665 719 822 750 dirimeret.
863 720 925 749 Leo
954 720 1040 758 igitur
1061 721 1206 752 Felicem,
1236 717 1292 747 nisi
1316 719 1350 746 ad
1374 717 1520 746 ecclesiam
1545 717 1668 753 rediret,
1694 717 1870 746 anathemate

354 771 516 808 percussit,
540 779 573 798 eo
600 779 737 799 successu
761 770 876 806 quidem
898 778 928 799 ut
955 772 1035 800 Felix
1062 771 1245 800 confessione
1271 770 1392 798 solemni
1417 769 1517 798 falsam
1546 778 1624 798 suam
1646 768 1801 798 doctrinam
1821 768 1871 798 ab·

351 824 458 860 juraret
480 821 562 858 (6).
601 820 712 849 Eodem
737 827 866 857 tempore
888 821 1042 850 concilium
1072 816 1283 858 Urgellitanum
1310 819 1432 848 Felicem
1454 819 1596 849 damnavit
1624 820 1702 856 (7).
1743 819 1866 848 Carolus

353 871 527 908 Aquisgrani
553 870 636 899 etiam
668 871 697 900 in
722 872 826 907 palatio
849 881 902 901 suo
926 872 1002 901 hunc
1022 881 1056 901 eo
1082 872 1196 909 adegit,
1219 877 1251 899 ut
1276 870 1435 906 disputaret
1458 878 1522 898 cum
1551 869 1679 898 Alcuino
1695 890 1704 904 ,
1725 868 1775 905 qui
1802 877 1866 898 eum

350 923 509 959 scriptione
532 931 647 958 quoque
672 924 727 960 jam
756 925 864 960 optime
881 924 1023 952 refellerat
1044 923 1089 959 (8
1106 923 1146 960 );
1169 923 1251 959 cujus
1277 919 1482 958 disputationis
1505 920 1552 948 hic
1575 919 1666 949 exitus
1692 919 1782 949 fuisse
1798 919 1869 949 dici·

350 981 397 1003 tur
418 972 486 1010 (9)
530 993 548 1008 „
568 980 600 1002 ut
620 974 700 1002 Felix
723 982 773 1010 per
802 976 884 1010 plura
906 974 1019 1011 fugiens
1044 976 1182 1010 latibula,
1204 975 1336 1011 pluribus
1357 974 1392 1002 ab
1411 973 1529 1002 Alcuini
1555 973 1674 1009 spiculis
1699 973 1868 1002 confodere-

348 1031 415 1060 tur,
436 1025 465 1053 in
490 1030 598 1053 tantum
627 1031 659 1053 ut
686 1033 777 1062 paene
803 1034 902 1055 omnes
925 1026 1054 1056 civitates
1075 1026 1164 1056 lsrael
1187 1031 1421 1060 consummaret,
1453 1032 1608 1060 quousque
1637 1024 1712 1053 filius
1740 1023 1866 1054 hominis

347 1075 495 1105 veniret.”

389 1126 488 1162 Itaque
505 1126 574 1156 haec
589 1127 625 1157 lis
646 1127 680 1156 ad
699 1127 781 1156 finem
801 1129 937 1164 perducta
954 1136 981 1158 et
999 1130 1139 1159 exstincta
1157 1137 1212 1160 est.
1251 1131 1414 1166 Perpaucos
1430 1133 1587 1158 sectatores
1603 1133 1704 1164 postea
1722 1127 1865 1157 Feliciana

351 1176 475 1205 haeresis
496 1178 594 1206 habuit
607 1199 616 1213 ,
639 1178 805 1214 praesertim
821 1188 909 1214 quum
924 1188 991 1207 mox
1008 1187 1142 1208 auctores
1161 1182 1221 1218 eJus
1239 1181 1324 1209 vitam
1345 1188 1408 1208 cum
1423 1186 1516 1207 morte
1535 1184 1747 1207 commutarent
1764 1178 1859 1215 (10).

345 1227 490 1264 Johannes
509 1229 579 1257 Dun
597 1229 702 1258 Scotus
722 1229 846 1258 eamdem
868 1230 927 1260 fere
947 1231 1116 1260 sententiam
1135 1231 1307 1267 revocavit,
1330 1239 1401 1267 quae
1425 1229 1454 1258 id
1480 1229 1617 1265 temporis
1634 1230 1726 1258 nullas
1746 1236 1864 1259 contro-

346 1277 454 1307 versias
481 1279 592 1316 peperit
616 1279 714 1317 (Η).

389 1330 436 1358 Ex
465 1331 519 1360 hac
547 1331 744 1360 contentionis
773 1332 834 1369 ejus
857 1332 975 1362 historia
992 1353 1003 1369 ‚
1036 1334 1134 1369 paullo
1162 1333 1321 1362 accuratius
1349 1332 1450 1362 tradita
1466 1353 1476 1369 ,
1501 1332 1633 1369 profecto
1657 1332 1756 1362 Caroli
1783 1332 1864 1362 inde·

347 1380 423 1409 fessa
451 1380 596 1417 diligentia
624 1382 659 1410 ad
691 1382 836 1418 antiquam
863 1389 973 1418 patrum
999 1384 1159 1413 doctrinam
1184 1383 1214 1412 in
1243 1385 1334 1412 lucem
1369 1383 1514 1411 clariorem
1538 1383 1646 1419 prodit.
1694 1383 1742 1412 Ne
1768 1389 1860 1412 tamen

347 1438 430 1469 putet
450 1432 554 1467 aliquis
573 1452 583 1467 ‚
613 1441 657 1461 me
681 1433 794 1461 laudare
820 1432 919 1463 Caroli
945 1434 1145 1470 diligentiam,
1175 1436 1231 1470 qua
1264 1434 1455 1469 excitaretur,
1486 1440 1517 1462 ut
1543 1434 1605 1462 lites
1632 1430 1778 1470 religiosas
1804 1433 1861 1463 cie-

348 1490 404 1512 ret.
462 1483 525 1512 Hae
555 1483 629 1512 enim
656 1483 799 1512 rarissime
827 1484 958 1520 egregios
986 1484 1098 1512 fructus
1133 1486 1260 1513 tulerunt
1277 1506 1287 1520 ,
1316 1492 1365 1514 aut
1399 1485 1428 1514 in
1459 1485 1587 1514 veritatis
1614 1492 1699 1521 atque
1726 1485 1860 1514 ecclesiae

345 1533 494 1561 utilitatem
525 1533 642 1569 agitatae
683 1541 764 1562 sunt.
822 1534 928 1570 Neque
963 1535 1046 1564 etiam
1077 1535 1159 1563 valde
1199 1535 1326 1564 nocifera
1359 1536 1404 1564 his
1438 1542 1496 1564 erat
1534 1535 1764 1571 Adoptianorum
1794 1535 1861 1571 opi-

348 1581 410 1611 nio.
451 1583 498 1612 An
526 1584 758 1613 Nestorianismo
788 1584 877 1613 affinis
902 1585 939 1613 sit
965 1587 1084 1615 multum
1108 1593 1252 1615 certarunt
1274 1587 1328 1615 viri
1347 1588 1437 1617 docti.
1478 1587 1571 1624 Quam
1597 1595 1655 1615 rem
1681 1586 1719 1614 ita
1744 1585 1858 1621 quidem

345 1630 508 1660 confecisse
532 1633 644 1662 videtur
668 1634 820 1663 Walchius
840 1655 850 1670 ,
881 1642 913 1664 ut
937 1635 962 1664 si
992 1636 1133 1666 Nestorio
1163 1637 1315 1673 opiniones
1345 1637 1544 1674 adjtidicentur
1561 1656 1572 1672 ,
1609 1645 1678 1672 quas
1701 1636 1727 1664 ei
1752 1637 1856 1673 cyrini

344 1681 523 1711 fraudulenta
548 1682 654 1711 affinxit
684 1685 844 1720 malignitas
863 1705 873 1721 ,
913 1685 993 1715 Felix
1024 1687 1058 1715 ab
1087 1688 1138 1716 illo
1165 1689 1245 1716 valde
1273 1688 1480 1723 discrepueritg.
1510 1687 1534 1716 si
1566 1695 1632 1716 vero
1659 1687 1855 1718 Nestorianis-

1793 1748 1856 1769 mus

380 1813 398 1849 (
410 1813 449 1848 1)
469 1813 529 1840 Vid.
547 1815 652 1842 Alcuin.
670 1823 733 1848 opp.
761 1822 781 1841 t.
800 1816 834 1841 Π.
859 1817 912 1843 νοῐ.
930 1823 956 1842 2.
982 1824 1009 1849 p.
1025 1817 1087 1849 567.
1222 1817 1284 1852 (ε)
1305 1818 1410 1844 Aicuin.
1431 1826 1494 1850 opp.
1513 1819 1531 1844 l.
1549 1819 1566 1844 i.
1583 1826 1611 1850 ρ.
1627 1819 1686 1851 568.

378 1859 447 1894 (3)
468 1861 535 1887 Αηη.
554 1861 604 1895 Jer.
623 1863 675 1888 Til.
700 1870 726 1894 p.
745 1869 787 1888 22.
805 1869 847 1894 ap.
867 1863 953 1894 Bouq.
971 1870 1029 1889 ann.
1048 1863 1080 1888 Fr
1108 1862 1183 1889 Lois.
1208 1871 1235 1895 p.
1254 1871 1295 1894 49.
1314 1865 1332 1889 1.
1350 1865 1368 1890 l.
1389 1864 1463 1891 Ροέῑ.
1483 1864 1546 1889 Lax.
1567 1866 1584 1891 Ι.
1604 1872 1644 1891 vs.
1666 1871 1720 1897 ¹99·
1738 1873 1797 1899 sqq.

379 1905 445 1938 (4)
465 1907 573 1932 Exstant
592 1916 632 1940 ap.
652 1908 744 1933 Mansi
764 1915 781 1933 t.
797 1908 874 1934 XIII.
890 1916 919 1940 p.
934 1909 992 1940 8¹3.
1129 1908 1193 1942 (5)
1210 1909 1273 1936 Vid.
1291 1918 1331 1942 ap.
1350 1911 1435 1935 Mansi
1454 1911 1472 1936 Ι.
1490 1911 1506 1935 l.
1526 1918 1551 1942 p.
1568 1912 1630 1942 859,
1649 1912 1707 1938 860.

378 1949 450 1986 (6)
469 1951 530 1979 Vid.
549 1961 590 1985 ap.
610 1954 654 1978 Ma
663 1954 703 1980 nsi
723 1955 741 1981 1.
761 1955 778 1979 i.
799 1962 825 1986 p.
845 1960 926 1986 1030,
947 1961 1020 1986 ¹035·
1055 1955 1170 1980 Felicem
1188 1956 1296 1981 rediisse
1312 1956 1410 1981 notavit
1428 1957 1519 1987 Pagius
1539 1957 1633 1983 Critic.
1650 1957 1679 1982 ad
1697 1965 1720 1983 a.
1733 1965 1794 1991 799.
1810 1965 1853 1992 ap.

339 1998 427 2025 Mansi
444 2004 464 2025 t.
482 1999 499 2024 l.
522 2006 548 2030 p.
566 2007 639 2031 1032.
843 1998 913 2034 (7)
932 2000 993 2027 Vid.
1008 2002 1093 2027 Mansi
1114 2010 1141 2034 p.
1158 2008 1232 2033 1033·

374 2044 390 2077 (
402 2044 441 2078 8)
462 2045 554 2070 Henke
572 2055 598 2079 p.
611 2054 669 2079 53¹·
688 2046 844 2079 schrockh,
865 2052 883 2073 t.
896 2047 954 2073 XX.
977 2055 1004 2080 p.
1016 2055 1075 2081 494.
1196 2047 1264 2080 (9)
1284 2046 1342 2072 Vita
1358 2048 1418 2074 Alc.
1437 2056 1462 2075 c.
1477 2056 1502 2081 7.
1525 2056 1568 2082 ap.
1588 2049 1674 2081 Bouq.
1696 2057 1724 2082 p.
1740 2051 1799 2084 476.

373 2088 457 2126 (ιο)
476 2091 534 2118 Vid.
555 2092 646 2118 lienke
666 2100 692 2125 p.
707 2099 765 2125 533.
918 2092 1002 2126 (11)
1022 2092 1083 2120 vid.
1100 2093 1237 2120 schrockh
1256 2095 1272 2119 1.
1287 2094 1305 2120 1.
