1919 2511
405 161 638 192 -RESPONSIO
658 161 714 192 AD
735 160 1044 200 QUAESTIONEM
1065 160 1292 192 PHYS1CAM.
1434 161 1437 163 ’
1589 165 1612 203 3

96 255 163 277 cum
193 246 285 275 multa·
313 252 426 275 naturae
461 251 547 281 opera
569 243 682 274 ‚viderat
700 249 735 271 ret
758 246 826 272 ‘suo
862 243 978 280 ingenio
1011 244 1180 273 Aristotelis
1205 243 1320 280 scriptis
1345 244 1424 274 culto
1453 246 1608 277 adsecutus

97 304 176 331 erat,
197 297 368 333 scripsisse,
389 305 447 325 rem
465 294 589 324 arduam
609 304 685 330 esse,
714 296 831 323 vetustis
855 296 1006 324 novitatem
1029 294 1124 332 dare,
1145 297 1222 326 novis
1244 296 1464 333 auctoritatem,
1486 298 1608 327 obsoletis

98 350 218 377 nitorem
233 368 243 384 ,
265 348 386 377 obscuris
409 348 518 383 lucem,
531 345 679 382 fhstiditis
696 347 850 384 gratiam,
872 345 964 374 dubiis
983 344 1091 384 fidem,
1119 346 1243 376 omnibus
1269 355 1334 377 vero
1354 353 1491 376 naturam
1513 353 1540 376 et
1556 336 1608 376 mi·

95 406 183 429 turae
200 408 253 428 sua
272 400 376 428 omnia.

467 656 526 698 ¹C
618 656 655 695 A
745 658 778 696 Ρ
871 658 910 697 U
997 659 1032 697 T
1162 656 1202 699 Ie

470 762 523 784 DE
559 762 669 783 HUMI
704 762 874 785 NATURA
909 764 962 785 ET
1003 762 1240 786 CRITERIIS.

95 830 230 893 Humi
257 859 374 889 nomine
405 868 471 888 cum
498 866 610 889 veteres
637 866 665 888 et
687 866 791 889 terram
824 867 853 889 et
875 869 959 897 agros
984 860 1199 897 significarent,
1230 861 1404 891 recentiores
1434 861 1517 891 etiam
1548 861 1608 891 fer‘e

97 914 196 942 eodem
221 919 306 940 sensu
332 911 388 940 hoc
414 911 557 940 vocabulo
587 911 633 940 usi
659 908 750 948 sunt3
788 911 923 948 deinceps
946 918 1038 941 autem
1063 921 1097 941 eo
1123 913 1158 941 de
1181 921 1213 941 re
1237 911 1358 941 Rustica
1390 913 1547 950 scriptores
1580 918 1608 940 et

98 962 234 1001 Chymici
258 961 350 991 varias
366 969 394 990 et
412 963 496 998 plane
523 962 648 991 diversas
672 971 717 993 res
737 961 910 991 indicarunt.
950 962 1027 991 Nam
1050 962 1098 991 alii
1121 963 1239 991 humum
1259 963 1399 992 vocabant
1424 964 1501 993 illam
1518 969 1610 992 terrae

95 1021 227 1052 partem,
258 1021 329 1048 quae
356 1013 427 1042 arari
449 1015 544 1049 solet3
574 1013 623 1042 alii
646 1013 784 1043 diversam
805 1011 981 1041 diversarum
1012 1020 1149 1042 terrarum
1174 1014 1344 1051 miscelam3
1367 1014 1415 1043 alii
1439 1019 1539 1044 contra
1565 1013 1611 1043 ni·

96 1074 176 1103 gram
205 1063 348 1093 materiem
377 1070 445 1100 post
468 1063 715 1093 fermentationem
743 1063 886 1100 putridam
915 1073 1072 1101 corporum
1100 1071 1281 1094 mortuorum
1304 1065 1444 1095 relictam.
1484 1065 1532 1094 Ex
1556 1064 1610 1093 hae

97 1117 271 1153 scrIptorum
296 1114 475 1144 dissensione
500 1121 528 1143 et
560 1114 753 1144 inconstantia
781 1115 935 1152 aliquando
962 1122 1044 1144 ortos
1070 1124 1134 1145 esse
1162 1125 1296 1153 errores,
1330 1116 1475 1153 quisque,
1498 1116 1545 1145 vel
1566 1124 1610 1144 me

95 1174 231 1203 tacente,
257 1166 404 1202 intelligit.
458 1166 533 1195 Nam
560 1172 594 1195 ut
617 1175 635 1194 e
658 1165 756 1195 multis
787 1164 823 1194 de
850 1175 910 1196 uno
936 1166 1083 1204 dicamus3
1120 1166 1162 1196 sic
1192 1166 1256 1204 ini,
1292 1167 1342 1203 qui
1371 1167 1402 1197 in
1424 1167 1611 1205 agriculturae

98 1219 196 1251 studio
224 1217 424 1253 elaborarent,
453 1218 501 1247 vel
529 1217 588 1253 ipsi
609 1217 752 1254 agricolae
775 1225 835 1247 non
859 1217 1076 1253 intelligebant,
1107 1217 1178 1254 quid
1198 1217 1402 1254 unusquisque
1425 1224 1526 1247 auctor
1546 1219 1612 1247 ‘vel-

96 1273 158 1305 let,
179 1277 207 1298 et
226 1268 444 1309 confundebant
470 1268 578 1304 nigram
601 1267 766 1304 materiem,
789 1275 874 1304 quam
897 1276 951 1297 nos
976 1268 1106 1297 Humum
1135 1268 1277 1305 dicimus,
1297 1277 1364 1298 cum
1385 1269 1469 1298 terris
1492 1268 1612 1306 proprie

97 1308 140 1351 sic
166 1309 262 1349 dictis.
304 1319 474 1347 Saussurius
493 1320 625 1355 tandem,
646 1318 823 1354 Einhofius,
845 1318 1009 1354 Tha'e'rius,
1029 1319 1258 1355 Humboldtius,
1279 1319 1384 1356 hisque
1405 1319 1513 1349 similes
1531 1319 1608 1356 viri,

98 1374 134 1402 de
156 1372 280 1401 humano
304 1378 406 1406 genere
430 1369 538 1406 optime
561 1370 675 1406 meriti,
696 1371 778 1399 humi
802 1369 927 1399 indolem
959 1371 1145 1406 explorarunt
1172 1377 1200 1399 et
1223 1371 1303 1400 humi
1320 1371 1438 1400 nomine
1451 1372 1611 1400 solummo-

100 1424 138 1452 do
164 1423 237 1452 hanc
260 1421 423 1450 indicarunt
438 1421 612 1457 materiem,
634 1430 706 1457 quae
730 1419 860 1450 nascitur
882 1426 910 1448 et
926 1419 959 1449 fit
979 1429 1013 1449 ex
1040 1421 1260 1451 fermentatione
1280 1422 1394 1459 putrida
1415 1430 1483 1451 cum
1507 1422 1614 1452 anima·

98 1476 170 1505 lium
194 1481 253 1503 tum
275 1475 458 1511 plantarum,
479 1478 507 1500 et
528 1481 601 1508 quae
620 1473 686 1501 solo
707 1470 882 1500 fertilitatem
903 1472 951 1500 vel
970 1472 1088 1508 praebet
1107 1474 1155 1502 vel
1174 1467 1272 1510 auget.

138 1526 208 1555 Sola
226 1532 343 1560 autem,
366 1532 439 1559 quae
450 1523 803 1559 coluntur-,tplerumque
826 1522 976 1552 continent
1000 1530 1102 1553 terram
1126 1524 1267 1560 siliciam,
1288 1526 1462 1561 aluminam,
1483 1526 1609 1560 calcem,

98 1577 268 1614 magnesiam
281 1596 292 1612 ,
308 1574 432 1611 oxydum
448 1574 529 1604 ferri.
570 1574 618 1603 Ex
633 1575 733 1603 harum
751 1575 863 1603 diversa
881 1575 996 1603 miscela
1012 1575 1070 1604 soli
1083 1575 1165 1604 ‘varia
1181 1582 1280 1605 natura
1296 1576 1329 1605 fit
1346 1583 1374 1605 et
1389 1577 1498 1605 varium
1518 1576 1545 1604 ei
1563 1575 1614 1604 tri-

99 1623 199 1656 buitur
218 1635 336 1656 nomen.
378 1628 485 1656 Verum
511 1626 579 1655 licet
603 1626 666 1655 illae
685 1633 780 1655 ,terrae
804 1626 915 1663 optima
939 1627 1050 1656 ratione
1075 1626 1175 1656 mistae
1200 1635 1227 1656 et
1248 1629 1408 1664 plantarum
1430 1629 1607 1658 incremento

97 1679 184 1709 utiles
203 1679 280 1714 sint,
306 1685 401 1718 tamen
420 1678 474 1706 hae
497 1677 593 1714 ipsae,
621 1685 654 1708 ut
676 1679 742 1708 dein
767 1678 951 1714 videbimus,
971 1679 1083 1714 plantas
1105 1687 1164 1707 non
1188 1680 1288 1712 alunt,
1309 1687 1408 1709 verum
1436 1679 1536 1708 mistae
1561 1680 1610 1708 de-

99 1730 172 1760 bent
192 1738 262 1761 esse,
279 1737 345 1757 cum
369 1729 432 1758 aliis
450 1729 537 1758 rebus
560 1730 714 1760 nutritioni
739 1732 898 1768 plantarum
923 1732 1106 1769 aptioribus,
1126 1734 1228 1762 velex
1245 1734 1308 1762 aere
1327 1733 1457 1770 haustis,
1486 1740 1546 1763 tum
1565 1735 1613 1763 vel

100 1780 253 1817 praecipue
279 1789 313 1808 ex
335 1780 510 1816 corporibus
531 1780 692 1810 animalium
712 1788 741 1811 et
757 1782 917 1819 plantarum
938 1784 1022 1814 ortis.
1063 1785 1167 1813 Soluto
1197 1784 1271 1814 enim
1289 1784 1364 1814 vitae
1389 1784 1532 1820 vinculo,
1550 1783 1610 1814 ani-

99 1831 237 1861 mantium
255 1837 283 1859 et
300 1832 457 1867 plantarum
480 1838 580 1861 natura
596 1833 679 1862 valde
703 1840 846 1870 mutatur,
867 1835 991 1871 partium
1012 1835 1194 1864 cohaerentia
1211 1835 1356 1870 solvitur,
1379 1843 1533 1871 earumque
1556 1843 1611 1865 no-

100 1891 152 1912 vae
175 1882 251 1912 fiunt
274 1889 301 1911 et
325 1883 518 1918 simpliciores
544 1884 757 1920 copulationes.
800 1886 889 1925 'Quae
915 1887 1087 1915 mutationes
1116 1886 1232 1915 nomine
1256 1885 1507 1915 fermentationum
1534 1891 1614 1915 com-

100 1934 334 1971 prehenduntur,
360 1938 484 1970 'quarum
504 1935 618 1971 putrida
640 1935 874 1972 frequentissima
898 1945 962 1973 est,
991 1945 1018 1966 et
1037 1938 1142 1974 plantis
1173 1944 1259 1973 atque
1292 1938 1461 1967 animalibus
1483 1946 1611 1967 commu-

102 1986 159 2017 nis.
187 1986 267 2015 Haec
287 1992 380 2014 autem
393 2006 403 2021 ,
421 1985 481 2015 vita
497 1985 615 2021 amissa,
634 1988 750 2023 calore,
767 1989 831 2017 aere
850 1994 878 2016 et
893 1996 967 2024 aqua
986 1995 1151 2025 mutantur3
1174 1988 1285 2017 acidum
1308 1987 1491 2018 carbonicum
1510 1995 1539 2018 et
1556 1988 1611 2026 hy·

103 2037 271 2075 drogenium
296 2036 479 2066 carbonicum
504 2038 654 2074 exhalant,
685 2039 773 2069 edunt
795 2039 878 2069 etiam
902 2049 1027 2079 vapores
1051 2041 1227 2076 ammoniae,
1251 2047 1279 2070 et
1298 2039 1441 2071 aestuant.
1478 2040 1529 2070 Sic
1556 2041 1611 2078 igi·

102 2089 381 2128 tui-principiorum
407 2088 460 2120 alia
484 2089 518 2120 fit
544 2090 737 2129 copulationis
757 2092 850 2128 ratio,
870 2093 924 2123 alia
949 2101 1051 2123 eorum
1072 2092 1200 2122 nascitur
1218 2092 1351 2130 miscela3
1371 2092 1487 2130 pondus
1506 2092 1613 2122 minui·

1542 2150 1614 2182 tur,

887 2195 914 2226 A
934 2204 952 2236 a
