1919 2511
664 177 1069 215 ORATro.
1572 195 1612 219 u

152 300 155 302 ,
183 268 283 310 Quos
305 267 375 309 jam
396 265 555 309 Physices
580 266 880 308 studiafecerunt,
913 276 1106 311 progressus
1133 278 1195 302 nos
1223 267 1362 312 docent,
1391 278 1521 314 praeter
1545 275 1615 309 vim

140 323 368 362 resistenti-ae,
392 323 445 355 cui
464 323 598 365 omnia,
629 328 789 367 quotquot
813 323 967 357 novimus
989 334 1147 367 corpora,
1175 325 1320 358 obnoxia
1346 333 1424 360 sunt
1441 335 1473 361 et
1497 332 1618 364 multas

140 378 226 411 alias
245 378 285 411 iis
299 389 372 411 esse
395 379 481 412 vires
498 380 614 412 insitas
634 385 666 413 et
693 380 754 421 (ut
777 381 824 413 ita
845 379 977 423 dicam)
1008 382 1157 424 innatas,
1190 393 1273 427 quas
1295 385 1418 418 scilicet
1444 389 1619 422 nominant

141 438 399 480 attractionem,
420 438 665 481 repulsionem,
695 438 920 471 elasticitatem
933 462 943 480 ‚
967 443 1155 472 atomorum
1177 440 1213 472 in
1231 441 1424 484 corporibus
1445 443 1618 477 cohaesio-

142 504 241 535 nem,
263 493 333 528 vim
346 496 558 538 expansionis
583 495 760 528 fluidorum
780 497 1023 539 aeriformium,
1045 497 1112 531 vim
1135 498 1319 532 electricam
1338 506 1370 533 et
1389 503 1618 544 magneticam.

143 550 230 581 Sunt
248 555 419 592 praeterea
433 556 466 583 et
485 551 611 584 multae
635 552 718 587 aliae
745 551 833 587 vires
851 554 937 586 inter
961 555 1122 587 elementa
1151 566 1347 598 corporum,
1371 568 1455 600 quac
1479 557 1618 592 minimo

145 603 316 647 intervallo
337 612 370 639 et
383 607 450 640 fere
479 613 775 652 contactuiagunu
798 611 1009 644 attractiones
1030 619 1170 655 nempe,
1201 623 1284 657 quas
1307 614 1457 647 Chemici
1476 616 1622 649 affinita-

141 668 197 698 AEcs
214 669 346 698 vocant.
394 664 663 699 Occurritvetiam
680 665 943 709 visifla1vita1is‚
967 677 1033 711 qua
1056 669 1188 712 plantae
1210 675 1243 701 ct
1266 670 1449 704 animantia
1469 679 1623 706 crescunt

141 725 180 755 fit
196 718 330 760 vivunt3
354 721 543 765 multaeque
565 722 671 764 aliae,
695 733 782 765 quae
807 722 946 756 forsitan
967 725 1002 756 in
1028 724 1172 757 tenebris
1199 725 1295 758 nobis
1326 727 1538 770 reconditae,
1561 739 1625 762 ne-

145 776 229 810 dum
242 776 436 812 observatae
449 783 539 812 sunt.
585 779 680 812 Illam
697 785 808 811 autem
829 778 1037 822 doctrinam,
1059 782 1197 814 minime
1217 783 1432 825 conjecturis,
1457 784 1515 816 sed
1533 785 1624 818 mul-

142 841 182 870 ta
209 836 409 878 experientia
433 840 531 877 atque
554 834 792 878 disquisitione.
807 837 945 870 firmiter
966 840 1199 883 constitutam,
1228 842 1259 873 si
1278 842 1538 885 amplectamur,
1562 853 1625 876 nos

144 890 210 937 illis
224 891 330 924 medii
341 892 418 926 aovi
435 891 595 935 Sophistis
614 893 776 925 assentire
790 893 962 936 videmur,
986 905 1069 938 quos
1085 896 1191 929 nostri
1209 897 1401 941 Philosophi
1419 900 1537 931 merito
1554 905 1624 932 tam

144 948 268 993 acriter
291 947 595 990 reprehenderunt,
625 949 684 993 qui
700 950 815 982 omnia
839 956 979 984 naturae
1009 952 1244 987 Phaenomena
1268 965 1311 987 ex
1334 955 1471 987 occultis
1498 955 1626 990 viribus

141 1007 184 1038 et
196 1001 408 1035 facultatibus
416 1027 430 1045 „
452 1003 512 1036 sed
535 1014 619 1047 quas
638 1004 683 1037 iffi
698 1005 877 1049 fingerent,
903 1013 973 1041 tam
994 1009 1108 1043 leviter
1127 1011 1342 1054 explicarunt.
1383 1010 1453 1043 His
1469 1012 1629 1055 Sopln‘stis

143 1059 379 1107 concedimus,
410 1060 496 1094 vires
521 1062 766 1095 vereoccultas
794 1073 977 1108 corporum
995 1067 1164 1109 particulis
1184 1069 1311 1108 inesse3
1335 1068 1393 1101 sed
1418 1078 1502 1112 quae
1519 1070 1626 1111 vlres,

143 1116 262 1160 quales
282 1117 348 1150 sint
366 1122 398 1150 et
417 1117 583 1161 quomodo
604 1119 640 1151 in
657 1119 832 1153 materiam
860 1127 976 1166 agant,
1000 1133 1062 1155 nos
1079 1125 1210 1166 penitus
1228 1125 1379 1168 ignorare
1402 1125 1627 1159 confitendum

139 1177 222 1213 :est3
243 1178 394 1206 attamen
411 1173 591 1207 discrimen
615 1173 686 1208 illos
705 1177 876 1220 Sophistas
895 1180 982 1212 inter
999 1185 1031 1213 et
1046 1179 1145 1222 hujus
1165 1182 1281 1214 aetatis
1297 1181 1515 1226 Philosophos
1531 1183 1629 1215 unice

137 1228 188 1264 ,im
200 1234 340 1262 naturae
360 1230 485 1274 legibus
500 1237 589 1264 recte
607 1233 808 1276 explicandis
832 1236 932 1269 situm
953 1241 1013 1269 est.
1058 1237 1108 1269 Illi
1125 1238 1215 1270 enim
1235 1238 1493 1281 sophismatibus
1515 1240 1628 1272 omnia

139 1286 321 1328 ,explicare
341 1286 535 1328 studebant;
560 1288 596 1320 hi
619 1294 740 1323 natura
764 1290 868 1334 duce,
893 1301 934 1325 ex
957 1293 1037 1336 ipsis
1055 1292 1346 1327 observationibus
1367 1300 1399 1327 et
1416 1295 1628 1338 experimen-—

140 1342 193 1374 λάε
224 1343 389 1385 sapienter
411 1342 588 1385 institutiS,
620 1345 723 1388 legeS,
754 1357 839 1389 quae
867 1348 1103 1382 Phaenomena
1123 1356 1259 1394 regunt,
1282 1351 1437 1394 indagare
1453 1356 1627 1385 conantur.

151 1396 284 1441 Quibus
306 1400 474 1433 sententiis
502 1399 644 1434 invicem
665 1404 890 1446 comparatis,
917 1405 1005 1438 inter
1027 1416 1155 1439 errores
1180 1409 1312 1450 saepius
1336 1407 1458 1451 aliquid
1481 1408 1551 1441 veri
1574 1408 1627 1440 la-

140 1454 412 1496 2tere‘videmus3
439 1457 565 1490 scilicet
593 1459 767 1500 notiones»,
800 1470 883 1503 quas
906 1471 1030 1494 -scnsus
1058 1463 1206 1495 internus
1232 1473 1294 1496 nos
1320 1463 1437 1504 docet3
1471 1474 1573 1507 quas,
1599 1465 1627 1497 si

138 1511 334 1554 quisveras
355 1522 427 1545 esse
452 1524 522 1546 non
544 1520 753 1557 agnosceret,
775 1515 870 1560 quid,
893 1527 1038 1560 quaeso,
1062 1519 1096 1551 iu
1116 1519 1183 1552 Vita
1205 1518 1350 1551 hominis
1377 1523 1517 1554 verum?
1546 1520 1626 1564 quid

139 1574 280 1601 'remim
299 1570 492 1603 exsisteret?

140 1639 163 1655 rr
193 1625 233 1659 Id
255 1630 370 1658 autem
391 1626 480 1669 quod
504 1626 651 1660 'diximus
678 1628 727 1662 de
743 1628 806 1661 illis
827 1628 955 1664 viribus
969 1655 978 1673 ,
1007 1640 1090 1675 quas
1120 1642 1298 1676 corporum
1321 1632 1491 1675 particulis
1516 1633 1624 1667 inesse

141 1684 434 1726 memoravimus,
456 1689 492 1717 et
504 1693 589 1728 quas
605 1686 678 1728 ipsa
701 1687 785 1719 ratio
809 1696 871 1719 nos
890 1687 1004 1729 docet,
1027 1687 1094 1721 huc
1116 1689 1223 1721 redit:
1259 1688 1415 1732 Sapiens
1439 1689 1624 1733 quoddam

140 1742 297 1773 [Numen
329 1749 394 1772 eas
419 1740 477 1773 his
497 1741 701 1785 particulis
740 1741 900 1785 dedisse,
937 1743 1055 1788 iisque
1088 1743 1224 1777 viribus
1257 1744 1437 1789 quasdam
1477 1755 1628 1778 normas

140 1794 426 1838 praescribere,
448 1807 475 1829 a
498 1797 647 1841 quibus,
671 1807 738 1830 saa
765 1804 912 1841 sponte,
938 1809 1126 1845 nunquam
1149 1800 1343 1843 sletflectere
1365 1808 1530 1845 possunt.
1575 1803 1629 1835 Sic

151 1852 288 1885 luminis
303 1851 416 1885 radios
434 1864 454 1885 a
472 1853 597 1897 legibus
621 1854 825 1897 reflexioniS,
854 1856 1080 1899 resi-actionis,
1102 1860 1172 1901 ejus
1203 1857 1239 1891 in
1267 1859 1390 1891 colores
1418 1859 1627 1903 decomposi-

141 1905 254 1942 tionis
268 1912 300 1940 et
314 1907 534 1942 admirandae
551 1909 794 1953 polarisationis
816 1922 923 1955 nuper
943 1913 1090 1947 detectae
1103 1939 1113 1956 ‚
1136 1925 1322 1958 numquam
1341 1916 1391 1949 vel
1418 1927 1460 1948 ne
1476 1917 1628 1959 aliquan-

155 1964 262 1997 tulum
287 1964 421 2007 quidem
444 1966 599 1999 recedere
625 1967 913 2011 deprehendimus,
961 1972 1081 2005 Iisdem
1096 1974 1265 2016 particulis
1281 1974 1450 2018 eidemque
1468 1975 1629 2008 substan-

156 2020 222 2053 tiae
251 2020 366 2053 eadem
392 2029 473 2056 sunt
497 2023 752 2067 Phaenomena,
777 2037 881 2070 quae,
915 2033 949 2061 et
975 2029 1063 2072 quod
1095 2031 1241 2063 maxime
1264 2031 1396 2074 quidem
1424 2036 1472 2064 est
1500 2034 1628 2065 miran-

152 2075 258 2115 dum,
286 2078 473 2112 seeundum
492 2081 627 2114 eosdem
649 2093 808 2115 numeros
836 2084 1035 2129 easdemque
1061 2085 1206 2118 rationes
1224 2110 1233 2127 ,
1258 2089 1349 2119 omni
1376 2093 1523 2130 tempore
1552 2097 1626 2121 sese

156 2131 252 2166 nobis
278 2132 431 2170 offerunt.
484 2138 744 2183 Quamcumque
770 2141 920 2183 Crystalli
945 2142 1116 2176 Yslandici
1146 2143 1290 2186 speciem
1314 2142 1522 2186 intucamur,
1547 2144 1631 2178 haee

927 2199 955 2230 B
980 2209 999 2230 2
1537 2198 1627 2235 idem
