1919 2511
607 154 808 185 PETRI
865 152 1217 197 ABRAHAMI
1270 157 1517 198 JELTES

315 160 331 189 ο)

334 160 349 181 Ι.)

915 276 1239 292 μ

692 381 982 412 CAPUT
1060 381 1427 413 PRIMUM.

516 475 557 493 DE
583 475 701 494 VARlls
726 475 983 503 ANTIQUIORUM
1008 475 1204 497 AUCTORUM
1232 478 1408 498 HUMERUM
1435 477 1603 499 LUXATUM

849 522 1056 543 REPONENDI
1082 522 1269 543 METRODIS·

903 619 932 654 ἓ.
957 625 983 649 1.
1025 618 1220 657 Hippocrates.

307 660 446 720 Primus
472 694 559 731 (ι),
584 703 666 730 quem
690 701 818 724 recenset
845 694 1036 731 Hippocrates
1049 714 1061 731 ,
1082 695 1239 731 reponendi
1258 695 1358 724 modus
1386 701 1429 724 est
1449 704 1501 732 per
1522 696 1648 734 digitos,
1669 700 1739 728 alter
1757 709 1808 736 per

309 743 433 778 calcem,
456 745 558 773 tertius
587 747 632 775 δικ
658 757 705 775 του
725 757 922 782 stampato-mv,
944 745 1019 782 (qui
1041 745 1080 773 ita
1099 753 1238 781 vocatur,
1261 746 1327 781 quia
1344 754 1394 782 per
1412 755 1553 776 summum
1574 747 1721 777 humerum
1741 752 1810 779 alte-

309 794 367 823 rius
378 796 501 825 hominis
521 797 652 833 fiebat,)
670 805 787 833 quartus
807 806 857 833 per
874 797 1034 833 pistillum,
1057 796 1172 831 quintus
1183 805 1234 833 per
1249 797 1373 832 scalam3
1391 804 1503 827 sextum
1521 797 1633 834 autem,
1653 809 1735 835 quem
1752 810 1809 830 me-

307 853 419 882 morat,
440 848 555 879 modum
573 848 711 884 optimum
732 848 801 877 dicit
818 847 878 876 fieri
894 856 944 884 per
967 848 1065 883 ἄμβην
1083 847 1153 884 (a),
1179 857 1261 884 quam
1281 847 1322 877 sic
1338 848 1475 877 describit
1491 849 1566 886 (3):
1591 851 1726 888 „lignum
1746 860 1808 882 esto

307 898 464 928 latitudinis
486 900 545 928 fere
573 901 685 936 quidem
714 901 842 936 quinque
862 908 910 929 aut
936 906 1058 936 quatuor
1083 899 1257 936 digitorum,
1279 899 1476 928 crassitudinis
1501 908 1570 929 vero
1594 902 1738 939 duorum,
1760 910 1810 932 aut

307 951 389 979 etlam
415 949 548 986 tenuius,
569 951 756 987 longitudinis
779 958 871 980 autem
898 951 1062 980 bicubitalis
1077 971 1087 986 ‚
1107 958 1155 980 aut
1179 953 1265 987 paulo
1286 951 1392 981 minus.
1434 951 1656 988 superciliosam
1675 955 1744 992 (4)
1758 964 1809 984 au-

305 1010 360 1031 tem
382 1002 483 1031 habeat
508 1001 686 1031 eminentiam
713 1003 742 1032 in
768 1004 878 1032 summa
899 1002 1082 1032 rotunditatis
1107 1009 1186 1038 parte
1210 1004 1326 1039 paulum
1354 1009 1531 1039 exstantem,
1553 1005 1609 1039 qua
1633 1013 1692 1034 non
1709 1006 1806 1042 latus,

307 1054 357 1082 sed
379 1053 486 1082 brachii
503 1061 588 1090 caput
606 1053 738 1090 attingit,
759 1061 790 1083 ut
811 1054 878 1082 huic
897 1054 1048 1091 supposita
1068 1057 1126 1084 alae
1147 1056 1181 1084 ad
1199 1062 1294 1084 costas
1314 1056 1472 1092 adaptetur.
1516 1055 1641 1092 Lignum
1666 1066 1805 1093 quoque,

311 1114 367 1141 quo
386 1105 477 1134 lenius
492 1105 646 1140 reddatur,
668 1106 792 1134 extrema
815 1105 860 1133 sui
880 1112 958 1141 parte
977 1106 1095 1135 linteum
1116 1113 1165 1135 aut
1187 1106 1302 1135 fasciam
1327 1107 1442 1135 mollem
1466 1107 1666 1143 agglutinatam
1690 1108 1804 1137 habeat.

305 1157 413 1186 Deinde
432 1156 501 1193 ligni
519 1157 610 1193 capite
626 1155 682 1185 sub
699 1156 769 1184 alam
789 1156 888 1187 intro.
910 1164 1045 1191 quantum
1067 1158 1131 1186 fieri
1154 1164 1275 1194 potest,
1297 1158 1371 1186 inter
1388 1164 1508 1193 costas,
1531 1165 1559 1187 et
1586 1159 1694 1187 brachii
1718 1166 1805 1196 caput

305 1207 430 1244 impulso
445 1228 454 1241 ‚
477 1215 575 1236 manus
592 1213 652 1235 tota
667 1206 701 1234 ad
720 1206 827 1241 lignum
843 1213 973 1242 porrecta
996 1208 1106 1244 alligari
1122 1208 1226 1243 debet,
1248 1214 1281 1236 ut
1295 1208 1329 1236 ad
1344 1208 1490 1236 brachium
1506 1215 1535 1236 et
1551 1209 1585 1237 ad
1602 1209 1730 1238 cubitum
1744 1229 1754 1245 ,
1776 1217 1805 1239 et

301 1259 334 1286 ad
351 1260 445 1286 volam
467 1265 584 1292 manus,
607 1265 690 1292 quam
710 1256 869 1285 firmissime
896 1257 1045 1293 quiescaff'
1073 1257 1150 1294 (5).
1199 1258 1275 1287 Delu
1302 1258 1449 1294 quomodo
1474 1259 1609 1287 utendum
1636 1266 1700 1295 est,
1723 1266 1804 1289 notat

302 1310 423 1338 dicens:
468 1330 486 1344 „
507 1316 575 1345 post
601 1309 668 1337 haec
694 1308 856 1336 trabeculae
874 1314 1053 1338 transversae
1071 1309 1145 1338 inter
1168 1310 1237 1338 duas
1260 1310 1408 1338 columnas
1434 1309 1525 1346 prob‘e
1549 1310 1683 1345 allegatae
1703 1319 1803 1340 manus

304 1370 359 1390 una
380 1370 444 1390 curn
473 1361 551 1396 ligno
573 1359 850 1395 superimponenda,
874 1359 915 1387 sic
942 1367 973 1387 ut
997 1361 1081 1389 altera
1112 1361 1224 1396 quidem
1253 1369 1332 1397 parte
1356 1369 1477 1395 manus,
1506 1362 1593 1389 altera
1619 1370 1747 1398 corpus,
1768 1363 1804 1392 ad

302 1414 373 1442 alam
397 1421 468 1442 vero
495 1411 640 1442 trabecula
662 1417 814 1440 statua-tur.
855 1411 978 1441 Demum
1002 1410 1032 1441 in
1052 1412 1166 1441 alteram
1191 1417 1298 1448 partem
1326 1419 1426 1440 manus
1454 1419 1510 1441 una
1537 1420 1602 1440 cum
1625 1411 1703 1449 ligno
1729 1413 1804 1442 circa

1745 1471 1802 1494 tra·

333 1553 348 1586 (
364 1552 398 1586 1)
419 1552 529 1578 Modum
556 1552 700 1585 reponendi
716 1552 854 1578 humerum
870 1554 986 1579 luxatum
1000 1560 1050 1586 per
1066 1552 1162 1586 digitos
1176 1560 1228 1578 uon
1245 1553 1382 1578 secundum
1403 1559 1517 1579 naturam
1539 1559 1596 1579 esse
1617 1559 1706 1579 monet
1722 1553 1802 1586 Hipp.

297 1598 368 1625 addit
384 1600 472 1625 enim:
507 1618 524 1630 „
543 1600 749 1631 circumagentes
765 1599 791 1623 in
809 1605 878 1623 suam
897 1599 986 1624 sedem
1007 1600 1145 1625 articulum
1170 1599 1291 1631 cogunt''
1317 1600 1395 1631 magis
1413 1606 1495 1624 autem
1517 1598 1616 1629 laudat,
1641 1600 1685 1630 qui
1707 1598 1735 1623 fit
1755 1607 1802 1631 per

300 1647 395 1671 calcem
412 1651 438 1670 et
457 1645 599 1677 pistillum,
617 1645 643 1670 in
668 1645 714 1669 illo
740 1645 805 1670 enim
823 1651 911 1677 prope
936 1645 1079 1672 secundum
1097 1651 1213 1670 naturam
1238 1651 1345 1676 cogunt.
1370 1644 1425 1671 vid.
1443 1645 1553 1671 Sect.6.
1576 1644 1608 1669 de
1629 1650 1679 1670 art.
1697 1652 1726 1676 p.
1743 1645 1801 1676 382.

300 1691 362 1717 edit.
383 1692 462 1718 Foes.
481 1692 584 1717 Genev.
602 1691 676 1724 1657.

334 1736 401 1772 (2)
421 1737 506 1763 Heist.
523 1737 588 1762 Inst.
606 1737 679 1763 Chir.
696 1737 766 1764 Part.
783 1744 807 1764 1.
825 1744 850 1763 c.
865 1744 891 1770 7.
909 1743 958 1763 art.
972 1737 998 1763 6.
1018 1745 1047 1770 p.
1060 1742 1117 1769 245-
1139 1735 1224 1763 Amst.
1241 1742 1313 1769 1750.
1329 1735 1365 1764 O.
1379 1736 1402 1770 J.
1421 1735 1518 1762 Evers.
1537 1735 1594 1762 obs.
1610 1735 1642 1762 de
1658 1736 1714 1762 lux.
1729 1735 1800 1763 hum.

300 1785 335 1810 iu.
353 1785 389 1810 N.
407 1790 457 1810 act.
476 1790 525 1810 nat.
545 1783 645 1809 curios.
664 1790 682 1809 t.
695 1784 720 1809 8.
739 1783 797 1810 obS.
815 1783 857 1810 16.
874 1791 902 1816 p.
911 1783 956 1809 66.

419 1831 451 1856 Hi
493 1847 500 1855 .
518 1830 535 1855 l.
555 1836 579 1855 c.
616 1848 623 1856 .
658 1830 670 1854 8
689 1846 697 1855 .

335 1829 399 1910 {Z}
416 1837 505 1901 Abpga
522 1835 692 1907 superflui-30⁵}
712 1875 845 1901 eminentia
861 1875 912 1901 hoc
931 1875 1125 1901 instrumentum
1142 1880 1251 1899 vocatur
1268 1873 1357 1906 ἔμβὴ,
1381 1874 1456 1905 cujus
1473 1873 1547 1898 verbi
1565 1873 1649 1906 prima
1669 1873 1744 1898 notio
1763 1880 1802 1900 est

303 1922 472 1955 supercilium
492 1927 592 1953 petrae.
611 1921 682 1948 conf.
702 1921 762 1948 Gal.
779 1929 875 1947 comm.
891 1929 915 1948 1.
934 1923 959 1947 in
976 1921 1022 1946 lib.
1037 1920 1117 1953 Hipp.
1135 1919 1168 1945 de
1187 1926 1235 1946 art.
1253 1926 1272 1945 t.
1288 1925 1313 1951 5.
1332 1927 1359 1951 p.
1374 1926 1435 1953 255.
1452 1919 1548 1944 Venet.
1566 1926 1638 1951 1525.

337 1968 374 2001 (5
385 1967 406 2002 >>
418 1967 501 1995 Conf.
517 1968 541 1991 in
561 1967 587 1993 h.
603 1968 621 1993 l.
639 1967 691 1993 tab.
707 1974 750 1994 21.
767 1966 927 1994 Armament.
942 1967 1064 1998 Chirurg.
1081 1966 1202 1993 Sculteti.
1220 1967 1285 1997 Hag.
1303 1965 1405 1992 Comit.
1419 1964 1496 1997 1657.
1515 1962 1604 1998 (haec
1621 1970 1701 1990 tamen
1717 1964 1800 1997 figura

302 2022 352 2040 non
372 2015 452 2047 ipsam
470 2014 639 2046 Hippocratis
655 2014 742 2038 amben
759 2020 909 2046 proponere
928 2012 1035 2040 videtur
1054 2013 1214 2044 simplicem,
1242 2011 1286 2037 sed
1306 2011 1385 2042 magis
1402 2010 1591 2042 compositam,
1609 2017 1699 2042 postea
1720 2011 1799 2036 usita-

304 2069 373 2092 tam3
391 2061 459 2086 nulla
476 2060 540 2084 enirn
557 2059 585 2084 fit
605 2059 672 2091 apud
692 2066 821 2085 auctorem
839 2060 936 2085 mentio
955 2059 988 2084 de
1005 2058 1115 2090 quodam
1136 2059 1270 2085 articulo,
1289 2064 1341 2089 quo
1358 2056 1479 2088 superior
1493 2056 1598 2081 mobilis
1612 2063 1670 2088 pars
1690 2063 1747 2082 cum
1765 2056 1801 2081 in-

301 2107 392 2133 feriori
413 2107 501 2132 stabili
520 2104 756 2138 conjungeretur)
780 2112 806 2132 et
828 2105 977 2138 inspiciatur
1000 2105 1104 2136 tabula,
1122 2110 1186 2136 qnae
1208 2103 1338 2129 iuvenitur
1359 2103 1383 2128 in
1403 2102 1506 2128 Caleno
1526 2103 1739 2128 commentatore
1759 2107 1801 2127 su·

299 2164 342 2190 pra
360 2160 510 2182 memorato-
