1919 2511
304 144 342 174 50
548 131 783 162 ‘CLAUDII
823 129 1048 161 IlENRiCI
1089 136 1162 158 VAN
1205 127 1547 159 HERWERDEN

307 220 387 257 Quae
417 216 511 246 omnia
536 223 588 245 nec
619 224 678 245 non
707 215 759 245 alia
791 214 969 244 atrocissima
999 211 1117 240 crimina
1150 218 1183 240 ut
1212 211 1412 241 ecclesiasticis
1437 211 1618 249 praesulibus
1652 211 1816 240 innotesce-

309 277 392 305 rent,
422 268 569 298 dioeceses
593 276 660 296 suas
688 267 841 304 diligenter
860 273 888 296 et
915 265 1027 294 assidue
1052 262 1204 291 circumire
1227 270 1314 299 atque
1335 262 1476 300 inspicere
1501 263 1537 291 iis
1566 262 1710 299 praecepit
1736 261 1813 299 (1).

307 321 402 351 Etiam
427 319 608 348 matrimonio
637 318 802 355 gravitatem
828 325 857 346 et
883 317 1061 346 sanctitatem
1092 316 1242 352 pristinam
1268 316 1400 347 reddidit.
1441 315 1596 354 Religione
1620 315 1693 344 enim
1710 314 1816 345 confir-

309 380 382 400 mata
405 369 548 399 connubia
567 375 625 398 rata
650 368 847 398 tantummodo
870 367 960 405 jussit
983 365 1081 395 haberi
1101 367 1185 404 (2).

346 421 529 450 Christianae
559 419 684 448 caritatis
709 419 836 448 studium
864 426 892 447 et
920 417 1152 447 exercitationem
1182 418 1308 447 omnium
1334 417 1455 446 maxime
1481 426 1564 446 unam
1589 416 1813 446 commendavit.

310 475 357 504 Ne
378 474 496 508 viduis,
527 471 684 508 orphanis,
715 478 763 500 aut
780 470 939 508 peregrinis
967 468 1086 506 injuriae
1112 468 1284 498 inferrentur
1308 468 1474 505 saepissime
1494 468 1672 498 solemnibus
1700 467 1814 504 legibus

309 524 460 562 prohibuit
482 523 562 561 (3).
605 522 694 550 Multi
719 527 786 551 sunt
809 527 941 550 auctores
963 521 1025 558 ejus
1049 519 1111 548 aevi
1133 519 1164 549 in
1183 520 1321 549 laudanda
1342 519 1434 556 ipsius
1459 519 1561 548 Caroli
1589 528 1654 556 erga
1674 526 1816 555 pauperes

309 576 490 606 liberalitate.
532 575 594 604 Hac
619 574 659 603 ita
677 573 846 603 excelluisse
870 573 996 608 dicitu-r,
1018 577 1049 600 ut
1075 579 1124 599 eos
1145 579 1205 600 non
1224 570 1254 600 in
1279 579 1368 608 regno
1389 578 1442 599 suo
1467 577 1575 599 tantum
1596 569 1816 607 diligentissime

308 627 436 656 reficeret
458 633 544 662 atque
567 632 698 661 curaret,
719 626 770 654 sed
797 633 873 654 trans
898 623 984 653 maria
1012 623 1094 651 etiam
1120 632 1150 652 tn
1178 623 1310 660 Syriam,
1339 623 1526 660 Aegyptum,
1556 622 1704 659 Africam,
1733 623 1817 652 alias-

311 689 366 716 que
395 680 569 716 longinquas
597 679 728 715 regiones
759 677 907 714 pecuniam
945 677 1094 710 mitteret,
1133 674 1158 703 si
1192 675 1305 711 quando
1339 674 1522 704 Christianos
1553 674 1654 711 iuopia
1689 674 1817 704 laborare

308 730 527 767 comper-iisset,
549 729 671 765 ideoque
696 729 725 758 in
751 727 850 765 primis
879 728 1134 758 transmarinorum
1161 737 1260 766 regum
1285 728 1436 758 amicitiam
1460 735 1590 765 peteret,
1619 736 1652 757 ut
1675 728 1818 757 Christia-

308 792 365 812 nos
389 783 418 812 in
440 791 538 811 eorum
568 781 682 818 imperii
705 780 814 809 ditione
836 780 972 816 degentes
992 785 1151 808 sustentare
1175 786 1275 816 posset
1295 780 1376 818 (4).
1415 779 1507 816 Igitur
1528 780 1564 808 ad
1587 780 1660 809 hanc
1680 779 1815 809 virtutem

307 835 430 863 alendam
454 840 482 862 et
502 832 654 862 fovendam
680 832 822 868 populum
845 839 929 860 suum
956 830 1069 866 saepius
1096 831 1287 860 commonuit.
1327 830 1374 860 Ne
1401 829 1506 867 inopes
1526 839 1541 860 a
1561 831 1727 869 judicibus,
1752 838 1818 860 cor-

306 885 401 921 ruptis
422 884 618 921 potentiorum
643 881 869 912 adversariorum
893 881 1082 917 muneribus,
1105 881 1359 918 opprimerentur,
1388 881 1534 919 principes
1556 882 1693 918 quosdam
1715 882 1815 917 viros,

305 936 417 965 Missos
437 934 608 964 Dominicos
629 934 722 963 dictos
747 931 920 968 constituit,
942 932 992 969 qui
1011 939 1113 961 terram
1132 941 1313 970 peragrantes
1335 942 1400 962 cum
1424 936 1565 971 permulta
1584 933 1637 964 alia
1664 940 1817 969 curarent,

305 994 363 1016 tum
388 986 528 1024 ejusmodi
553 986 700 1014 hominum
719 993 834 1013 caussas
856 984 890 1012 ad
911 993 941 1013 se
962 984 1069 1013 delatas
1098 984 1290 1014 examinarent
1308 991 1395 1021 atque
1416 985 1576 1023 judicarent
1596 987 1613 1024 (
1625 991 1644 1022 5
1658 985 1687 1022 ).
1725 985 1818 1014 Pecu-

305 1038 401 1067 liarem
431 1046 526 1066 curam
553 1045 671 1072 quoque
698 1035 786 1073 gessit
814 1036 973 1070 domuum,
1005 1036 1258 1065 Xenodochiorum
1290 1036 1435 1073 nomine,
1474 1045 1509 1066 eo
1535 1036 1659 1066 consilio
1684 1036 1713 1066 in
1737 1034 1820 1065 Italia

303 1088 469 1125 praesertim
495 1086 697 1122 conditarum,
718 1092 751 1115 ut
775 1086 987 1123 peregrinantes
1006 1094 1147 1122 pauperes
1167 1096 1196 1117 tn
1215 1088 1250 1117 iis
1269 1087 1471 1124 exciperentur
1494 1088 1571 1124 (6).

343 1140 468 1169 Carolus
492 1138 554 1167 sive
576 1139 717 1174 prospera
737 1143 866 1166 uteretur
886 1137 1027 1173 fortuna,
1050 1138 1111 1167 sive
1133 1140 1253 1168 adversa
1277 1140 1468 1176 affligeretur,
1499 1138 1750 1175 supplicationes,
1774 1136 1818 1175 je·

300 1192 400 1230 iunia,
430 1191 627 1226 eleemosynas
654 1189 683 1218 in
708 1188 764 1217 Dei
789 1188 929 1216 honorem
959 1194 987 1216 et
1010 1189 1128 1225 gloriam
1153 1189 1281 1219 facienda
1298 1210 1309 1227 ‚
1338 1190 1452 1226 saepius
1481 1189 1609 1219 instituit
1637 1190 1721 1228 (7).
1772 1189 1820 1218 De

304 1245 360 1279 qua
385 1251 415 1272 re
440 1249 527 1278 quum
548 1240 582 1270 ad
607 1249 661 1270 nos
683 1241 848 1277 pervenerit
873 1238 997 1276 epistola
1020 1241 1141 1277 Caroli,
1163 1240 1357 1270 admirabilem
1383 1241 1496 1278 spirans
1523 1240 1682 1277 pietatem,
1715 1239 1817 1277 paucis

303 1303 361 1324 eam
386 1295 563 1323 evolvamus..
604 1293 655 1322 Ait
686 1292 775 1329 igitur
797 1299 889 1320 terrae
918 1292 1117 1329 sterilitatem,
1144 1302 1216 1329 quae
1247 1292 1349 1323 famem
1375 1292 1477 1322 minari
1499 1291 1650 1327 videatur,
1676 1290 1818 1327 intempe-

302 1346 370 1374 riem
391 1344 463 1374 aeris
489 1342 623 1380 frugibus
646 1343 785 1378 noxiam,
816 1349 948 1380 pestem,
977 1344 1104 1381 gentium
1132 1344 1289 1374 vicinarum
1316 1344 1391 1374 bella
1417 1343 1541 1379 denique
1569 1344 1662 1380 palam
1692 1343 1818 1378 docere,

302 1405 360 1426 non
385 1398 497 1433 placere
523 1395 587 1425 Deo
617 1394 756 1424 internam
781 1394 929 1423 hominum
955 1394 1234 1432 conformationem,
1265 1396 1315 1432 qui
1342 1403 1388 1425 tot
1412 1395 1560 1431 tantisque
1583 1394 1709 1424 externis
1734 1392 1818 1423 malis

303 1449 522 1485 compellantur.
563 1447 646 1476 Hanc
675 1446 713 1475 ob
741 1455 853 1476 causam
877 1447 934 1475 sibi
959 1446 1070 1482 videri,
1102 1453 1134 1476 ut
1154 1447 1359 1484 unusquisque
1383 1456 1435 1476 cor
1460 1455 1544 1476 suum
1567 1446 1674 1475 humile
1698 1445 1816 1474 reddere

304 1503 432 1536 studeat,
453 1510 504 1535 ac,
523 1500 548 1529 si
569 1500 638 1536 quid
653 1499 746 1529 Deum
768 1499 940 1535 offenderit,
961 1498 1129 1535 poeniteat,
1155 1498 1248 1535 ipsum
1269 1499 1384 1534 doleat,
1413 1498 1497 1534 fleat,
1526 1504 1616 1527 semet
1635 1497 1718 1534 ipse,
1747 1503 1821 1532 qua·

303 1559 387 1581 tenus
412 1552 476 1581 Deo
503 1551 642 1588 largiente
664 1550 778 1587 possit,
801 1559 817 1580 a
840 1550 919 1580 vitiis
941 1550 1053 1580 istisin
1076 1558 1225 1588 posterum
1243 1550 1384 1580 abstineat
1407 1557 1435 1580 et
1452 1550 1607 1579 custodiat.
1650 1547 1752 1579 Ind1cti
1774 1548 1822 1585 J'e·

300 1604 374 1642 junii
393 1610 484 1632 autem
503 1602 562 1631 hoc
583 1610 646 1631 esse
671 1602 826 1632 consilium
839 1622 849 1637 ,
872 1608 905 1630 ut
924 1602 1023 1638 Deus,
1045 1601 1120 1631 facta
1143 1610 1202 1635 uon
1227 1603 1344 1639 solum,
1366 1602 1419 1631 sed
1437 1602 1519 1639 prius
1542 1601 1627 1632 etiam
1651 1608 1737 1637 quam
1758 1598 1818 1627 effi'-
1840 1624 1843 1625 ⁷

302 1655 415 1685 ciantur
435 1661 557 1684 noscens
582 1652 728 1690 consilia,
756 1653 844 1682 corda
867 1659 1063 1690 compugnat,
1093 1652 1226 1683 homines
1249 1660 1316 1683 vere
1341 1651 1488 1689 supplices
1513 1650 1629 1686 sibique
1651 1647 1817 1678 submissos

1754 1699 1820 1728 red-

338 1787 353 1821 (
368 1795 380 1814 r
393 1784 412 1822 )-
428 1787 494 1818 Cap.
512 1792 534 1814 a.
548 1784 604 1818 813.
624 1784 746 1817 aquisgr.
765 1792 843 1812 conc.
861 1793 887 1811 n.
907 1790 930 1812 π.
948 1791 991 1816 ap.
1008 1786 1094 1818 Bouq.
1112 1793 1140 1818 ph
1153 1785 1215 1812 686.
1348 1783 1412 1817 (2)
1431 1781 1491 1809 vid.
1510 1780 1603 1808 Henke
1621 1789 1648 1815 p.
1664 1787 1725 1815 519.

336 1832 399 1868 (3)
419 1834 486 1865 Cap.
501 1839 524 1857 at
533 1832 594 1865 782.
613 1839 638 1858 n.
653 1838 678 1864 5.
695 1840 723 1864 p.
739 1831 801 1864 639,
818 1831 836 1858 1.
854 1832 873 1858 1.
890 1838 914 1858 a.
930 1832 988 1864 805.
1005 1836 1031 1858 n.
1046 1838 1071 1859 a.
1088 1832 1152 1865 672.
1169 1832 1187 1858 l.
1206 1831 1223 1858 l.
1249 1838 1274 1858 n.
1288 1838 1330 1864 24.
1354 1837 1381 1864 p.
1395 1830 1454 1864 674,
1474 1830 1494 1856 1.
1516 1829 1535 1856 l.
1552 1836 1610 1862 cap.
1627 1835 1651 1855 a.
1670 1827 1732 1855 806.
1751 1833 1779 1855 n.
1796 1833 1813 1854 2

305 1888 331 1914 p.
345 1881 403 1913 675.
421 1880 439 1906 1.
458 1879 477 1904 l.
494 1878 585 1909 inlita.
604 1885 630 1904 n.
642 1885 669 1905 2.

338 1924 403 1962 (4)
422 1924 518 1957 Eginht
533 1925 586 1950 vita
605 1924 664 1950 Car.
682 1922 724 1950 M.
741 1928 767 1949 e.
783 1931 827 1956 27·
843 1922 910 1951 Ann.
928 1923 1005 1950 Poet.
1024 1922 1091 1951 Lax.
1108 1930 1205 1958 p.472.
1222 1930 1281 1957 sqq.
1298 1929 1358 1957 505.
1375 1930 1432 1956 sqq.
1450 1921 1548 1950 chron.
1565 1922 1679 1949 Fontem
1693 1926 1720 1948 c.
1736 1919 1779 1946 16.

336 1972 378 2005 (5
389 1971 406 2006 J
423 1971 486 1998 vid.
502 1970 601 1998 Chron.
621 1970 708 1996 Muss.
725 1976 748 1996 a.
767 1969 826 1996 802.
1060 1967 1063 1970 '

337 2017 407 2053 (6)
423 2017 475 2051 Ep.
492 2017 522 2043 ad
540 2018 624 2050 Pipin.
643 2017 700 2043 ital.
716 2023 770 2048 reg.
787 2016 828 2042 16.
846 2023 889 2049 ap.
905 2017 992 2049 Bouq.
1017 2024 1048 2049 p.
1058 2017 1119 2049 629.
1136 2024 1195 2051 cap.
1213 2025 1237 2045 a.
1250 2022 1310 2052 793.
1327 2024 1370 2050 ap.
1388 2016 1475 2044 Mami
1500 2021 1523 2043 ι.
1534 2014 1612 2042 xm.
1634 2020 1662 2047 p-
1677 2012 1737 2045 863.
1761 2011 1817 2039 Ba·

301 2068 357 2093 hie.
371 2071 434 2098 κεῖ.
631 2061 701 2097 (7)
719 2062 801 2090 Mon.
814 2062 926 2095 sangall.
939 2063 962 2090 1.,
973 2063 1009 2090 Π.
1028 2070 1053 2091 c.
1071 2062 1114 2090 16.
