1919 2511
388 103 619 137 RESPONSIO
649 112 692 134 An
721 100 1033 142 QUAESTIONEM
1062 98 1342 131 LITERARIAM.
1593 107 1631 135 27

155 199 259 240 Epulis
277 212 312 221 —
330 194 474 225 adhibuit.
516 193 649 232 Aliquem
672 191 715 221 ad
728 185 884 222 eonvivium
910 189 1046 220 adhibere
1066 188 1202 218 solemnis
1227 195 1269 217 est
1290 187 1399 217 locutio
1416 196 1425 217 z
1456 187 1628 223 exquisitius

118 252 229 282 Noster
249 248 338 278 dixit:
360 247 483 284 aliquem
505 246 651 275 convivam
670 244 761 283 epulis
785 241 919 272 adhibere
945 242 1025 279 quod
1050 240 1159 270 dixisse
1183 240 1300 269 videtur
1315 239 1350 268 ad
1367 240 1525 275 exemplum
1544 238 1629 275 Vrrg.

121 302 193 333 Lib.
209 301 251 332 V.
272 300 347 330 Aen.
368 306 415 329 vs.
434 297 483 327 62.

785 345 922 375 Adhibita
941 345 1062 374 Penates

404 401 448 430 Et
464 400 574 439 patrios
594 399 703 439 epulis,
725 404 752 428 et
772 407 837 436 quos
857 397 925 427 colit
944 397 1037 435 hospes
1058 395 1184 424 Acestes.-

159 455 272 492 Abjeeit
285 468 324 477 σ-
340 452 533 491 peculiaribus
559 457 617 480 cet.
657 451 690 480 In
708 450 828 479 Graecis
855 455 915 478 est:
939 450 973 482 ὥς
994 451 1045 486 κᾴν
1063 450 1115 478 τῶν
1134 445 1290 483 συντρόφων
1308 455 1348 474 σοι
1368 444 1462 473 οἰωνῶν
1477 443 1527 477 τήν
1545 442 1639 473 πίστιν

119 508 256 544 ’περιελεῖν
277 504 358 541 quod
379 504 515 540 vulgatus
539 502 701 539 interpres,
723 510 808 538 quem
825 501 931 530 Aldum
949 499 1041 528 fuisse
1066 499 1155 534 vulgo
1192 497 1332 530 credunt,
1354 494 1395 523 sic
1421 494 1526 524 vertit:
1548 500 1581 522 ut
1606 502 1641 521 ex

114 556 309 598 peculiaribus
328 564 434 594 quoque
457 554 512 583 tibi
530 555 664 592 auguriis
681 552 768 589 fidem
787 552 955 581 sustulerit:
983 558 1067 586 quam
1088 556 1250 579 verslonem
1275 545 1428 575 manifesto
1450 551 1568 574 secutus
1594 550 1638 572 est

119 610 261 640 Faernus.
301 608 358 637 Sed
379 606 581 643 Heusingerus
606 606 735 635 ostendit
760 606 847 637 αἰῶνος
865 604 922 632 hoc
942 603 1009 631 loco
1035 609 1094 630 non
1115 608 1178 627 esse
1198 599 1354 636 augurium
1374 597 1425 625 sed
1440 604 1518 624 avem
1535 601 1563 623 et
1579 596 1643 625 σύν-

120 659 241 699 τροφους
262 661 367 692 οἰωνοὺς
389 667 453 687 esse
477 666 566 694 aves,
587 667 660 696 quae
684 655 773 686 eodem
787 676 797 692 ‚
827 665 880 694 quo
906 655 1028 688 cornix,
1057 653 1135 681 victu
1164 656 1288 679 utuntur
1311 649 1442 684 adeoque
1468 645 1558 675 totius
1583 645 1641 674 loci

121 709 198 741 hunc
230 720 293 741 esse
318 717 454 740 sensum:
501 709 542 738 Ut
570 711 621 738 uni
645 709 698 738 tibi
723 709 846 738 omnium
873 707 992 741 avium,
1021 702 1182 741 quibuscum
1207 700 1359 730 eommunis
1385 698 1439 728 tibi
1462 699 1551 727 ‘victus
1578 703 1638 731 est,

119 760 205 798 fidem
224 762 386 802 dempserit.

158 813 229 842 Tum
253 822 390 851 magnum
413 818 472 843 cet.
512 811 643 841 Imitatus
665 819 727 840 esse
749 809 864 839 videtur
885 807 972 837 Ovid.
992 805 1115 836 Metam.
1138 802 1208 834 Lib.
1224 802 1250 832 Ι.
1271 810 1319 832 vs.
1335 800 1403 839 656.

729 861 800 891 Alto
819 866 932 890 tantum
953 858 1078 897 suspiria
1096 855 1175 884 ducis

454 914 584 945 Pectore.

162 965 305 1011 *Animum
322 965 485 1004 despondeo.
526 966 666 995 Animum
681 962 849 1003 despondere
869 970 924 1000 pro
941 957 1093 1000 desperare
1114 962 1238 994 usurpat
1258 954 1342 985 etiam
1361 953 1456 983 Plaut.
1477 950 1547 981 Mil.
1573 951 1644 981 Act·

130 1016 186 1047 IV.
207 1016 258 1046 Sc.
279 1026 308 1047 2.
329 1025 376 1046 VS.
392 1017 440 1046 62.

413 1068 495 1096 Nam
516 1068 573 1096 nisi
591 1073 624 1096 tu
643 1067 689 1096 illi
701 1066 767 1104 fers
786 1065 950 1105 suppetias,
970 1064 1034 1102 jam
1054 1062 1108 1092 illa
1128 1061 1257 1090 animum
1276 1054 1464 1095 despondebit.

127 1126 161 1164 et·
176 1119 247 1165 Liv.
267 1118 339 1149 Lib.
356 1117 412 1147 111.
432 1126 498 1154 cap.
518 1119 567 1155 38.
597 1117 664 1153 init.
691 1127 740 1147 nec
764 1119 820 1156 ipsi
840 1117 927 1146 solum
950 1112 1158 1154 desponderent
1184 1111 1303 1139 animos.

144 1169 149 1174 ’
165 1160 347 1210 Obsequeta'.'
367 1169 501 1199 Verbum
521 1169 685 1199 Plautinum
703 1164 738 1199 'in
757 1169 842 1198 Asin.
859 1168 935 1197 Act.
955 1167 979 1197 1.
1002 1166 1052 1196 Sc.
1071 1172 1098 1195 1.
1119 1172 1166 1193 vs.
1185 1169 1235 1199 50.

417 1221 474 1259 Qui
493 1221 566 1250 mihi
585 1219 789 1250 auscultabunt
801 1219 917 1257 facient
940 1217 1124 1256 obsequelam·

126 1275 178 1305 ubi
199 1281 294 1305 tamen
313 1274 442 1311 Scaliger
463 1279 491 1302 et
510 1272 684 1302 Gronovius
703 1271 917 1301 substituerunt
937 1269 1154 1307 obsequentiam.

167 1325 406 1364 Offensionemque
425 1340 461 1347 —
481 1325 598 1354 leniam.
649 1324 698 1353 Sic
726 1324 810 1352 etiarn
840 1322 909 1352 Cic.
933 1321 968 1350 de
994 1321 1058 1350 Inv.
1085 1318 1156 1348 Lib.
1174 1317 1199 1347 Ι.
1232 1324 1295 1353 cap.
1317 1323 1367 1344 21.
1422 1332 1440 1349 „
1460 1309 1543 1340 Obest
1567 1317 1647 1342 tum,

130 1398 149 1415 ,‚
168 1388 232 1408 cum
263 1379 351 1416 ipsius
374 1378 418 1406 rei
439 1383 536 1414 gestae
563 1376 697 1414 expositio
722 1368 857 1413 magnum
892 1373 998 1411 excipit
1024 1368 1221 1408 offensionem,
1253 1375 1338 1406 quam
1369 1361 1595 1403 argumentando
1624 1367 1651 1390 et

129 1450 149 1467 „
168 1438 283 1458 eausam
303 1428 409 1467 agendo
429 1428 517 1457 leniri
535 1426 707 1465 oportebit.”

170 1480 235 1522 Qu?
255 1483 367 1510 vincere
390 1485 447 1509 cet.
489 1478 694 1515 Epimythium
708 1474 775 1506 vhoc
793 1478 888 1506 multo
906 1475 1004 1504 sanius
1024 1480 1053 1503 et
1070 1471 1163 1503 lenius
1181 1478 1225 1501 est
1243 1479 1326 1508 quam
1346 1469 1425 1506 quod
1441 1465 1558 1497 Graecis
1577 1464 1647 1494 sub-

129 1533 247 1571 jicitur,
268 1534 375 1562 multos
401 1531 512 1561 scilicet
532 1530 607 1560 lucri
627 1539 712 1560 causa
731 1529 855 1559 inimicis
875 1527 936 1558 suis
956 1526 1074 1557 adulari.

439 1713 702 1744 FABULA
759 1709 1025 1743 DECIMA
1082 1703 1350 1737 TERTIA.

700 1806 844 1829 c0Rvu8
878 1805 921 1826 ET
956 1803 1093 1825 MATER.-

429 1886 592 1915 Destitutus
610 1893 710 1914 corvus
728 1892 815 1922 aeger
832 1883 931 1911 mortis
951 1883 983 1909 in
996 1879 1145 1919 periculo,

427 1937 544 1966 Anxius
563 1943 684 1965 matrem
704 1935 845 1974 rogabat,
866 1940 898 1963 ut
916 1933 1010 1962 salute
1023 1939 1078 1970 pro
1097 1938 1150 1958 sua

431 1989 507 2018 Vota
526 1988 594 2017 Diis
613 1994 744 2027 concepta
762 1987 878 2026 supplex
895 1992 923 2014 et
937 1992 1033 2024 preces
1052 1979 1227 2019 effunderet:

430 2040 512 2069 Nate
532 2041 572 2069 mi
591 2039 663 2078 quid
679 2045 746 2070 vota
762 2046 815 2078 pro
833 2045 884 2077 te,
904 2045 999 2068 mater
1017 2038 1132 2074 inquit,
1158 2032 1341 2074 proderunt,

987 2088 1015 2118 D
1036 2097 1055 2117 2
1594 2076 1658 2115 Qui
