1919 2511
253 142 291 172 24
682 141 712 173 J.
801 150 941 173 vAN
1027 137 1283 169 HALL

252 226 317 260 lata
337 226 497 259 beneficia
523 227 643 271 cogito,
667 226 707 259 de
724 226 776 258 his
796 226 873 258 solis
898 235 940 257 ex
967 224 1070 257 animi
1090 224 1251 256 sententia
1271 222 1450 263 dicentem,
1474 221 1544 255 dies
1562 233 1616 257 me
1635 224 1718 257 defi-

255 284 328 315 ciat.
384 285 430 315 Ut
457 294 535 316 vero
563 294 674 315 meam
702 283 867 315 inscitiam
894 292 972 314 011111
999 282 1120 313 Vestra
1145 279 1326 312 eruditione
1351 278 1499 320 consere,
1534 284 1571 312 ut
1598 281 1720 324 aliquid

253 338 470 382 probabiliter
498 338 658 380 efficiam,
695 341 856 372 Vestrum
889 336 973 370 mihi
1002 334 1249 379 implorandum
1279 344 1350 367 0550
1381 333 1540 367 auxilium
1570 336 1720 380 intelligo.

258 398 473 438 Quamquam
501 397 641 428 Vestrae
659 394 773 428 laudes
795 405 870 427 meo
893 404 961 427 non
981 391 1125 435 indigent
1142 391 1331 434 praeconio!
1382 391 1515 434 Egregie
1544 402 1621 425 vero
1648 394 1720 426 Vos

257 451 298 484 de
324 462 377 483 me
404 460 476 482 esse
500 451 650 492 meritos,
675 451 785 483 sciunt
805 450 992 493 quicunque
1013 448 1130 489 talem,
1155 447 1401 490 qualiscumque
1423 447 1505 489 sim,
1528 449 1643 491 unice,
1665 459 1721 483 me

259 518 301 540 ex
324 508 428 540 vestra
452 505 619 548 disciplina
642 507 802 539 exstitisse
824 517 893 539 non
916 506 1077 548 ignorent!

302 562 379 595 Tibi
405 563 585 606 imprimis,
610 562 798 595 Clarissime
827 574 904 595 VAN
926 563 1097 593 neeman!
1144 557 1251 593 Civilis
1275 557 1474 591 Prudentiae
1498 558 1601 592 debeo
1623 562 1721 595 insti-

259 619 430 652 tutionem.
484 619 517 650 Si
533 620 604 660 jure
626 618 805 661 premenda
831 619 1000 659 Majorum
1026 615 1157 658 vestigia
1180 615 1348 656 existimo,
1372 613 1400 647 si
1423 625 1602 658 umquam,
1626 618 1722 662 longo

248 675 333 707 ,11001
350 674 536 714 intervallo,
555 675 725 716 Majorum
743 674 893 718 exempla
909 677 1083 705 secuturus
1098 681 1172 703 sum
1182 695 1191 711 ,
1209 681 1308 703 omne
1322 670 1402 704 illud
1418 677 1513 705 tuum
1527 676 1588 706 est!
1631 674 1724 718 Quin

259 730 370 773 ipsum
390 729 468 763 illud
488 740 628 771 munus,
660 730 748 773 quod
767 730 916 773 suscepi,
946 739 1014 761 non
1033 728 1113 760 citra
1137 737 1272 759 omnem
1290 731 1385 759 tuam
1403 730 1725 765 commendationem

262 786 344 819 mihi
362 785 511 818 oblatum
528 785 646 828 fuisse,
669 788 741 828 jure
759 786 921 829 suspicari
940 783 1022 816 mihi
1040 782 1166 817 videor!
1213 784 1279 814 Pro
1298 787 1346 815 tot
1366 789 1398 816 et
1417 786 1514 817 tantis
1534 785 1721 830 beneficiis,

261 853 364 886 quam
388 852 492 874 unam
515 840 572 873 tibi
594 840 711 874 offerre
736 852 891 885 possum,
923 838 1006 884 grati
1027 839 1092 871 mei
1112 837 1217 871 animi
1237 837 1406 881 publicam
1432 840 1544 884 accipe
1569 843 1726 877 testifica-

262 900 398 931 tionem.
445 897 534 939 Scio,
565 908 667 940 quam
690 898 876 941 longissime
901 907 920 929 a
945 898 998 928 tua
1023 906 1077 928 me
1103 894 1218 927 abesse
1242 895 1425 928 litterarum
1445 902 1476 929 et
1498 899 1579 939 juris
1600 900 1726 942 peritia.

265 954 329 987 Sed
353 955 408 997 qui
432 953 496 986 1100
520 954 670 997 ignorare
702 964 771 986 11011
800 957 996 997 potuerunt,
1026 951 1148 995 egregie
1171 956 1203 982 et
1225 950 1308 983 mihi
1333 956 1365 984 et
1391 952 1510 986 scholis
1538 956 1621 987 meis
1646 966 1729 1000 pro-

265 1012 411 1054 spexisse
437 1009 590 1044 videntur
610 1013 785 1051 Prooeres,
809 1010 865 1053 qui
884 1009 961 1050 tibi,
990 1007 1072 1040 rude
1092 1007 1231 1049 donato,
1255 1017 1381 1040 1111111115
1405 1008 1544 1043 docendi
1567 1012 1730 1056 integrum

266 1068 477 1109 reliquerunt.
524 1068 619 1099 Sinas
638 1068 751 1110 igitur,
775 1065 954 1107 discipulus
971 1074 991 1096 a
1006 1064 1180 1105 magistro,
1205 1064 1332 1095 amicus
1351 1063 1394 1096 ab
1414 1066 1522 1098 amico
1539 1073 1668 1110 petam,
1694 1075 1730 1102 ut

266 1123 425 1163 0011511115,
456 1128 488 1155 01
513 1123 714 1166 praeceptis,
745 1126 778 1154 et
803 1119 925 1154 auxilio
952 1125 1009 1153 tuo
1031 1117 1131 1160 mihi,
1156 1124 1193 1151 ut
1216 1119 1343 1161 adhuc,
1367 1120 1413 1153 ita
1436 1120 1590 1166 deinceps
1614 1124 1731 1159 adesse

265 1178 357 1211 haud
378 1178 572 1221 dedigneris.

313 1238 447 1268 Ceteros
470 1236 706 1278 Praeceptores
732 1245 808 1268 eum
830 1233 987 1278 respicio,
1014 1245 1233 1275 nossanm,
1262 1246 1453 1277 emissum,
1485 1248 1732 1271 swmnENmu

271 1302 366 1335 aegre
392 1290 555 1323 desidero!
607 1293 741 1332 Quanta
760 1282 815 1325 illa
837 1291 999 1325 Athenaei
1020 1291 1124 1325 1105111
1141 1289 1267 1323 lumina
1285 1291 1371 1323 intra
1392 1289 1491 1325 breve
1518 1298 1648 1339 ternpus
1669 1305 1734 1330 ex·-

271 1348 404 1380 stincta!
451 1350 527 1389 Quo
546 1348 649 1390 magis
670 1353 737 1389 est,
760 1354 797 1380 ut
815 1358 872 1382 vos
891 1349 1082 1391 superstites
1103 1356 1174 1379 esse
1193 1346 1353 1390 gaudeam
1365 1371 1374 1388 ‚
1394 1349 1627 1392 Praeceptores
1646 1351 1734 1384 eele-¹

271 1403 418 1436 berrimi!
443 1415 522 1436 VAN
544 1416 622 1436 DER
644 1415 846 1446 BREGGEN,
870 1416 948 1437 VAN
969 1416 1141 1444 LENNEP,
1159 1415 1238 1437 VAN
1260 1415 1474 1445 CAPPELLE,
1494 1410 1526 1438 et
1546 1418 1624 1438 DEN
1645 1411 1731 1441 TEx!

272 1462 323 1492 Te
340 1459 522 1502 imprimiS,
546 1458 734 1492 Clarissime
756 1472 833 1493 van
855 1464 1023 1494 LENNEP!
1048 1460 1101 1494 cui
1117 1459 1195 1493 illud
1212 1470 1336 1492 munus
1352 1459 1545 1493 obeundum
1562 1468 1627 1504 est,
1646 1463 1735 1507 quod

274 1517 460 1549 arctissimo
485 1515 614 1549 vinculo
635 1526 713 1548 eum
731 1521 845 1549 nostro
864 1516 1035 1558 cohaeret,
1065 1517 1093 1548 si
1117 1515 1251 1559 quidem
1276 1517 1348 1558 jure
1372 1527 1392 1548 a
1416 1517 1600 1558 Maioribus
1621 1518 1737 1553 existi-

274 1577 404 1604 matum
426 1577 492 1612 est,
516 1572 579 1604 nisi
597 1582 638 1604 ex
658 1571 809 1614 historia,
833 1578 865 1605 et
882 1573 1012 1615 litteris,
1036 1578 1068 1605 et
1084 1571 1277 1616 antiquitate
1292 1574 1308 1604 J
1313 1582 1349 1604 us
1368 1575 1559 1607 Romanum
1574 1575 1739 1619 interpre—

276 1616 340 1660 tari
359 1638 393 1659 se
413 1638 481 1661 non
497 1638 612 1670 posse,
636 1630 686 1660 Te
703 1638 836 1661 summo
852 1639 983 1672 semper
1000 1629 1136 1672 flagrare
1153 1629 1336 1661 litterarum
1352 1639 1484 1671 amore,
1508 1635 1606 1673 atque
1623 1633 1657 1663 ea
1672 1630 1739 1663 frui

277 1683 481 1725 valetudine,
504 1694 588 1727 quae
606 1686 655 1717 Te
673 1684 800 1717 fructus
818 1695 859 1717 ex
875 1691 932 1717 tuo
947 1685 1000 1718 illo
1018 1683 1127 1716 studio
1146 1683 1291 1728 colligere
1306 1685 1469 1727 patiatur,
1492 1686 1640 1728 impense
1654 1694 1739 1730 gau-

277 1739 353 1772 deo!
408 1740 502 1772 Sinas
530 1750 671 1783 quaeso,
695 1745 732 1774 ut
755 1751 886 1785 semper
909 1743 960 1774 Te
983 1743 1238 1782 Praeceptorem
1258 1741 1382 1781 colam,
1406 1745 1523 1784 atque,
1547 1747 1584 1774 ut
1601 1743 1677 1775 olim
1697 1754 1738 1776 ex

279 1795 497 1837 institutione,
525 1795 572 1828 ita
593 1807 684 1830 nunc
708 1808 750 1829 ex
773 1799 846 1839 tua,
877 1799 939 1840 qua
963 1802 1054 1836 utor,
1084 1796 1224 1828 amicitia
1241 1795 1369 1828 fructus
1390 1797 1520 1840 capiam
1538 1797 1736 1832 uberrimos!

322 1853 453 1883 Tecum
471 1862 566 1893 vero,
591 1853 777 1885 Clarissime
801 1865 877 1885 DEN
898 1855 986 1886 TEx!
1014 1856 1070 1893 ut,
1093 1852 1121 1883 si
1138 1861 1288 1894 possem,
1313 1853 1560 1887 sanctissimum
1579 1855 1741 1888 amicitiae

283 1907 397 1939 foedus
420 1907 557 1948 inirem,
590 1907 622 1940 et
646 1914 760 1941 nostra
784 1910 955 1952 utriusque
981 1914 1087 1949 1101115,
1118 1912 1150 1939 et
1170 1918 1348 1941 munerum
1370 1898 1470 1951 ratio,
1502 1915 1533 1942 et
1550 1911 1741 1944 notissimus

282 1962 365 1994 milii
385 1963 436 1995 ille
458 1964 561 1996 animi
586 1965 633 1997 tui
657 1964 784 1997 candor
805 1965 976 1998 suadebat.
1022 1965 1066 1996 At
1084 1974 1162 1997 vero
1183 1975 1285 2007 quam
1306 1975 1441 1998 0111110111
1463 1967 1742 2009 exspectationem

281 2028 392 2050 meam
418 2018 600 2061 superasti,
641 2031 717 2053 cum
746 2022 829 2054 ultro
855 2021 937 2053 mihi
964 2026 1040 2053 tuae
1065 2018 1227 2052 amicitiae
1253 2030 1347 2063 spem
1373 2021 1494 2063 fecisti,
1526 2033 1664 2066 eamque
1693 2024 1742 2056 510

280 2073 396 2108 deinde
422 2074 642 2118 confirmasti,
673 2082 727 2120 ut,
761 2077 849 2122 quod
873 2078 998 2119 evenit,
1029 2087 1135 2110 unum
1160 2076 1230 2110 fore
1254 2077 1461 2121 eundemque
1484 2080 1605 2112 nostris
1626 2079 1741 2112 studiis

1663 2144 1746 2177 pro-
