1919 2511
607 170 647 201 P.
690 161 1000 200 HOFMANNI
1042 153 1395 192 PEERLKAME

379 257 558 293 Barbariae
578 254 736 290 domitrix
759 262 841 286 ausa
868 255 919 284 est
940 246 1111 283 ostendere
1128 249 1263 279 sanetas

468 330 623 370 Europae
642 325 728 368 leges
750 328 783 355 et
800 331 862 354 sua
887 321 961 363 jura
984 316 1134 350 Themis.

382 397 573 431 Thesauros
593 393 709 439 pandit
728 391 818 426 dives
846 391 975 422 Natura
1000 385 1156 418 reclusos.

472 464 649 499 Astriferae
670 460 787 495 mundi
808 469 871 492 neo
894 458 1018 491 latuere
1042 454 1126 488 viae.

389 535 480 580 Quid
500 533 643 567 referam
663 532 764 564 lectas
787 526 909 562 Libani
931 524 972 558 de
995 522 1113 558 vertice
1135 519 1289 564 palmas?

474 609 649 649 Ductaque
670 612 731 648 per
753 609 867 634 saeros
889 597 979 641 orgia
1002 599 1093 628 easta
1117 592 1260 626 choros?

389 677 453 710 Hic
475 678 584 708 Roma
606 679 639 706 et
661 672 776 705 doctae
802 670 924 702 laetum
946 663 1098 709 potm'stis
1119 660 1270 694 Athenae

476 747 506 778 E
530 744 638 778 cinere
659 746 691 774 et
712 739 818 772 bustis
840 735 1024 769 exseruisse
1047 736 1155 775 eaput.

390 816 432 847 Et
452 822 564 853 nunc,
587 816 662 854 post
683 808 791 843 varios
814 815 928 838 rerum
951 810 1113 844 casusque
1134 799 1305 841 vicesque,

479 880 579 914 Felici
601 878 698 912 rediit
719 876 793 909 alite
814 873 897 906 festa
918 870 1000 904 dies-

393 953 526 994 Statque
548 948 666 981 domus
678 970 688 988 ‚
711 946 967 977 monumentum
987 940 1105 982 ,ingens
1125 936 1258 980 pietatis
1280 936 1400 971 avitae:

484 1019 734 1061 Augustumque
755 1012 854 1046 infert
874 1008 1021 1043 nubibus
1041 1007 1106 1040 alta
1130 1010 1242 1049 caput.

396 1089 462 1122 Hic
483 1085 579 1120 foeda
600 1083 775 1118 horrisono
796 1080 940 1113 stridens
963 1077 1114 1121 aquilone
1136 1074 1277 1119 procella
1289 1097 1300 1115 ,

487 1154 634 1189 Perdidit
654 1152 710 1186 hie
732 1150 818 1187 vires
839 1148 987 1182 fulminis
1009 1147 1057 1180 ira
1079 1155 1170 1179 suas.

402 1225 492 1260 Hine
512 1224 651 1257 miseros
672 1223 750 1255 olim
771 1221 920 1253 lacerans
943 1215 1105 1250 disoordia
1129 1215 1242 1256 cives;

488 1293 653 1336 Implexas
676 1296 749 1323 atro
772 1289 853 1321 dum
876 1288 980 1331 quatit
1002 1295 1107 1329 angue
1130 1292 1242 1317 comas
1257 1307 1267 1325 ,

406 1362 533 1398 Pallida
556 1360 704 1394 crudeles
725 1358 838 1390 oeulos
859 1356 1006 1398 detorsit.
1053 1352 1167 1388 Olivae

496 1434 536 1464 In
557 1439 691 1462 summo
714 1434 896 1469 agnoscens
918 1424 1066 1467 germina
1087 1423 1195 1465 prima
1216 1420 1316 1454 tholo.

406 1498 496 1542 Quid
516 1498 639 1530 Franci
662 1494 810 1538 asperius
833 1493 969 1526 tulimus
991 1488 1117 1522 feritate
1141 1489 1296 1531 tyranni?

494 1567 642 1610 Napoleo
663 1565 718 1597 hie
740 1562 854 1596 melior
876 1559 1067 1602 Napoleone
1088 1558 1160 1591 suit.

411 1640 455 1671 Et
476 1637 532 1680 qui
553 1634 704 1668 demissis
727 1632 867 1665 domino>
878 1626 1065 1663 cervicibus
1087 1626 1181 1659 ibant

500 1705 612 1745 Servi,
634 1701 807 1744 sacrilegas
829 1699 1018 1732 abstinuere
1040 1705 1174 1728 manus,

419 1775 461 1807 At
483 1775 511 1806 si
533 1772 621 1805 fatali
643 1776 793 1803 monstro
817 1769 910 1802 furor
932 1768 993 1801 iste
1014 1765 1158 1804 veniret,

509 1840 575 1883 Qui
596 1841 738 1883 patriam
765 1841 899 1871 Oceano
922 1835 1059 1869 reddere
1081 1838 1209 1877 posset,
1232 1838 1312 1866 erat.

420 1911 576 1954 Melgite,
599 1920 699 1953 cpiam
721 1907 890 1951 quondam
912 1904 1093 1948 stupefacto
1116 1903 1241 1936 lumine
1264 1900 1419 1936 Phoebus

511 1979 677 2011 Tellurem
699 1987 717 2009 e
739 1976 870 2009 domitis
892 1984 1025 2017 surgere
1047 1972 1127 2006 vidit
1149 1972 1254 2015 aquis·

427 2047 581 2080 Dedecus
603 2046 666 2078 hoe
689 2055 779 2077 seros
802 2043 1001 2077 transmittet
1022 2042 1113 2075 fama
1133 2052 1193 2085 per
1215 2049 1331 2075 annos.

516 2117 561 2148 Et
582 2114 671 2147 nulla
694 2112 848 2146 immensi
869 2112 969 2145 diluet
991 2111 1080 2144 unda
1104 2111 1213 2144 maris.

1710 2174 1783 2203 Mu
