1919 2511
280 130 299 159 4
563 121 849 160 JOANNIS
909 120 1218 170 HERMANI
1278 124 1499 156 KROON

611 319 1007 360 PRIMA
1142 321 1456 362 PARS.

377 424 426 444 DE
466 423 676 443 FONTIBUS
719 423 833 445 UNDE
872 417 1057 447 rAZSRNus
1096 426 1283 448 FABULAS
1324 427 1424 447 SUAS
1459 426 1690 448 HAUSERIT·

282 484 406 562 Quod
430 530 515 557 saepe
538 521 590 557 fit,
612 528 644 551 ut
658 522 811 560 homines,
832 524 927 561 aliqua
954 532 1013 554 arte
1035 526 1080 554 vel
1097 525 1212 554 scientia
1233 525 1381 563 insignes,
1403 527 1508 555 multos
1531 524 1651 555 habeant
1670 533 1787 561 osores,

281 572 329 607 qui
346 581 442 601 eorum
472 573 729 610 laudrdetractare
745 583 908 612 conentur,
930 576 1003 604 idem
1021 577 1145 612 contigit
1164 577 1272 606 Faerno
1284 598 1294 612 ,
1316 577 1340 606 si
1364 576 1475 612 quidem
1488 578 1542 614 J'am
1559 576 1627 604 olim
1644 584 1703 605 non
1719 584 1789 613 pau-

281 622 306 650 ci
324 624 493 653 exstiterunt
507 624 562 653 viri
580 625 682 661 docti,
705 626 776 662 qui,
798 628 898 656 nescio
924 637 1007 663 quam
1035 627 1071 654 ob
1100 635 1178 662 rem,
1201 637 1264 656 eum
1290 628 1319 656 in
1342 626 1558 656 conscribendis
1580 626 1686 655 fabulis
1703 626 1790 663 plagii

279 681 446 703 accusarent
469 681 496 703 et
524 683 633 704 omnem
658 677 741 713 ejus,
763 686 846 713 quam
871 677 1007 707 dictionis
1035 678 1172 713 elegantia
1195 685 1223 707 et
1247 678 1360 714 linguae
1385 678 1508 714 puritate
1526 685 1625 706 nactus
1652 684 1711 706 erat
1730 679 1792 706 lau-

280 724 343 751 dem
361 724 473 753 dubiam
493 726 640 755 redderent
656 733 684 755 et
703 727 851 756 incertam.
892 729 996 763 Neque
1013 728 1090 756 leves
1109 734 1218 756 tantum
1244 735 1273 757 et
1291 737 1406 764 exiguae
1423 728 1601 757 auctoritatis
1623 729 1676 757 viri
1700 729 1738 757 ita
1756 729 1792 757 de

281 775 390 804 Fa‘e'rno
413 775 596 814 judicarunt,
618 779 667 807 sed
690 779 851 815 gravissimi
874 779 988 815 quidem
1014 784 1042 806 et
1068 778 1219 813 plurimum
1242 779 1377 814 ponderis
1402 779 1477 815 apud
1498 779 1618 814 quosvis
1635 779 1792 815 habentes,

283 834 404 860 quorum
426 835 511 855 unum
528 829 690 858 nominasse
706 828 851 858 suffecerit
865 824 1004 866 Joannem
1027 828 1193 865 Augustum
1216 830 1391 866 Thu-anum,
1412 831 1625 859 celeberrimum
1651 830 1731 859 illum
1750 830 1796 858 hi-

281 877 440 912 storicum,
462 880 545 916 cujus
567 881 654 909 verba
677 882 786 920 (Hist.
803 881 849 911 sui
872 882 1010 918 temporis
1031 882 1108 911 libro
1127 882 1178 910 28.
1200 881 1293 916 capite
1318 880 1445 915 ultimo)
1471 889 1506 909 eo
1530 880 1666 909 libentius
1687 880 1794 909 adscri-

281 926 394 964 bimus,
419 930 496 964 quod
512 930 596 959 simul
613 931 698 960 vitam
716 934 818 968 poetae
834 934 993 962 summatim
1013 934 1177 964 exhibeant.
1222 934 1269 962 Sic
1295 934 1384 970 igitur
1408 935 1475 963 ille:
1520 955 1538 970 „
1555 933 1612 963 sub
1628 933 1658 962 id
1673 932 1793 962 Gabriel

285 998 302 1012 ‚⁷
323 978 447 1008 Faernus
465 981 670 1011 Cremonensis
687 983 818 1012 ultimum
834 984 908 1013 diem
931 986 1053 1021 clausit,
1075 986 1223 1014 immatura
1242 992 1333 1014 morte
1356 992 1471 1021 ereptus
1489 985 1588 1020 (anno
1607 983 1721 1021 1561.)
1742 983 1792 1020 qui

285 1048 304 1063 „
325 1027 353 1056 in
368 1028 412 1058 Pii
434 1029 490 1058 lV.
511 1030 598 1061 Pont.
615 1031 720 1067 Max.‚
742 1033 808 1061 dum
825 1033 917 1062 adhuc
934 1034 1095 1064 Cardinalis
1112 1042 1187 1064 esset
1204 1042 1231 1064 et
1250 1042 1350 1072 postea
1366 1035 1395 1064 in
1415 1035 1513 1064 Caroli
1529 1035 1713 1067 Borromaei‚
1731 1042 1792 1064 non

285 1098 304 1113 ,‚
325 1079 418 1108 minus
439 1080 589 1110 nobilitate
612 1081 722 1118 generis
748 1091 831 1119 quam
850 1093 961 1115 morum
988 1095 1105 1115 suorum
1127 1085 1315 1115 sanctimonia
1336 1085 1523 1115 illustrissimi
1544 1085 1728 1120 CordinaiiS,
1750 1084 1794 1114 fa·

287 1149 305 1163 ‚‚
326 1129 401 1158 milia
420 1131 563 1166 politioris
582 1133 744 1163 literaturae
761 1134 854 1163 studia
876 1136 1001 1164 excoluit
1018 1143 1046 1166 et
1064 1143 1162 1165 exacte
1179 1137 1208 1165 in
1225 1137 1342 1172 scriptis
1361 1142 1488 1164 veterum
1508 1136 1543 1164 ad
1567 1136 1682 1165 codices
1701 1135 1792 1166 MSS.

286 1200 303 1214 ,‚
326 1180 516 1210 examinandis
537 1182 683 1219 diligentia
701 1193 732 1212 ac
749 1185 866 1213 solertia
884 1187 1039 1223 excelluit,
1062 1187 1140 1223 quod
1159 1187 1292 1222 quaedam
1317 1187 1469 1215 Cleeronis
1481 1207 1491 1222 ,
1513 1194 1581 1223 post
1600 1187 1713 1215 obitum
1731 1187 1792 1224 ejus

285 1249 303 1264 „
325 1230 468 1265 publicata
486 1238 514 1260 et
529 1232 685 1263 Terentius
706 1234 867 1272 imprimis,
888 1236 1000 1272 aliquot
1027 1243 1096 1274 post
1122 1237 1204 1266 annis
1225 1246 1240 1266 a
1257 1238 1292 1268 P.
1308 1237 1463 1273 Victorio,
1485 1245 1596 1266 summo
1620 1237 1720 1266 Faerni
1745 1237 1794 1265 ad-

285 1300 304 1315 „
325 1280 479 1318 miratore,
499 1283 617 1320 editus,
640 1285 764 1320 posteris
788 1287 989 1317 testabuntur:
1020 1297 1079 1318 non
1104 1288 1275 1317 mediocrem
1294 1288 1378 1317 etiam
1399 1297 1414 1317 a
1433 1288 1570 1317 studiosis
1589 1287 1703 1324 gratiam
1727 1296 1798 1324 pro·

285 1352 305 1367 „
324 1333 441 1362 meritus
468 1334 581 1364 fabellis
608 1335 784 1374 Aesopicis‚
814 1338 895 1368 vario
924 1339 1079 1369 carminum
1103 1348 1206 1376 genere
1235 1340 1401 1376 expressis,
1430 1341 1565 1376 majorem
1590 1338 1714 1368 initurus
1731 1359 1741 1374 ,
1771 1337 1797 1366 si

285 1402 304 1418 „
323 1382 460 1419 Phaedri,
471 1384 553 1420 cujus
567 1386 627 1416 sive
642 1387 819 1425 imitatione,
831 1390 892 1419 sive
911 1391 1099 1420 aemulatione
1116 1393 1353 1425 luserat,nomen
1374 1398 1423 1421 aut
1441 1400 1500 1420 non
1521 1391 1729 1420 dissimulasset
1746 1395 1795 1418 aut

284 1450 305 1468 ,‚
325 1433 453 1470 scripta,
476 1443 547 1470 quae
566 1437 671 1474 legerat
695 1445 724 1467 et
745 1448 834 1475 penes
850 1449 883 1468 se
897 1440 1037 1478 habebat,
1058 1451 1118 1472 non
1135 1443 1359 1479 suppressisset.
1400 1443 1508 1471 Verum
1531 1442 1569 1471 ita
1592 1441 1658 1470 fatis
1680 1449 1796 1476 compa-

287 1504 304 1518 „
325 1490 414 1513 ratum
431 1492 509 1521 erat,
531 1493 582 1523 ut,
601 1497 685 1525 quem
707 1490 832 1519 Faernus
849 1491 933 1521 nobis
951 1492 1074 1528 invidit,
1097 1501 1160 1521 eum
1180 1493 1235 1522 viri
1253 1494 1354 1530 optimi
1371 1500 1398 1522 et
1415 1494 1615 1528 undecumque
1634 1489 1795 1536 doctissimi

287 1553 308 1569 „
327 1534 393 1563 fidei
417 1544 448 1565 ac
476 1536 630 1568 industriae
655 1540 844 1578 deberemuS,
880 1543 930 1579 qui
953 1544 988 1573 ad
1012 1543 1066 1573 alia
1096 1544 1264 1581 innumera,
1294 1544 1398 1580 quibus
1429 1544 1626 1580 posteritatem
1651 1541 1793 1576 divinitu,

288 1604 306 1620 ‚‚
326 1584 464 1615 beneficia
477 1587 557 1616 hunc
577 1592 724 1620 cumulum
744 1593 848 1630 adjecit
875 1601 903 1623 et
924 1600 1110 1623 veteratorem
1137 1595 1262 1624 aulicum
1286 1595 1315 1625 in
1335 1595 1459 1625 tenebris
1487 1595 1564 1631 apud
1582 1594 1671 1622 Italos
1696 1591 1796 1620 delite-

288 1655 307 1671 κ
327 1642 474 1672 scemem,
495 1645 595 1668 nactus
616 1643 761 1672 recensuit
781 1653 813 1673 ac
835 1645 936 1680 paucis
952 1652 1018 1674 ante
1037 1654 1157 1674 mortem
1181 1646 1283 1675 diebus
1306 1648 1370 1675 luce
1396 1645 1551 1675 donavit.”
1593 1644 1671 1672 Haec
1693 1642 1793 1670 Thua-

285 1695 361 1722 mm,
382 1695 453 1723 quae
473 1688 499 1716 si
517 1697 583 1718 vera
606 1699 720 1729 essent,
742 1694 846 1731 dignus
863 1704 931 1724 sane
953 1695 1028 1724 foret
1052 1696 1199 1732 Faernus,
1222 1697 1272 1732 qui
1289 1697 1415 1725 omnium
1432 1695 1556 1725 ludibrio
1580 1699 1791 1730 exponeretur,

287 1745 392 1772 quern,
414 1745 444 1765 ut
468 1740 625 1774 superbum
642 1742 753 1780 Aesopi
776 1747 926 1781 graculum
945 1754 960 1773 e
979 1747 1131 1775 doctorum
1152 1753 1237 1776 coetu
1255 1747 1434 1784 abigeremus
1455 1754 1483 1775 et
1502 1746 1531 1775 in
1552 1753 1636 1782 quem
1656 1742 1793 1774 conveni-

286 1794 329 1815 ret
349 1787 421 1816 iilud
439 1788 566 1820 Catum:

693 1843 821 1873 Conatur
839 1845 1017 1884 Pimplaeum
1037 1847 1171 1876 scandere
1189 1856 1332 1884 montem,

731 1895 837 1925 Musae
848 1897 982 1932 sarcellis
999 1900 1184 1937 praecipitem
1204 1900 1329 1936 ejiciunt.

325 1938 367 1967 At
386 1947 457 1968 vero
469 1940 566 1970 mirari
578 1942 657 1972 subit
669 1964 681 1980 ,
696 1953 782 1980 quare
799 1955 911 1976 summo
936 1949 999 1978 viro
1016 1957 1071 1978 tam
1086 1950 1327 1980 inconsideratum
1342 1950 1479 1989 judicium
1499 1949 1628 1979 excidere
1644 1946 1793 1985 potuerit,

289 1996 377 2023 quum
403 1990 613 2027 simplicissima
631 1994 796 2026 fabellarum
823 1999 924 2029 Faerni
947 2000 1078 2030 instituta
1094 2001 1271 2037 comparatio
1287 2010 1352 2030 cum
1372 2002 1477 2031 fabuIIs
1493 2001 1612 2031 Phaedri
1625 2020 1636 2036 ,
1657 1999 1794 2029 leniorem

289 2046 365 2068 certe
382 2041 506 2078 judicem
535 2042 627 2073 facere
652 2046 819 2084 debuisset,
852 2049 910 2078 imo
935 2060 1049 2081 omnem
1074 2053 1145 2082 hane
1170 2053 1339 2082 calumniam
1360 2062 1458 2082 vanam
1489 2053 1607 2082 reddere
1629 2057 1716 2088 atque
1736 2051 1796 2079 ina-

289 2099 365 2121 nem.
405 2093 550 2124 Nimirum
571 2096 646 2126 inter
673 2107 785 2129 centum
809 2100 918 2132 fabulas
946 2104 1048 2134 Fa'erni
1073 2113 1140 2135 octo
1167 2111 1276 2134 tantum
1297 2104 1454 2138 habentur,
1476 2104 1581 2141 quibus
1601 2103 1695 2132 eadem
1715 2108 1798 2137 argu-

1724 2159 1800 2179 rnen-
