1919 2511
433 124 663 163 REspoNfflo
691 142 733 164 m>
763 132 1077 173 QUAES‘TIONEM
1105 135 1397 170 L1TERAR1AM.‘
1626 143 1660 179 35

152 211 297 247 Plautjin
333 212 417 242 Men.
445 214 501 243 Ac.
525 216 564 244 V.
593 215 643 244 Sc.
661 218 691 246 6.
719 225 764 246 vs.
786 225 818 252 9·

588 266 736 303 Verbera,
757 267 913 306 compedes,
934 270 1023 297 molae
1035 290 1044 305 ‚
1066 278 1171 308 magna

435 313 609 354 Lassitudo,
623 317 735 354 fames,
749 318 903 357 frigusque
922 319 1046 357 durum,

433 365 512 395 Haec
531 369 649 405 praetia
668 376 734 398 sunt
752 370 897 407 ignaviae·

151 413 199 442 Sic
219 420 246 442 et
265 423 367 443 merces
386 415 452 445 Cic.
473 425 527 452 pro
548 418 645 448 Domo
667 428 733 457 cap.
755 428 802 449 11.
845 442 862 457 ,7
883 421 967 450 Data
986 431 1087 451 merces
1114 425 1219 452 erroris
1247 426 1300 452 mei
1326 426 1468 462 magna.'’
1509 428 1660 464 Eleganter

151 464 284 493 Catullus
307 465 408 496 Carm.
426 467 510 499 XlV.
534 477 580 499 vs.
600 478 650 498 20.

435 516 472 545 Te
491 518 534 547 bis
552 520 695 558 suppliciis
715 522 927 552 remunerabor.

191 567 353 596 Poenarum
378 569 505 607 exempla
531 572 648 600 mareri.
689 572 722 601 Id
749 579 811 609 est,
838 575 922 602 talem
948 583 1090 611 poena-m,
1118 584 1189 612 quae
1214 577 1314 606 ceteris
1342 581 1471 616 exemplo
1501 581 1558 616 sit,
1589 588 1620 610 ut
1645 590 1659 610 a

150 624 229 647 tanto
249 618 366 647 crimine
383 618 554 649 abstineant.

190 668 289 697 Exitie‘
305 686 339 693 —
356 677 454 708 caput.
497 671 591 709 Caput
606 672 681 708 apud
697 672 764 703 Cic.
784 674 914 711 afiosque
938 684 1021 713 saepe
1037 677 1165 713 ponitur„
1182 686 1234 713 pro
1257 681 1426 718 praecipuo,
1449 689 1481 710 ut
1505 683 1538 710 de
1566 683 1659 712 Amic.

150 728 213 756 cap.
235 727 281 756 13.
324 741 343 757 „
363 721 456 759 Caput
473 728 513 750 est
528 721 569 750 ad
588 722 667 751 beate
686 724 836 754 vivendum
858 728 995 755 securitas
1007 727 1042 762 ‚³³
1069 728 1118 756 sed
1138 728 1169 756 h.
1190 730 1209 757 1⁶
1230 729 1299 764 poni
1324 738 1395 767 puto
1422 741 1476 768 pro
1494 733 1659 769 principio,

152 770 283 806 origine,
310 771 408 805 fonte,
437 772 530 809 primo
549 780 684 803 auctore:
707 781 735 804 et
753 775 794 804 sic
814 785 931 813 quoque
956 777 1077 808 Terent.
1103 778 1231 815 Adelph.
1253 779 1322 810 Act.
1341 781 1395 810 IV.
1415 783 1464 813 Sc.
1485 794 1515 813 α.
1544 793 1586 815 vs.
1607 795 1657 821 292

433 823 524 853 Sensit
543 831 571 854 te
590 833 644 853 esse
661 825 727 853 huic
745 827 788 855 rei
803 834 902 865 caput.
1370 827 1374 830 ’

150 872 247 902 Andr.
269 874 338 903 Act.
357 875 399 905 11.
422 874 473 904 Sc.
486 875 516 906 6.
537 884 583 908 vs,
601 878 656 906 ult.

434 926 516 956 Nam
536 930 561 956 si
580 928 626 956 hic
645 929 715 958 mali
735 935 781 958 est*
794 928 971 967 quidquam,
993 931 1052 959 hem
1073 932 1132 960 illie
1152 938 1192 960 est
1211 933 1275 961 huic
1295 934 1339 961 rei
1357 941 1447 972 caput*

146 974 239 1003 Plaut.
261 975 385 1005 Mercat.
409 977 484 1007 Act.
501 979 561 1007 111.
584 978 634 1009 Sc.
652 987 682 1017 4.
705 987 750 1009 vs.
771 988 820 1018 23.

432 1027 579 1067 Quidquid
594 1029 629 1058 id
645 1036 706 1066 est,
726 1030 768 1059 ad
784 1032 882 1069 capita
902 1041 1002 1061 rerum
1016 1034 1145 1070 perveni.

147 1076 223 1107 Idem
254 1076 339 1108 Asin.
363 1077 433 1108 Act.
451 1081 507 1108 111.
529 1080 579 1109 Sc.
599 1090 629 1118 3.
650 1090 698 1111 νε.
716 1090 748 1119 3.
774 1091 820 1112 VS.
841 1085 906 1119 138.

432 1130 496 1167 Ego
516 1137 602 1170 caput
621 1131 686 1160 huic
705 1139 823 1170 argento
837 1132 890 1169 fui
909 1132 991 1162 hodie
1009 1133 1191 1171 reperiunda.

187 1178 233 1208 Ab
257 1180 368 1210 studiis.
407 1180 507 1210 Studia
535 1182 570 1210 de
594 1181 691 1218 aliquo
715 1191 818 1219 genere
845 1184 915 1213 artis
938 1190 966 1213 et
993 1183 1165 1221 disciplinae.
1179 1185 1251 1215 bene
1267 1186 1389 1217 dicitur„-
1424 1188 1514 1219 Conf.
1539 1190 1656 1221 Ernest.

147 1230 176 1259 in
196 1230 244 1259 Cl.
267 1230 332 1261 Cic.
354 1239 427 1262 voce
446 1231 582 1261 studiosus
610 1239 643 1262 et⁴
656 1233 801 1265 studium„

284 1439 540 1471 FABULA
598 1441 1126 1475 s-EPTUAGESIMA
1184 1447 1505 1478 SECUNDA*

826 1553 986 1574 VATES.

430 1640 464 1668 Iu
479 1641 577 1678 populi
594 1647 692 1677 coetu,
715 1641 802 1671 medio
817 1645 939 1681 privata
957 1643 1075 1672 canebat

429 1689 517 1719 Vates
528 1691 602 1726 fata
614 1691 702 1728 foro,
723 1700 751 1722 et
769 1703 841 1730 quae
859 1703 993 1731 quemque
1012 1700 1111 1723 eventa
1130 1702 1292 1738 manerent.

425 1740 501 1769 Ecce
519 1745 712 1781 superveniens
732 1752 826 1773 securo
845 1746 963 1772 nuncius
982 1745 1028 1773 illi

428 1791 589 1829 Exposuit,
602 1793 688 1829 fures
702 1802 756 1831 per
775 1802 890 1833 apertas
901 1795 984 1832 forte
994 1794 1139 1832 fenestras

425 1841 513 1871 Illius*
522 1850 685 1881 penetrasse
701 1844 830 1881 domum,
852 1855 976 1883 quaeque
993 1849 1070 1875 intus
1089 1853 1154 1875 erat
1173 1857 1232 1875 rem

429 1893 597 1930 Asportasse
616 1904 742 1931 omnem,
762 1902 790 1924 et
808 1904 908 1925 vacuos
928 1896 1041 1933 liquisse
1055 1904 1181 1935 penates.

429 1943 483 1971 Ille
498 1953 632 1981 gemens,
653 1947 786 1983 mistoque
801 1948 875 1975 ciens
894 1949 1018 1985 suspiria
1032 1947 1123 1984 fletu,

433 1995 554 2024 Visurus
574 2006 625 2025 sua
645 1996 770 2033 damna,
787 1997 886 2035 gradu
905 2007 932 2026 se
951 2007 978 2026 se
997 1998 1062 2026 inde
1080 2000 1167 2028 citato

430 2045 597 2084 Proripuit‚·
617 2048 664 2076 cui
683 2054 743 2077 tum
764 2048 857 2077 media
875 2047 909 2077 de
924 2048 1002 2087 plebe
1013 2049 1147 2086 facetus,

933 2099 959 2128 L
981 2107 997 2135 3
1585 2104 1643 2133 Cur
