1919 2511
400 120 629 152 RESPONSIO
659 130 701 151 An
732 119 1042 161 QUAESTIONEM
1072 121 1354 153 LITERARIAM.
1607 133 1646 161 93

419 204 607 233 Inconsultius
626 211 836 243 approperans,
857 205 889 233 in
908 205 1025 234 vincula
1043 213 1070 233 se
1089 214 1115 233 se

419 253 521 283 Induit
538 254 643 291 infelix
654 275 664 290 ‚
686 262 713 284 et
732 256 836 293 opertis
854 254 977 284 cassibus
995 254 1086 284 haesit
1098 275 1109 290 ,

391 337 394 340 Δ
420 304 488 333 Sero
507 305 722 335 animadversas
734 305 880 342 fraudes,
902 312 929 335 et
946 304 1058 345 perfida
1076 306 1169 343 vulpis·

416 355 541 385 Consilia
563 358 716 393 incusans,
736 359 783 386 cui
802 358 914 396 vulpes:
934 367 949 386 o
969 357 1058 393 bone,
1079 357 1156 385 dixit
1168 378 1178 393 ,

417 407 494 436 Tune
512 410 564 437 isto
584 408 658 437 male
676 417 744 437 sano
763 410 879 444 animo,
904 414 937 437 tu
955 407 1077 437 sensibus
1094 409 1157 436 istis

415 458 637 498 ‘quadrupedum
657 468 711 488 rex
729 467 784 488 esse
803 459 909 496 audes,
929 461 1098 498 sceptrisque
1115 459 1232 497 potiri?

418 558 549 589 Ostendit
566 562 726 590 commissus
745 560 846 597 honos,
867 569 952 598 quam
971 560 1088 597 quisquc
1100 558 1275 598 probandus.

170 661 274 689 Simius
294 668 322 689 et
345 660 461 700 Vulpes.
500 660 605 690 Exstat
628 661 702 691 inter
727 661 840 699 Aesop.
864 662 935 691 con.
963 660 1084 690 P1anud.
1118 660 1182 690 No.
1199 669 1249 697 29.
1281 660 1362 690 Flor.
1386 662 1438 698 69.
1466 664 1516 692 sed
1540 670 1566 693 et
1595 665 1642 693 hic

133 720 250 747 quoque
273 712 400 743 Faffrnus
421 712 552 742 Graecos
576 720 709 750 superat3
740 722 804 743 nam
830 721 896 741 cum
926 711 968 740 ini
995 711 1184 748 epimythium
1206 712 1381 742 adnexerunt
1403 715 1479 749 tale,
1503 715 1581 751 quod
1605 715 1646 751 ii,

131 762 181 797 qui
198 763 307 799 aliquid
332 764 496 794 inconsulte
511 764 734 801 aggrediuntur,
755 764 790 801 ‚in
808 762 968 793 infortunIa
984 762 1109 792 incidere
1131 764 1242 792 soleant
1256 784 1265 799 ,
1287 763 1397 793 Noster
1417 765 1517 794 melius
1536 766 1569 794 ad
1586 775 1647 794 ces·-

129 820 190 842 tum
207 815 326 850 aliquod
349 815 498 845 hominum
518 824 609 853 genus
627 815 781 849 transfert,
801 815 836 844 ad
851 816 938 851 illos,
961 813 1011 850 qui
1032 814 1157 843 honores
1174 814 1306 844 ambiunt
1328 822 1355 843 et
1378 816 1560 853 suscipiunt,
1583 819 1647 853 quiw

129 864 183 893 bns
204 866 345 896 inhabiles
366 874 446 897 sunt.

168 919 224 953 Qui
245 917 304 955 lege
323 925 350 947 et
373 918 495 947 moribus
516 920 572 958 ipsi
589 919 751 949 deberetur.
793 917 929 947 Ostendit
952 916 1099 954 Heusing.
1120 918 1155 946 ad
1173 917 1227 947 Gr.
1247 917 1340 953 Fab„
1368 926 1427 947 non
1453 919 1509 947 hoc
1528 927 1561 948 ex
1583 922 1643 957 lege

131 966 308 996 Graecorum
332 976 380 998 aut
403 969 604 999 Romanorum
628 971 804 1005 liberorum,
834 969 884 997 sed
903 977 937 997 ex
961 968 1040 1005 regio
1061 969 1184 1005 imperio
1208 968 1397 997 constitutum
1419 977 1491 998 esse.

168 1018 243 1045 Arte
263 1018 398 1057 Pelasga.
440 1020 553 1049 Notum
577 1022 651 1051 illud
671 1020 776 1057 Virgil.
805 1019 875 1048 Lib.
895 1020 934 1048 II.
962 1019 1039 1048 Aen.
1070 1028 1115 1049 VS.
1137 1021 1186 1056 ⁶5·

417 1073 520 1109 Accipe
539 1081 613 1102 nunc
632 1071 772 1101 Danazim
791 1069 930 1106 insidias,
951 1076 978 1098 et
997 1071 1118 1099 crimine
1136 1070 1173 1099 ab
1190 1077 1247 1099 vuno

417 1122 502 1152 Disce
522 1132 624 1154 omnes.

840 1227 953 1239 ..—

324 1304 585 1336 FABULA
642 1302 1090 1336 OCTOGESIMA
1147 1303 1468 1335 SECUNDA.

558 1402 756 1426 VULPE52
805 1400 976 1420 ASlNus
1029 1399 1080 1419 ET
1132 1400 1225 1420 LEO.

422 1479 526 1517 Vulpes
537 1500 545 1511 ‚
565 1485 593 1507 et
613 1477 718 1507 Asinus
737 1477 868 1507 societate
885 1482 1055 1511 contracta,

421 1530 517 1558 Simul
532 1528 715 1565 inferarum
736 1529 831 1558 lustra
850 1530 909 1557 iere
927 1534 1072 1558 venatum.

422 1579 463 1609 lis
479 1589 564 1619 quum
584 1581 624 1610 leo
643 1581 829 1615 occurrisset,
849 1580 925 1609 ilicet
944 1579 1040 1617 vulpes

418 1631 509 1661 Tanto
526 1634 559 1661 in
578 1638 653 1661 metu
670 1632 849 1670 periculoque
867 1629 1005 1669 deprensa
1016 1650 1029 1666 ,

419 1682 492 1711 Suas
511 1683 553 1711 aa'
569 1690 648 1712 artes
669 1683 867 1719 malitiamque
885 1680 1026 1718 confligit.

418 1733 538 1762 Seorsim
558 1733 594 1762 ab
615 1735 693 1762 asino
714 1742 780 1761 nam
802 1733 877 1761 leone
897 1738 1051 1767 convento,

421 1783 517 1821 Atque
534 1786 693 1823 impetrata
712 1784 885 1822 impunitate
901 1789 954 1820 pro
973 1792 1048 1818 sese,

421 1834 464 1863 Ei
484 1834 602 1863 tradere
621 1841 688 1863 astu
706 1841 864 1871 comparem
884 1842 964 1862 suum
980 1839 1071 1872 pacta
1091 1839 1151 1868 est;

425 1886 583 1925 Paulloque
597 1893 680 1925 post,
699 1885 872 1915 absconditos
891 1884 932 1913 ibi
943 1884 1026 1920 forte

424 1936 619 1975 Inzprovidum
641 1937 754 1966 asinum
773 1936 864 1973 vafra
883 1935 969 1965 duxit
987 1938 1019 1965 in
1035 1945 1137 1965 casses.

424 1988 482 2018 Leo
502 1990 552 2027 qui
570 1988 679 2017 videret
697 1987 837 2026 praedam
858 1996 920 2016 eam
940 1986 994 2016 sibi
1011 1987 1043 2015 in
1062 1993 1143 2022 tuto,

423 2040 511 2068 Prius
532 2039 732 2078 apprehensam
753 2045 851 2068 ventre
869 2037 996 2068 condidit
1014 2039 1122 2077 vulpem
1135 2058 1146 2074 ,

423 2091 500 2121 Dein
519 2101 584 2121 vero
604 2091 647 2121 ad
662 2093 774 2122 asinum
794 2099 910 2129 versus,
931 2091 1005 2120 bunc
1023 2099 1129 2128 quoque
1150 2088 1296 2119 absumsit.

1605 2142 1657 2170 In-
