1919 2511
239 168 277 208 72
524 168 811 209 JOANNIS
869 170 1180 205 HERMANI
1237 168 1458 205 KROON

280 250 431 286 Jactator.
473 252 552 282 Inter
575 252 688 290 Aesop.
716 255 797 291 vu1g.
824 256 895 285 coll.
915 255 978 285 No.
996 266 1045 293 14.

281 302 405 331 Saltasse
423 303 539 332 saltum.
582 304 650 334 Vid.
682 314 753 341 quae
780 305 853 335 infra
878 307 1006 336 dicemus
1027 308 1060 336 ad
1084 307 1132 336 illa
1155 306 1216 336 fab.
1234 307 1282 344 69.
1303 310 1411 338 servire
1432 311 1606 340 servitutem.

280 352 332 381 Ex
354 362 469 383 corona.
509 355 541 384 Id
567 362 630 391 est,
653 364 686 384 ex
716 357 899 387 multitudine
921 358 1143 394 circumstante,
1166 364 1200 386 ut
1218 358 1296 395 apud
1322 359 1410 390 Ovid.
1435 360 1556 393 Metam,
1575 362 1644 393 Lib⁵
1665 363 1748 399 XIII.

241 411 286 432 vs·
310 412 336 434 1.

530 456 681 485 Consedere
701 457 802 494 duces,
823 466 851 488 et
875 461 955 498 ‘vulgi
973 467 1066 490 stante
1082 469 1203 497 corona,

525 507 631 545 Surgit
650 507 694 537 ad
714 509 760 537 hos
779 511 866 549 clypei
884 511 1011 540 dominus
1030 513 1211 551 septemplicis
1229 511 1323 549 Ajax.

244 557 333 586 Voss.
352 557 379 586 in
396 558 473 587 notis
494 558 528 587 ad
543 558 571 594 J.
592 559 709 588 Caesar.
729 560 763 588 de
783 560 817 592 Β.
832 562 873 591 G.
893 563 962 592 Lib.
987 564 1039 593 111.
1059 572 1125 600 cap.
1146 564 1194 592 16·
1215 569 1312 592 monet
1332 563 1446 593 differre
1470 564 1543 594 inter
1564 574 1595 594 se
1611 567 1642 594 in
1659 567 1750 596 orbem

241 615 319 636 stare
337 616 364 636 et
382 617 485 636 corona
511 615 600 640 stare.
637 630 655 645 ,‚
672 611 704 639 ln
726 611 823 641 orbem
845 621 937 651 stare,
958 616 1052 653 inquit
1072 615 1143 650 ille,
1164 614 1302 643 dicuntur
1325 616 1375 652 qui
1393 615 1544 645 rotundum
1563 617 1675 654 globum
1697 627 1750 646 sua

242 679 261 694 sn
282 658 464 687 multitudine
482 659 614 695 faciunt.
655 662 801 692 Coronam
820 664 952 702 faciunt,
982 666 1032 703 qui
1059 665 1181 703 anquam
1205 666 1252 695 vel
1271 664 1384 703 aliquid
1409 668 1608 698 circumstant.
1647 667 1750 706 Neque

242 729 260 744 ‚‚
281 709 329 737 hoc
351 717 404 747 pro
428 710 477 739 illo
501 719 621 748 usquam
643 721 813 752 usurpatum
838 717 904 746 scio.
945 717 1064 746 Corona
1081 724 1186 755 semper
1207 716 1242 745 de
1262 718 1320 745 iltis
1339 716 1469 753 dicitur,
1488 719 1540 755 qui
1564 720 1682 757 cingunt
1708 720 1755 748 νεῖ

242 780 260 794 2,
282 759 396 795 mbem,
424 761 470 790 vel
489 764 695 792 concionantem
727 766 775 795 vel
792 767 854 796 tale
877 766 958 805 qnid.
1008 766 1098 797 Orbis
1123 766 1181 805 (de
1203 768 1310 797 militia
1335 767 1457 806 loquor)
1481 768 1516 798 de
1539 769 1596 798 illis
1619 771 1669 808 qui
1694 771 1753 799 cin-

243 831 263 846 „
281 818 393 848 guntur
411 811 448 841 ab
467 811 568 842 aliis.”

940 923 1057 934 ...—

453 993 716 1026 FABULA
777 998 1214 1030 SEXAGESIMA
1271 998 1541 1039 QUINTA.

742 1093 924 1114 vuLPEs
975 1094 1026 1114 ΕΤ
1075 1094 1242 1115 RUBUS.

525 1165 678 1196 Excelsam
698 1169 792 1206 vulpes
809 1176 896 1207 sepem
918 1168 1118 1199 conscenderat
1135 1170 1232 1199 horti:

525 1216 607 1245 Unde
622 1218 722 1255 gradu
739 1218 871 1248 instabili
888 1226 916 1248 et
934 1219 1079 1249 titubante
1092 1227 1148 1258 per
1166 1219 1265 1249 ardua
1281 1220 1387 1259 planta

523 1268 686 1306 Apprendit
704 1278 810 1299 casura
829 1270 953 1305 rubum,
973 1272 1022 1300 ille
1040 1270 1160 1308 infiestus
1179 1272 1272 1300 acutis

532 1319 662 1349 Sentibus
681 1322 815 1350 inoautae
828 1324 953 1360 pupugit
972 1324 1094 1360 vestigia
1114 1323 1217 1360 vulpis.

523 1369 605 1406 Quae
624 1372 698 1400 male
717 1373 843 1402 multata
857 1393 867 1409 ‚
886 1379 914 1401 et
929 1373 1050 1412 plantas
1069 1375 1183 1403 laniata
1200 1380 1355 1411 cruentas,

525 1419 663 1449 Incusare
683 1422 783 1450 rubum
794 1442 805 1458 ,
824 1423 990 1461 probrisque
1008 1425 1141 1453 incessere
1157 1425 1266 1462 coepit,

525 1470 608 1507 Quod
625 1472 698 1507 sibi,
719 1472 760 1501 ad
778 1473 836 1510 ejus
855 1481 929 1512 opem
949 1484 1023 1512 quae
1041 1474 1209 1512 confugisset
1229 1476 1260 1503 in
1279 1475 1354 1504 artis

529 1521 643 1558 Rebus,
664 1523 818 1553 inhumano
837 1526 971 1554 nocuisset
990 1525 1132 1554 barbarus
1151 1535 1233 1555 ausu.

522 1571 579 1600 Cui
597 1573 704 1609 rubus,
726 1575 831 1611 immo,
853 1576 919 1612 ait,
940 1576 1103 1615 imprudens
1118 1577 1207 1614 plane
1227 1577 1289 1615 ipsa
1301 1575 1392 1613 fuisti

524 1622 576 1651 Me
595 1624 794 1662 apprendendo
804 1645 815 1663 ,
835 1627 907 1656 alios
926 1636 1016 1656 omnes
1036 1628 1087 1666 qui
1106 1626 1281 1666 apprendere
1299 1628 1388 1657 suevi.

524 1721 616 1751 Stulti
634 1723 703 1752 adeo
722 1731 788 1754 sunt
808 1733 887 1764 saepe
905 1727 1045 1763 homines,
1067 1734 1098 1756 ut
1117 1727 1199 1756 rebus
1216 1729 1247 1756 in
1267 1729 1343 1756 artis

528 1773 704 1811 Confugiant
723 1775 765 1804 ad
780 1784 841 1810 eos,
863 1777 963 1814 quibus
983 1778 1061 1806 ultro
1081 1778 1193 1807 laedere
1211 1786 1268 1806 mos
1286 1783 1338 1808 est.

279 1872 382 1911 Vulpes
398 1878 425 1902 et
445 1871 555 1903 Rubos.
595 1873 650 1903 Est
666 1875 740 1905 inter
758 1876 870 1913 Aesop.
895 1878 970 1908 c0112
982 1877 1102 1906 Planud.
1120 1883 1148 1906 et
1165 1877 1244 1907 Flor.
1267 1878 1330 1908 No.
1350 1877 1378 1907 8.
1418 1876 1522 1906 Exstat
1539 1883 1656 1913 quoque
1674 1875 1749 1905 inter

241 1924 305 1952 illas
332 1933 404 1960 quae
427 1923 551 1953 G-abriae
581 1925 764 1963 tribuuntur,
794 1928 844 1957 ubi
868 1927 992 1957 fortasse
1020 1928 1121 1957 melius
1148 1929 1206 1959 hoc
1231 1928 1418 1967 epimythium
1441 1927 1572 1964 additur,
1605 1934 1668 1956 esse
1693 1927 1740 1955 ad-

242 1984 348 2004 versus
372 1983 443 2011 eos,
464 1975 514 2011 qui
539 1984 589 2004 sua
610 1982 705 2007 tacent
729 1979 799 2008 vitia
820 1985 851 2007 vet
870 1979 962 2008 aliena
981 1979 1204 2015 reprehendunt.

282 2025 435 2055 Yituhante
454 2027 569 2064 planta.
611 2027 750 2058 Titubare
777 2029 916 2067 imprimis
938 2029 1013 2058 ebrii
1043 2030 1176 2059 dicuntur
1196 2030 1287 2061 Ovid.
1317 2030 1438 2062 Metam.
1461 2028 1530 2060 Lib.
1546 2028 1598 2060 111.
1618 2036 1663 2058 vs.
1682 2028 1752 2062 607.

537 2077 591 2106 llle
608 2087 687 2109 mero
707 2089 850 2120 somnoque
864 2083 987 2119 gravis,
1007 2080 1134 2111 titubare
1152 2081 1267 2112 videtur
1675 2127 1709 2157 M

1714 2134 1753 2156 et.
