1919 2511
456 134 684 166 RESPONsxo
707 145 750 166 An
772 137 1082 177 QUAESTIONEM
1104 139 1316 172 MEmCAM.
1610 156 1628 183 9

144 217 173 253 §-
196 225 225 253 4.
264 216 391 247 Luxatio
412 217 546 255 prImaria
581 227 610 249 et
635 220 813 250 secundaria.

146 269 176 305 §-
198 275 230 305 5.
268 269 393 299 Luxatio
411 271 574 301 mechanica
594 278 622 301 et
641 278 810 309 spontanea.

577 368 762 390 capum·
821 367 1148 394 SECUNDUM·

527 431 574 460 De
602 431 739 470 speciebus
773 432 929 462 laxationis
961 434 1025 462 ossis
1059 433 1190 466 diversis.

145 519 176 555 §0
197 527 224 549 1.
265 519 312 548 De
335 519 425 556 prima
444 519 599 549 laxationis
619 521 696 551 ossis
714 521 826 551 humeri
839 522 948 560 specie.
972 522 1080 559 (intra
1100 523 1258 562 axillam).

142 570 174 605 §·
193 579 224 600 2.
264 570 309 599 De
327 572 451 600 secunda
468 571 625 601 luxationis
647 573 721 602 ossis
745 574 856 603 humeri
875 573 983 611 specie.
1005 574 1080 611 (suh
1099 585 1138 605 m.
1157 576 1333 614 pectorali).

144 623 174 658 §-
195 628 224 658 3.
262 622 306 651 De
330 623 413 652 tertia
433 623 588 653 luxationis
607 624 681 653 ossis
704 626 814 654 humeri
834 626 943 662 specie.
966 625 1041 663 (sub
1062 628 1144 666 spina
1164 628 1330 666 scapulae).

593 719 781 743 CAPUT
841 722 1124 745 TERTIUM.

145 785 324 826 Deldiverso
348 788 405 816 situ
421 787 587 825 diversaque
608 788 761 817 directione
783 791 871 828 ipsius
895 791 960 819 ossis
983 789 1096 819 humeri
1118 792 1361 830 musculorumque
1377 794 1450 823 bane
1473 796 1613 826 articula-

105 837 206 865 tionem
233 840 401 867 moventium
426 838 469 867 ad
490 845 619 868 centrum
642 842 778 870 cavitatis
798 842 930 880 scapulae
950 844 981 870 in
1006 843 1125 880 singulis
1145 843 1302 874 luxationis
1318 845 1463 884 speciebus.

140 925 170 961 S.
196 933 223 955 1.
265 927 300 955 In
326 926 417 962 prima
445 926 601 955 luxatIOnis
622 927 731 964 specie.

145 976 172 1011 §.
194 984 223 1004 2.
264 976 298 1005 In
324 977 448 1006 secunda
478 977 635 1007 luxatIOnis
659 978 768 1015 specie.

140 1028 168 1065 §.
192 1037 220 1065 3.
261 1029 296 1058 In
316 1029 399 1058 tertia
422 1028 577 1060 luxationis
594 1029 705 1067 specie.

606 1125 820 1148 SEcho
881 1128 1110 1151 ALTERA

136 1194 269 1223 Historia
296 1194 434 1223 literaria
460 1194 570 1223 auxilii
593 1194 736 1223 manualis
760 1200 786 1222 et
804 1194 1054 1234 instrumentalis,
1074 1205 1094 1226 a
1121 1196 1213 1226 variis
1238 1198 1408 1228 Auctoribus
1422 1201 1559 1239 propositi
1582 1201 1614 1231 in

101 1246 307 1274 restitutionem
331 1245 444 1274 humeri
464 1246 570 1277 laxati.

603 1341 789 1363 CAPUT
848 1343 1092 1367 PRIMUM·

135 1404 181 1433 De
202 1405 293 1434 variis
316 1404 522 1442 Antiquiorum
546 1405 703 1434 Auctorum
727 1404 880 1434 humerum
897 1405 1030 1435 luxatum
1058 1405 1209 1445 reponendi
1233 1407 1379 1438 methodis.

133 1494 162 1527 §.
187 1500 212 1523 Ι.
250 1492 458 1528 Hippocrates.

133 1544 150 1579 ς
185 1551 213 1572 2.
254 1543 373 1573 Celsus.

131 1596 162 1632 §-
185 1604 214 1632 3.
254 1596 395 1624 Galenus.

125 1648 158 1684 S.
179 1656 213 1680 4.
254 1646 418 1677 Oribasius.

130 1703 145 1736 §
181 1704 210 1733 s.
248 1697 401 1733 Aegineta-

131 1749 162 1785 §0
182 1749 211 1778 6.
249 1747 411 1777 Avicenna.

559 1826 745 1849 CAPUT
805 1828 1135 1851 SECUNDUM·

135 1891 333 1920 Recentiorum
353 1893 533 1928 Annorum,
552 1895 602 1930 qui
622 1893 656 1922 de
673 1893 797 1923 methodo
819 1896 990 1925 restitucndi
1011 1897 1122 1925 humeri
1147 1895 1244 1925 laxati
1262 1898 1456 1937 scripserunt,
1475 1905 1604 1935 recensio.

132 1983 159 2015 §-
182 1989 209 2009 1.
242 1979 283 2008 H.
307 1979 455 2009 Fabricius
479 1980 514 2009 ab
541 1982 628 2017 Aqua
650 1983 793 2018 pendente
813 1984 953 2022 (1537).
992 1984 1026 2014 P.
1049 1985 1187 2014 Forestus
1208 1985 1305 2022 (1653
1316 1986 1343 2023 ).

135 2031 160 2063 ἓ.
182 2039 213 2060 2·
243 2031 282 2059 A.
303 2031 372 2059 Pare
394 2032 494 2069 (1655
504 2032 533 2068 ).’
573 2033 721 2071 Mignard.
744 2033 843 2070 (1680
856 2036 884 2071 ).
922 2036 964 2064 G.
985 2036 1018 2064 F.
1040 2035 1182 2064 Hildanus
1203 2037 1342 2074 (1682).

130 2082 159 2117 S.
181 2089 208 2116 3.
244 2081 273 2118 J.
295 2080 449 2112 Michault.
471 2083 613 2120 (1682).
657 2085 704 2113 Μ.
726 2083 766 2112 G.
792 2085 945 2115 Purmann.
969 2087 1106 2123 (1716).
1143 2086 1171 2124 J.
1188 2087 1363 2124 Junckerus.
1385 2088 1527 2129 (1721).

134 2129 163 2165 S.
185 2139 216 2169 4.
246 2131 283 2162 E.
306 2132 451 2163 Camerer.
474 2134 575 2171 (1722
585 2136 612 2173 2.
655 2134 694 2165 R.
716 2134 877 2166 Wiseman.
900 2138 1005 2174 (1734
1015 2140 1042 2174 2.
1080 2137 1119 2166 L.
1141 2137 1303 2169 Heisterus.
1325 2139 1464 2178 (1741).
1487 2143 1491 2146 '

917 2188 939 2216 B
