1919 2511
390 191 616 223 RESPONSIO
644 201 687 222 AD
718 191 1028 231 QUAESTIONEM
1057 193 1279 226 PHYSICAM.
1566 209 1600 231 21

87 277 141 309 Uti
156 277 243 314 igitur
258 274 457 310 conditiones,
476 274 581 310 quibus
596 274 638 304 illi
654 273 778 311 cespites
793 281 965 310 nascantur,
979 283 1008 305 et
1022 276 1179 313 principia,
1197 266 1303 314 quibus
1320 284 1475 316 constent,
1493 289 1600 312 conve.

83 329 168 360 niunt
193 335 258 356 cum
278 326 313 354 iis
339 325 419 354 humi
437 325 550 361 acidae,
571 325 613 354 sic
636 325 719 355 etiam
740 325 919 355 conveniunt
940 327 1070 363 ratione,
1093 337 1148 363 qua
1170 330 1298 357 culturae
1317 336 1344 358 et
1365 330 1470 365 plantis
1490 333 1597 362 alendis

41 368 44 370 ’
81 378 209 417 aptiores
232 377 321 413 fiant3
345 386 417 413 quae
437 377 531 406 omnia
551 385 663 406 ornnem
681 383 809 406 nostram
837 377 872 405 de
891 377 981 406 humo·
998 377 1076 406 acida
1098 378 1212 408 firmant
1231 378 1466 416 disputationem.
1505 382 1600 411 Νἰιηί1

79 440 142 461 rum
169 429 228 467 agri
253 427 414 465 cespstosi,
442 427 491 464 qui
518 429 688 464 plerumque
715 435 850 457 constant
878 430 1039 465 plantarum
1068 431 1198 466 partibus
1224 440 1283 460 non
1311 431 1382 460 satis
1401 431 1550 462 distructis
1569 441 1596 462 et

79 481 186 516 acidis,
208 479 320 517 egregie
342 478 448 515 corrigi
469 480 564 508 solent
583 479 751 515 cineribus,
772 479 873 516 argilla
898 479 961 508 alba
982 487 1010 509 et
1037 482 1132 518 calce3
1158 490 1230 517 quae
1258 491 1289 511 se
1308 482 1467 519 adjungunt
1486 484 1594 520 acidis,

81 532 204 569 reliquas
229 537 325 568 partes
349 529 438 566 magis
460 529 614 559 destruunt
631 536 717 566 atque
739 538 773 558 ex
792 529 831 558 iis
846 530 963 559 humum
989 531 1136 569 formant3
1159 533 1230 561 adeo
1251 539 1283 562 ut
1305 533 1465 569 cespitibus
1485 534 1513 562 in
1533 537 1599 571 pul..

78 592 174 614 vetem
196 581 317 612 redactis
341 581 367 609 si
384 580 500 610 addatur
520 580 627 610 decima
647 589 746 609 eorum
765 589 830 617 pars
849 581 934 610 calcis
955 583 1000 611 vel
1022 591 1155 620 potassae
1175 585 1221 613 vel
1242 584 1392 621 cinerum,
1420 583 1595 615 fertilissima

77 634 219 664 formetur
236 639 311 661 terra
331 637 345 669 (
359 641 371 661 1
386 634 416 670 ).

117 685 228 714 Verum
258 682 340 712 etiam
371 683 442 712 aliae
473 689 541 713 sunt
564 683 691 713 rationes
719 682 825 719 quibus
854 685 946 713 solum
974 685 1092 715 humum
1122 688 1229 718 acidam
1261 688 1413 718 continens
1431 708 1442 723 ‚
1472 688 1596 717 fertilius

79 736 224 766 reddatur.
279 733 423 763 Nimirum
458 733 488 763 in
521 734 556 763 iis
583 734 736 771 aliquando
766 734 867 771 glebae
891 743 1014 766 uruntur
1031 759 1042 774 ‚
1074 747 1133 774 quo
1173 739 1250 769 facto
1283 749 1334 777 per
1368 740 1479 776 aliquot
1508 749 1598 770 annos

79 788 134 817 tale
161 787 256 815 solum
281 786 380 814 laetam
407 784 464 815 fert
490 792 635 822 segetem,
667 786 692 814 si
720 786 807 815 modo
835 793 1021 819 stercoretur.
1069 790 1114 819 De
1140 791 1191 819 hac
1218 791 1384 827 operatione
1410 791 1493 820 multi
1520 793 1594 820 mul-

77 845 106 867 ta
126 837 325 874 scrIpserunt,
355 835 429 865 inter
455 845 529 872 quos
555 845 614 866 non
640 836 747 873 pauci,
779 837 830 873 qui
850 838 923 867 hanc
948 846 1090 876 tamquam
1122 841 1253 870 inutilem
1282 841 1492 879 abjudicarunt.
1532 842 1596 870 Sci-

77 896 142 917 mus
166 896 236 917 vero
262 888 314 916 hac
337 888 447 917 ratione
473 889 582 917 multos
610 888 750 925 angcolas
774 889 805 918 in
833 889 955 919 diversis
981 891 1147 927 regionibus
1171 901 1239 921 usos
1263 900 1326 920 esse
1356 900 1460 929 magno
1484 893 1595 920 emolu-

77 944 197 975 mento,
225 944 253 967 et
284 945 361 968 nunc
386 938 441 967 uti.
490 939 547 968 Sed
569 947 635 968 cum
659 939 837 975 disputarent
863 941 899 969 de
928 941 1072 977 glebarum
1100 942 1225 971 ustionis
1253 941 1395 977 utilitate,
1423 941 1509 970 simul
1541 942 1594 970 eti-

76 999 120 1019 am
139 989 349 1020 dissentiebant
367 990 402 1019 de
426 989 535 1020 ratione
547 1011 558 1026 ‚
581 999 637 1027 qua
655 997 719 1027 agat
737 991 766 1020 in
790 991 846 1021 soli
866 992 991 1022 indolem
1011 999 1040 1021 et
1056 1000 1197 1022 naturam.
1223 992 1264 1021 Et
1282 992 1350 1021 licet
1367 993 1454 1030 huius
1470 993 1590 1022 actionis

74 1050 192 1071 caussae
216 1048 292 1070 nunc
318 1040 400 1069 etiam
423 1049 482 1070 non
507 1049 608 1070 omnes
633 1049 661 1070 et
678 1041 801 1078 intelligi
822 1048 850 1071 et
876 1043 1011 1078 explicari
1031 1045 1162 1080 possint,
1186 1051 1280 1073 tamen
1301 1043 1380 1072 humi
1401 1043 1494 1073 acidae
1516 1046 1591 1081 ejus-

73 1101 133 1130 que
158 1092 280 1130 partium
305 1090 402 1120 indole
426 1098 513 1127 atque
531 1099 634 1120 natura
652 1092 725 1121 bene
748 1091 913 1128 intellecta,
942 1093 1005 1123 illae
1024 1095 1107 1123 etiam
1127 1094 1241 1123 facilius
1261 1094 1469 1131 intelliguntur.
1509 1095 1593 1124 Dixi-

74 1153 138 1174 mus
163 1143 237 1173 enim
260 1141 342 1171 humi
366 1147 475 1178 partem
498 1142 637 1171 alcalibus
663 1142 759 1179 solvi,
789 1149 818 1172 et
842 1150 876 1172 ut
901 1144 968 1173 dein
993 1144 1173 1180 videbimus,
1195 1154 1256 1174 eam
1286 1145 1425 1180 aptiorem
1449 1145 1529 1181 fieri,
1559 1154 1590 1174 ut

74 1197 137 1224 aere
165 1200 311 1230 mutetur,
338 1193 467 1229 adeoque
488 1192 669 1223 fertiliorem.
711 1193 823 1222 Scimus
850 1193 934 1223 etiam
959 1203 992 1223 ex
1017 1195 1136 1224 Thaerii
1159 1203 1187 1224 et
1214 1195 1346 1224 Einhofii
1369 1197 1590 1233 experimentis⁹

74 1245 166 1284 glebis
192 1244 310 1274 utendis
335 1242 445 1273 cIneres
470 1243 552 1279 fieri,
572 1243 623 1280 qui
651 1245 824 1281 plerumque
849 1251 983 1275 constant
1009 1254 1044 1275 ex
1066 1247 1228 1283 pbosphate
1253 1252 1281 1274 et
1305 1246 1457 1275 cat-bonate
1479 1247 1588 1282 calcis,

73 1303 229 1334 potassae,
256 1293 379 1331 argilla,
409 1293 501 1323 silicia
530 1300 558 1323 et
585 1294 661 1324 aliis.
709 1294 802 1331 Igitur
824 1295 880 1333 jam
906 1296 1078 1325 concludere
1101 1305 1278 1334 possumus,
1308 1297 1358 1326 hac
1384 1297 1494 1326 ratione
1516 1298 1590 1334 phy-

71 1346 166 1383 sicas,
187 1353 260 1382 quae
273 1351 436 1381 vocantur,
461 1353 595 1382 agrorum
618 1344 807 1382 proprietates
825 1347 984 1383 plantarum
1002 1347 1079 1376 ortui
1101 1354 1129 1376 et
1152 1347 1327 1377 incremento
1351 1348 1477 1384 aptiores
1504 1348 1585 1382 fieri,

71 1397 152 1434 quod
171 1392 307 1434 potassa,
327 1397 424 1432 calce,
444 1396 527 1432 aliis,
548 1395 628 1425 humi
650 1402 749 1425 natura
775 1403 916 1431 mutatur,
950 1397 1072 1434 partium
1092 1398 1273 1428 cohaerentia
1295 1398 1442 1435 solvitur,
1469 1401 1587 1429 solven-

71 1449 108 1478 do
135 1454 275 1477 extracto.
322 1446 380 1476 Sed
403 1448 482 1476 calor
509 1447 592 1476 etiam
621 1447 664 1476 sic
689 1453 790 1476 auctus
815 1448 881 1476 huic
908 1448 1037 1477 cinerum
1065 1447 1094 1477 in
1121 1449 1177 1477 soli
1204 1449 1330 1478 indolem
1357 1449 1463 1479 actioni
1488 1449 1586 1479 favere

71 1499 195 1529 videtur.
221 1497 320 1534 Nam,
342 1497 386 1526 uti
408 1497 574 1528 observavit
595 1497 852 1534 Einhofius,110ci
873 1498 903 1527 in
925 1498 1021 1535 agris,
1038 1498 1087 1527 ubi
1108 1500 1206 1535 glebae
1228 1506 1298 1529 sunt
1318 1506 1416 1537 ustae,
1437 1508 1504 1537 prae
1522 1500 1584 1528 aliis

70 1549 220 1579 fertilitate
251 1549 419 1585 excellunt,
449 1548 579 1585 viditque
604 1548 695 1585 prima
719 1555 806 1578 strata
832 1549 924 1578 adhuc
952 1549 1070 1578 humum
1098 1550 1205 1579 acidam
1242 1550 1422 1580 continentia
1456 1551 1585 1580 exhalare

68 1608 193 1637 vapores
207 1607 343 1635 aquarum
361 1605 389 1628 et
405 1599 508 1629 odores
531 1599 676 1637 ingratos,
699 1607 773 1636 quos
789 1598 844 1629 sub
861 1608 996 1637 campana
1014 1607 1150 1636 exceptos
1175 1601 1338 1638 exploravit
1363 1601 1452 1638 inque
1473 1602 1508 1630 iis
1526 1610 1584 1630 ma·

67 1651 143 1681 xime
169 1648 337 1680 ammoniam
368 1650 481 1680 invenit
507 1651 588 1688 (ε).
609 1675 613 1676 ⁷
638 1650 710 1680 Non
738 1650 883 1680 immerito
906 1651 995 1687 igitur
1019 1651 1062 1680 illi
1088 1651 1231 1688 sapientes
1257 1652 1392 1681 dicuntur
1418 1651 1581 1689 agricolae,

71 1701 123 1739 qui
147 1701 202 1730 hos
225 1700 333 1729 calidos
357 1700 469 1731 cineres
491 1701 587 1730 statim
608 1701 662 1730 sub
687 1701 764 1729 terra
784 1707 862 1730 arant
888 1709 982 1737 neque
998 1701 1168 1737 patiuntur,
1189 1708 1221 1730 ut
1243 1701 1408 1739 frigescant.
1448 1702 1582 1738 Denique

69 1759 99 1781 et
122 1751 171 1781 tali
197 1744 351 1788 aliquando
376 1752 486 1783 ratione
508 1752 658 1791 corrigunt
677 1753 758 1790 sola,
788 1752 918 1788 carices,
947 1753 1073 1789 juncos,
1104 1759 1132 1781 et
1160 1753 1246 1791 hujus
1271 1753 1381 1790 generis
1407 1753 1510 1782 herbas
1538 1753 1581 1782 fe·

1518 1814 1582 1834 ren-

68 1885 162 1912 Thaer.
185 1885 234 1912 l..l
261 1883 294 1912 B.
307 1884 345 1914 11.
369 1892 426 1918 pag.
446 1888 502 1914 118.
525 1894 583 1921 119.
599 1895 659 1922 234.
693 1886 774 1915 conf.
799 1886 903 1913 Achard
923 1888 949 1913 in
971 1886 1071 1914 Annali.
1097 1894 1150 1914 von
1173 1888 1258 1915 Crell.
1279 1888 1311 1914 B.
1327 1886 1363 1914 11.
1388 1894 1447 1920 pag.
1463 1893 1520 1919 391„
1552 1894 1576 1912 et

67 1931 188 1958 Bucholz
207 1930 233 1955 in
248 1929 358 1965 Journal
378 1930 421 1958 der
441 1933 550 1960 Chemie
574 1941 626 1960 von
644 1934 755 1960 Scherer
771 1934 803 1960 B.
819 1933 896 1960 VIII.
920 1941 980 1967 pag.
994 1934 1054 1966 580.

103 1974 170 2011 (ι)
187 1976 249 2003 vid.
268 1976 435 2004 Hermbstadt
455 1978 562 2006 Archiv.
586 1981 620 2007 B.
634 1978 658 2006 1.
675 1987 704 2013 p.
719 1980 768 2013 364
786 1986 813 2006 et
828 1980 888 2010 381·
907 1980 939 2006 B·
958 1980 1006 2005 IV·
1026 1987 1054 2011 P·
1072 1984 1127 2011 ¹05·

101 2022 166 2057 (2)
185 2022 253 2049 Vid.
277 2023 379 2050 Einhof
400 2025 426 2050 in
444 2026 576 2053 Hermbst.
599 2027 678 2053 Arci-r.
696 2027 715 2054 l.
731 2027 751 2053 1.
770 2033 829 2059 pag.
847 2032 906 2058 355.
923 2032 948 2050 et
968 2026 993 2050 in
1009 2025 1116 2058 Journal
1135 2031 1186 2049 von
1206 2024 1307 2050 Gehlen
1324 2031 1382 2057 pag.
1399 2024 1458 2056 386.
1491 2025 1574 2050 Thaer

68 2070 218 2102 Emleitung
232 2075 278 2096 zur
298 2070 438 2098 Kenntniss
457 2071 506 2099 der
529 2073 689 2107 Englischen
713 2071 951 2101 Landwirthschaft
980 2071 1013 2097 B.
1030 2070 1080 2096 111.
1098 2078 1125 2103 p.
1139 2077 1197 2103 597.
1233 2071 1354 2097 Hanover
1374 2070 1446 2102 1804.
