1919 2511
281 100 303 128 3
722 89 1320 127 s.v›.nHAL1;

285 183 394 225 docti,
418 187 454 215 ut
476 181 660 227 perIculum
683 180 847 222 facerent,
871 179 950 223 quid
977 178 1019 212 ad
1048 177 1320 222 amplificandum
1343 176 1424 220 juris
1450 174 1598 210 studium
1624 175 1755 210 conset-⁴

289 251 325 273 re
347 244 492 282 possent.
538 237 602 271 Sed
626 237 777 271 nondum
803 235 990 281 regionibus
1014 235 1082 267 suis
1109 235 1268 268 Italorum
1292 238 1351 267 aut
1367 232 1556 274 Gallorum,
1579 233 1757 276 Belgarum

293 301 350 328 aut
375 298 644 336 Germanorum,
676 292 850 326 distinctae
877 297 971 326 erant
994 291 1138 324 scholae.
1189 291 1304 333 Italia,
1328 295 1366 324 ut
1386 289 1465 323 olIm
1493 288 1688 330 hominum,
1711 289 1758 322 ita

290 362 381 385 nune
408 352 556 385 vimrurn
580 350 755 383 doctorum
777 349 965 382 communis
988 347 1175 380 habebatur
1196 346 1292 390 quasi
1316 347 1423 390 patria
1437 370 1447 388 ,
1478 355 1544 390 quo
1566 344 1759 389 proficiscea

292 415 400 450 retur,
424 408 482 451 qui
505 407 629 439 discere
655 411 805 449 cuperet:
839 404 897 437 ubi
929 404 1084 438 cathedra
1115 403 1313 445 donaretur,
1345 403 1402 446 qui·
1431 412 1513 445 prae
1538 401 1654 435 ceteris
1678 410 1761 433 suae

289 465 405 498 aetatis
422 461 613 496 hominibus
629 462 709 503 juris
723 462 835 504 peritia
849 461 957 495 valere
974 460 1158 502 videretur,
1182 468 1392 503 quocumque
1411 458 1547 492 tandem
1560 458 1632 492 loco
1647 461 1762 490 natus..-

335 524 449 563 Itaque
460 544 470 561 ,
494 524 531 551 ut
553 523 738 551 ceterarum
758 516 906 561 gentium
926 515 988 551 viri
1012 515 1117 557 docti,
1142 515 1275 549 saeculo
1292 521 1386 548 sexto
1402 513 1552 556 decimo,
1575 513 1661 549 vitae
1679 523 1762 546 suae

291 583 421 621 partem
445 577 480 609 in
511 573 600 607 Italia
637 579 883 617 transegerunt,
913 571 963 605 sic
986 572 1183 605 nostratium
1206 571 1270 613 ibi,
1301 572 1336 604 in
1364 569 1619 615 jurisprudentia
1649 569 1762 602 colen-

246 671 251 680 a
293 635 350 675 da,
375 632 508 666 laudem
526 631 672 663 maxime
686 628 836 664 fundavit
857 641 1027 663 VIGLIUS
1050 640 1277 662 zmcmzmus
1304 639 1351 661 AB
1374 638 1526 670 AYTTA,
1548 624 1667 661 nobilis
1686 625 1765 661 Fri-3

290 692 360 724 sius
371 715 379 731 ,
404 689 521 722 Aiciati
544 686 737 730 discipulus.

335 747 489 779 Alienum
515 749 564 776 est
593 754 611 775 a
633 742 801 786 proposito
821 747 935 775 nostro
961 743 1002 776 A.
1020 742 1060 775 A.
1085 743 1201 774 H.H.!
1227 747 1263 774 ut
1288 741 1381 777 vobis
1403 742 1477 775 Viri
1501 741 1587 774 illius
1605 740 1639 773 in
1656 740 1766 784 expli-¹

294 802 408 837 candis
439 800 564 845 legibus
590 799 819 832 admirabilem
848 798 1035 840 solertiam,
1069 804 1105 831 ut
1135 798 1332 840 stupendam
1359 796 1598 838 eruditionem,
1632 801 1670 829 ut
1701 797 1766 829 stili

295 860 380 892 bene
404 858 498 891 latini
517 857 712 901 elegantiam
737 855 913 889 declarem.
962 854 1025 887 Sed
1048 854 1088 887 de
1110 854 1159 886 illa
1179 853 1295 897 Vigiii,
1319 853 1451 887 scholae
1476 853 1625 896 Belgicae
1646 858 1765 886 aucto-

294 917 340 950 ris
353 942 362 957 ‚
385 914 482 948 laude
505 913 683 946 dicendum
706 918 775 954 est,
808 914 871 955 qua
894 910 1107 955 praecelluit,
1138 911 1285 953 ineptam
1307 910 1446 943 docendi
1465 910 1630 943 rationem
1650 909 1770 943 melib-

297 985 333 1006 re
355 975 585 1010 commutanS,
610 969 691 1002 dum
715 980 757 1001 ex
779 967 972 1011 antiquitate
1001 972 1033 1000 et
1056 966 1189 999 historia
1204 991 1213 1007 ,
1242 965 1323 1008 juris
1347 965 1469 1010 placita
1493 965 1686 1010 explicanda
1713 974 1769 998 es-

298 1041 353 1070 se,
385 1027 483 1061 modo
507 1025 710 1069 praeceptis,
740 1024 841 1058 modo
866 1024 1017 1066 exemplo
1042 1024 1112 1066 ipse
1144 1033 1205 1055 suo
1237 1022 1391 1056 ostendit,
1458 1024 1535 1056 Hoc
1568 1023 1659 1056 enirn
1690 1021 1770 1055 illud

301 1091 368 1126 est,
391 1094 456 1128 quo
478 1083 563 1115 inter
592 1087 744 1114 auctores
771 1080 948 1113 historicae
967 1078 1245 1122 jurisprudentiae
1272 1088 1350 1111 cum
1375 1079 1535 1122 exegetica
1565 1079 1771 1121 conjungen·-¹

303 1143 364 1176 dae
396 1137 605 1173 collocandus
632 1147 702 1169 csse
725 1135 886 1170 videatur.

347 1200 461 1238 Quam
480 1194 627 1228 Alciatus
646 1195 757 1236 ipsum
781 1191 865 1224 inire
889 1192 1070 1232 docuerat,
1102 1191 1270 1235 diligenter
1297 1191 1386 1224 viam
1413 1189 1529 1223 tenuit.
1580 1189 1775 1223 Humanio:

306 1263 357 1286 res
380 1254 503 1285 litteras
518 1276 527 1293 ,
550 1250 669 1294 quibus
693 1250 773 1291 juris
800 1248 908 1281 studio
934 1248 1073 1291 gratiam
1101 1253 1132 1280 et
1156 1249 1383 1290 majestatem,
1415 1245 1515 1278 rebus
1535 1245 1686 1279 obscuris
1717 1247 1774 1280 in-

308 1309 461 1343 credibile
489 1309 602 1341 lumen
629 1305 785 1339 accedere
811 1310 964 1348 putaret,
988 1314 1066 1337 cum
1091 1303 1344 1347 jurisprudentia
1374 1301 1554 1344 conjunxit.
1601 1303 1709 1347 Atque
1727 1302 1775 1336 ita

308 1374 421 1400 tamen
445 1364 487 1399 ab
512 1364 565 1397 iilo
592 1362 688 1403 vitio,
721 1372 786 1405 quo
814 1367 973 1394 notantur
996 1360 1096 1403 hujus
1120 1361 1237 1393 aetatis
1263 1361 1457 1402 interpretes
1487 1358 1639 1400 litterati,
1671 1369 1775 1403 quam

308 1424 454 1455 maxime
476 1422 537 1454 fuit
555 1419 691 1453 alienus*
738 1417 914 1451 Docebant
947 1416 1036 1449 enim
1062 1415 1127 1458 illi,
1160 1416 1247 1449 unde
1271 1421 1343 1448 orta
1367 1420 1439 1448 orta
1463 1419 1572 1447 essent
1593 1414 1778 1448 stillicidii

310 1486 407 1523 atque
435 1475 643 1511 erciscmzcli
663 1474 843 1514 voeabula;
866 1473 978 1517 ipsum
1002 1473 1081 1505 illud
1110 1472 1199 1516 quod
1221 1471 1374 1505 stillicidii
1395 1473 1486 1512 jure,
1516 1470 1606 1514 quod
1632 1470 1777 1505 familiae

309 1535 524 1568 erciscundae
552 1531 671 1575 judicio
697 1531 940 1571 contineretur,
963 1529 1155 1562 nesciebant
1176 1529 1247 1572 (*).
1302 1527 1393 1561 Vidit
1422 1539 1613 1570 menum,
1636 1538 1705 1561 non
1725 1528 1780 1561 lo-

312 1604 351 1625 ca
380 1597 508 1624 tantum
535 1591 614 1633 juris
637 1587 739 1622 civilis
764 1586 946 1620 difficiliora
970 1586 1128 1619 studiosis
1156 1595 1228 1618 esse
1247 1583 1440 1627 explicanda
1455 1609 1464 1626 ,
1495 1584 1555 1617 sed
1585 1583 1779 1620 universum

312 1648 587 1691 jurisprudentiae
619 1644 784 1678 ambitum
811 1653 883 1676 esse
911 1642 1216 1686 complectendum,
1249 1642 1330 1684 juris
1358 1650 1553 1684 progressus
1583 1650 1656 1673 esse
1678 1640 1779 1674 inda-

313 1705 449 1748 gandos,
497 1707 611 1747 Itaque
624 1727 633 1743 ,
657 1712 756 1745 quem
775 1700 926 1733 deserere
942 1699 1093 1732 nondum
1108 1698 1252 1731 audebat
1264 1722 1273 1738 ‚
1297 1696 1434 1731 notabat
1451 1702 1563 1729 tamen
1585 1707 1667 1730 suae
1685 1702 1780 1730 aeta—

313 1762 354 1794 tis
380 1771 528 1801 morem,
553 1770 618 1803 quo
642 1768 710 1790 non
741 1758 913 1791 universae
940 1755 1167 1788 Institutiones
1181 1753 1424 1794 Justinianeae,
1447 1752 1506 1785 sed
1530 1762 1647 1785 earum
1667 1758 1781 1796 partes

313 1824 445 1851 tantum
477 1816 518 1850 de
551 1812 756 1848 testamentis
788 1818 886 1856 atque
924 1809 1176 1854 obligationibus
1200 1810 1444 1854 explicarentur
1467 1809 1545 1852 (ως
1586 1810 1781 1853 interpretes

1704 1875 1783 1909 pere

349 1988 362 2017 (
375 1987 400 2016 ⁵)
416 1985 453 2010 Cf,
469 1967 592 2007 'meu
602 1991 611 2006 s
632 1983 704 2014 Epist.
725 1991 791 2008 nunc.
814 1984 944 2006 Commanc.
964 1985 1001 2009 ιὶι,
1023 1983 1081 2007 Im.
1099 1982 1128 2006 de
1145 1986 1237 2007 testam.
1253 1978 1387 2011 praemissa.
1401 1985 1436 2009 „Pa
1449 1977 1474 2002 5.

355 2031 400 2061 (5)
421 2029 464 2052 ID·
482 2027 516 2050 acl
533 2027 592 2051 mbr.
613 2029 668 2052 [nst.
687 2025 715 2049 de
731 2033 779 2051 cesc-
801 2026 850 2051 ord.
873 2027 893 2055 §.
905 2029 928 2056 4.
950 2035 1009 2059 p.1.
