1919 2511
426 166 653 198 RESPONSIO
683 174 725 195 AD
755 162 1068 202 QUAESTmNEM
1100 163 1330 196 MEDICAIx1.·
1589 169 1627 204 69

106 254 277 289 cumbebat,
307 251 449 281 articulari
474 251 642 287 delapsum,
675 253 702 277 et
729 246 828 276 forsan
857 246 1053 274 musculorum
1084 246 1217 282 actione,
1250 247 1343 276 aliove
1376 246 1503 283 impulsu
1536 255 1628 278 exter..

61 292 65 296 .
106 316 144 336 no
167 307 234 343 (α)
254 312 441 342 protrusum‚
462 302 551 339 magis
578 301 709 330 minusve
731 308 746 328 a
769 303 877 334 puncto
905 296 960 325 fixo
987 297 1107 326 discedit
1127 305 1213 333 eaput
1241 298 1315 326 ossis
1345 297 1456 333 luxui,
1480 300 1576 334 quod,
1600 300 1625 328 si

106 359 228 396 propius
251 365 317 385 suae
341 354 456 383 cavitati
481 354 592 387 adstet,
613 351 707 381 levior
731 357 827 379 motus
855 350 1011 386 requiritur
1037 352 1072 380 ad
1098 351 1307 381 reductionem.
1351 352 1417 380 Tali
1437 352 1467 381 in
1498 362 1565 382 casu
1583 354 1628 382 di-

109 410 149 438 cit
175 408 387 444 Hippocrates,
411 413 439 433 et
465 410 533 441 post
561 412 624 432 eum
649 401 732 430 multi
756 401 786 430 in
809 408 868 430 arte
895 401 1004 430 medica
1030 402 1168 438 praeclari
1192 402 1247 431 viri
1276 403 1433 438 dixerunt,
1462 412 1562 432 manus
1589 406 1624 433 ad

107 469 182 498 opus
207 459 359 493 sufficere,
380 466 432 486 nec
460 455 587 492 requiri,
610 461 641 483 ut
662 453 799 483 auxilium
827 460 979 489 quaeratur
1003 453 1032 482 in
1055 454 1266 482 instrumentis.
1308 453 1483 489 Antiquitas
1500 456 1556 492 jam
1577 457 1625 484 lu-

104 512 246 541 xationem
267 510 424 547 reponendi
447 509 601 537 methodos
626 507 734 543 triplici
759 505 901 534 divisione
924 506 1117 535 distinxerunt
1145 505 1266 540 medici,
1289 512 1478 534 memorantes
1504 506 1538 534 de
1562 515 1622 535 mo-

103 565 140 592 do
164 563 356 600 palaestrico,
385 559 548 589 methodico
572 566 601 588 et
626 558 761 595 organico
792 558 873 594 (3).
913 557 1049 586 Primaria
1077 565 1170 586 autem
1195 557 1388 593 antiquiorum
1417 566 1500 586 mens
1527 557 1621 588 fuisse

101 614 235 649 videtur,
257 620 289 642 ut
316 612 478 642 mechanice
502 611 677 640 luxationem
701 608 884 638 restituerent
910 618 926 638 a
948 610 1015 638 loco
1040 609 1134 639 alieno
1156 611 1283 638 luxatum
1308 614 1394 644 caput
1418 608 1448 638 in
1464 611 1620 639 naturalem

100 666 279 703 repellendo,
1234 699 1237 702 Δ
1488 661 1492 664 ’

140 715 276 752 Inprimis
294 713 368 743 enim
393 713 615 742 instrumentum
636 712 776 748 quoddam
790 733 799 748 ,
820 713 911 742 vectis
938 712 1048 749 instar,
1070 713 1100 742 in
1125 712 1236 741 axillam
1257 713 1313 740 alte
1330 711 1537 741 immittendum
1558 721 1620 741 esse

101 767 178 804 apud
202 775 252 795 eos
275 765 414 802 legimus,
436 766 474 793 ita
499 771 531 792 ut
555 764 655 800 potius
679 772 711 792 os
736 765 863 792 luxatum
889 763 924 791 ad
948 763 1041 792 sinum
1068 762 1245 791 articularem
1269 762 1402 797 cogisse‚
1426 770 1508 796 quam
1536 762 1619 790 redu-

100 820 198 854 xisse,
218 817 369 847 videantur
391 823 502 845 veteres
524 817 611 853 (4);
634 824 693 844 uon
713 815 787 844 enim
811 815 883 843 alius
905 815 1016 849 scalae,
1037 815 1156 851 januae,
1178 812 1287 847 ambis,
1310 813 1489 848 aliorumque
1510 812 1619 841 instru-

99 876 260 898 mentorum
289 868 484 904 antiquiorum
510 867 603 895 fuisse
626 867 739 895 videtur
757 866 857 901 agendi
882 866 997 895 modus.
1039 865 1114 893 Mox
1131 871 1224 893 tamen
1245 864 1324 893 hisee
1348 865 1483 900 auxiliis,
1509 865 1616 900 quibus

98 921 252 950 utebantur
279 920 367 957 prisci
391 919 420 948 in
452 918 621 947 difficilioris
657 916 843 952 repositionis
876 925 944 944 casu
975 916 1040 944 addi
1069 915 1199 944 videmus
1229 924 1333 952 organa
1361 914 1495 943 tractoria
1523 917 1615 951 (5),

102 980 174 1007 quae
199 972 288 1008 parva
312 970 450 1005 brevique
467 977 534 998 sunt
556 969 719 1000 structura,
742 974 769 996 et
790 966 961 996 extendendi
981 967 1116 995 duntaxat
1139 966 1303 995 facultatem
1329 967 1453 1002 habent,
1476 973 1504 995 et
1526 967 1567 995 sic
1589 967 1618 996 in

97 1032 180 1052 usum
201 1023 280 1052 venit
300 1022 459 1059 reponendi
479 1022 601 1056 modus,
624 1029 708 1056 quem
729 1020 862 1048 dixerunt
882 1018 1048 1054 organicum
1071 1019 1155 1056 (6).

99 1077 103 1079 ’
130 1074 193 1111 Jam
217 1075 251 1103 de
279 1072 480 1111 glossocomiis
507 1071 614 1101 mentio
642 1071 695 1106 fit,
729 1078 801 1105 quae
824 1068 961 1105 origine-m
991 1075 1019 1097 et
1049 1078 1155 1098 nomen
1183 1068 1298 1098 Galeno
1329 1068 1430 1098 debere
1461 1069 1616 1107 videntur,

94 1126 235 1162 aliamque
260 1124 401 1160 formam,
421 1123 538 1153 nomine
563 1122 657 1151 miuus
693 1128 756 1157 epto
778 1120 844 1157 (7)
866 1120 920 1148 sibi
937 1127 1073 1155 servato,
1096 1120 1308 1149 recentioribus
1326 1120 1509 1149 Auctoribus
1532 1119 1615 1153 (8).

96 1175 146 1205 Sic
167 1182 260 1204 autem
287 1175 418 1204 videmus
446 1174 641 1203 extensionem
665 1173 744 1201 vario
768 1171 855 1199 modo
879 1171 1057 1200 observatam
1078 1171 1112 1200 ad
1132 1171 1223 1199 luxati
1248 1170 1360 1199 humeri
1383 1171 1617 1206 restitutionem,

97 1227 148 1255 sed
173 1233 317 1263 praeterea
343 1226 429 1254 simul
452 1225 618 1262 quaeritur,
638 1232 673 1252 an
692 1222 820 1251 extensio
846 1230 897 1257 per
923 1221 1040 1250 illorum
1059 1222 1248 1250 instrumenta
1269 1220 1357 1249 fuerit
1383 1229 1480 1258 parata
1499 1222 1529 1250 in
1548 1231 1618 1250 con.

94 1277 222 1307 venienti
244 1277 423 1306 directione?
464 1277 497 1305 Id
518 1276 590 1304 enim
616 1283 680 1310 est,
702 1275 731 1303 in
756 1282 813 1309 quo
837 1281 881 1300 res
903 1272 1028 1309 nititur;
1049 1281 1112 1301 nam
1137 1273 1193 1301 nisi
1218 1272 1305 1300 fuerit
1322 1272 1497 1301 conveniens
1519 1279 1618 1301 exten-

93 1329 158 1364 sio,
187 1330 285 1358 nullus
311 1329 409 1365 potuit
437 1327 539 1356 melior
563 1335 625 1355 esse
650 1334 721 1354 usus
747 1325 918 1362 organicae,
951 1335 1033 1363 quam
1063 1327 1246 1362 palaestricae
1271 1325 1430 1362 reponendi
1458 1324 1609 1359 methodi,

97 1380 168 1417 quin
195 1381 253 1410 imo
284 1380 382 1410 debuit
407 1389 470 1410 esse
495 1381 600 1418 pejor,
628 1388 693 1408 cum
717 1387 769 1417 per
792 1379 869 1407 illam
894 1379 1006 1417 major,
1036 1386 1118 1414 quam
1143 1386 1193 1415 per
1219 1378 1290 1405 hanc
1318 1377 1481 1406 methodum
1508 1383 1614 1412 potue-

1576 1433 1613 1455 rit

129 1521 195 1556 (2)
219 1521 245 1558 J.
261 1522 358 1548 Aitken
376 1521 470 1554 Essays
487 1527 521 1547 on
540 1521 636 1547 several
663 1521 798 1554 important
822 1520 982 1553 subiens-in
1001 1520 1112 1553 Surgery
1139 1527 1167 1552 p.
1182 1525 1225 1552 57.
1243 1517 1356 1544 Londou
1376 1521 1448 1549 1771.
1466 1516 1529 1542 8vo.

128 1567 192 1603 (3)
221 1570 247 1604 J.
266 1569 378 1604 Juncker
402 1569 548 1601 Conspect.
572 1568 644 1594 Chir.
673 1575 693 1594 t.
712 1569 755 1601 65.
779 1568 811 1593 de
835 1569 918 1595 luxat.
943 1568 970 1593 in
993 1568 1080 1600 specie
1105 1575 1134 1599 p.
1151 1573 1207 1599 493.
1232 1565 1293 1591 Hal.
1323 1569 1398 1598 1721.
1441 1562 1494 1587 Hic
1518 1568 1611 1587 conve-

93 1615 166 1641 niunt
190 1622 255 1647 quae
282 1615 345 1640 dicit
365 1615 494 1640 Wiseman
518 1615 583 1642 chir.
611 1616 710 1642 tremis,
735 1615 789 1640 vol.
809 1623 835 1641 2.
867 1623 894 1647 p.
912 1622 970 1648 243.
997 1614 1086 1641 Lond.
1103 1620 1176 1646 1734.
1205 1613 1248 1638 tbe
1275 1613 1438 1637 instruments
1460 1610 1502 1635 for
1526 1616 1614 1634 exren·

92 1663 148 1688 sion
170 1669 212 1688 are
233 1662 375 1688 threefold:
400 1662 456 1687 first
473 1662 516 1688 the
534 1663 700 1695 chirurgeons
718 1663 794 1688 hands
815 1669 866 1689 cet.
885 1662 1009 1694 secondly
1025 1674 1059 1680 —
1077 1661 1152 1686 funes
1175 1658 1222 1684 and
1236 1659 1348 1684 habenae
1368 1663 1420 1683 cet.
1438 1656 1536 1688 thirdly
1556 1656 1613 1681 the-

91 1715 121 1734 re
141 1716 181 1734 are
201 1715 295 1741 organa
322 1709 370 1734 and
392 1709 602 1736 machinamenta.
627 1709 700 1736 conf.
718 1710 845 1736 Percivall
864 1709 936 1736 l’ott.
956 1709 1033 1734 Chir.
1050 1707 1155 1733 Works.
1180 1714 1208 1738 p.
1226 1706 1286 1737 636.
1313 1703 1398 1730 Lond.
1420 1709 1492 1737 1775.

125 1755 193 1790 (4)
219 1756 326 1781 Desault
353 1756 451 1783 oeuvr.
475 1756 541 1783 chir.
564 1764 609 1790 par
633 1757 698 1784 Xav.
716 1757 820 1783 Bichat.
841 1757 865 1786 1.
891 1756 957 1783 Part.
984 1756 1010 1788 §.
1028 1761 1055 1788 7.
1073 1762 1100 1787 p.
1120 1759 1165 1786 155
1184 1759 1239 1785 seq.
1258 1752 1327 1778 Paris
1347 1751 1421 1784 1793.
1447 1762 1483 1769 -
1500 1748 1605 1781 (jaspari

92 1800 168 1827 Anat.
192 1801 264 1828 Chir.
291 1802 410 1829 Darsoen.
428 1808 482 1830 cet.
507 1810 534 1835 p.
554 1810 612 1829 100.

124 1847 190 1882 (5)
217 1847 358 1874 Oribasius.
383 1855 409 1875 c.
426 1855 454 1875 2.
478 1848 510 1873 de
531 1854 617 1880 orgnn.
643 1848 725 1876 differ.

125 1893 191 1927 (6)
217 1894 243 1928 J.
260 1895 294 1920 A.
313 1895 399 1920 eruce
421 1894 549 1926 Chirurg.
569 1895 681 1921 univers.
704 1904 732 1928 p.
749 1896 792 1928 67.
818 1896 919 1923 Venet.
939 1896 1013 1929 1596.
1031 1895 1079 1920 fol.

127 1941 192 1976 (7)
219 1943 332 1968 Galenus
351 1942 412 1968 dicit
428 1943 460 1968 de
477 1943 646 1975 glossocomli
667 1944 789 1969 nomine:
807 1945 948 1976 appellatur
971 1943 1002 1967 ab
1020 1939 1123 1970 arcula,
1145 1938 1171 1964 in
1197 1938 1249 1971 qua
1271 1941 1371 1962 servare
1391 1935 1507 1960 homines
1528 1933 1610 1967 solent

91 1996 133 2015 eas
154 1996 211 2021 res,
234 1996 296 2020 quas
316 1991 340 2014 in
357 1989 443 2021 pretio
463 1989 564 2016 habent.
593 1988 647 2014 vid.
667 1990 772 2016 Comm.
797 1989 829 2014 de
855 1989 930 2014 fraer.
955 1996 982 2021 p.
1004 1987 1062 2013 ιὲο.

126 2035 192 2069 (8)
222 2035 300 2069 Quod
324 2036 413 2061 attinet
434 2034 465 2060 ad
487 2036 592 2060 illorum
617 2042 753 2062 auctorum
776 2037 1001 2061 instrumentorum
1029 2032 1151 2058 virtutem
1177 2028 1248 2056 conf.
1272 2028 1341 2054 Petit
1358 2026 1454 2053 Malad.
1486 2025 1533 2050 des
1561 2025 1609 2050 Os.

89 2081 161 2108 Bell.
177 2089 191 2107 a
213 2082 282 2115 Syst.
307 2082 340 2108 of
361 2082 435 2113 Surg.
461 2082 515 2108 vol.
532 2082 558 2108 6.
583 2089 610 2114 p.
626 2087 677 2113 219
694 2088 752 2114 seq.
779 2082 820 2107 De
839 2082 919 2115 priori
941 2082 1058 2107 Auctore
1085 2077 1152 2103 dicit
1173 2076 1314 2102 Ravaton:
1342 2073 1463 2107 (Pratiq.
1489 2070 1609 2096 modern.

45 2150 49 2154 ,
92 2126 124 2152 de
143 2128 165 2152 la
183 2127 246 2154 chir.
274 2134 293 2155 t.
310 2136 336 2160 4.
363 2136 390 2160 p.
409 2128 473 2160 149)
505 2146 524 2160 „
543 2128 610 2154 Petit
634 2135 648 2153 a
671 2125 708 2153 dit
729 2135 770 2153 sur
790 2129 827 2154 les
851 2127 1001 2158 methodes,
1027 2124 1092 2152 dont
1112 2130 1148 2149 on
1166 2130 1192 2149 se
1215 2122 1293 2148 servit
1310 2120 1525 2149 anciennement2
1552 2122 1609 2142 ‘⁰¹¹‘

93 2179 123 2199 ce
143 2173 224 2206 qu'on
244 2177 353 2207 pouvalt
376 2175 428 2200 dire
452 2174 485 2200 de
506 2175 591 2201 mieux
613 2174 716 2207 jusqu'a
734 2182 781 2201 son
800 2174 912 2208 temps.''

908 2221 962 2257 13
