1919 2511
360 97 591 129 RESPONSIO
609 108 653 130 an
674 99 986 141 QUAEsTIONEM
1007 103 1336 141 THEOLOG-ICAM.
1558 121 1600 151 59

96 175 152 204 sibi
174 177 302 213 iudicem
323 180 437 216 mallet,
457 180 528 210 huic
548 182 762 219 permitteretur
783 192 901 215 caussae
922 187 1073 224 cognitio,
1101 189 1183 218 etiam
1208 191 1233 219 si
1256 200 1322 228 pars
1348 194 1435 225 altera
1456 205 1599 235 repugna·

95 234 158 263 ηις
182 237 264 264 quam
283 229 371 266 igitur
396 231 443 260 hic
462 230 550 261 ferret
572 234 761 271 sententiam,
782 244 841 264 eam
861 243 946 266 ratam
966 247 997 267 ac
1013 239 1120 276 iussam
1144 241 1311 272 habendam.
1353 245 1498 285 Praeterea
1521 257 1599 278 man-

92 277 169 306 davit
190 287 325 316 quoque,
346 288 378 310 ut
402 283 447 311 vel
466 283 551 312 unius
570 284 702 321 episcopi
722 285 917 316 testimonium
935 289 1062 326 a=ji1dice
1086 291 1284 328 acciperetur,
1304 302 1357 323 nec
1387 296 1472 326 alium
1501 300 1595 328 audire

91 330 243 368 permisit,
272 332 417 368 promisso
442 333 574 371 episcopi
607 335 785 366 testimonio.
829 337 861 366 Id
890 339 963 368 enirn
990 340 1121 370 veritatis
1148 344 1322 373 auctoritate>
1339 345 1470 383 firmum,
1502 349 1529 377 id
1558 351 1601 379 in·

92 389 262 418 corruptumv
291 390 372 419 esse,
401 385 482 420 quod.
511 386 601 422 q-uis,
625 387 730 415 Sacrae
752 387 916 424 Scripturae
939 399 1044 426 gnarus
1060 412 1071 428 ,
1104 392 1215 422 illibata
1244 401 1341 424 mente
1363 405 1394 425 ac
1420 400 1599 430 conscientia

88 432 240 469 proferret.
281 433 398 463 Utinam
424 435 559 465 omnibus
586 437 695 467 illibata
717 439 893 468 conscientia
923 440 1031 471 fuerit!

127 483 262 520 Denique
289 485 460 515 clericorum
489 486 652 524 dignitatem
679 496 908 526 potestatemque
928 500 1042 522 summo
1070 503 1157 530 opere
1177 496 1270 525 evexit
1292 497 1437 536 Carolus,
1466 503 1593 533 maximis

89 536 254 566 muneribus
278 536 413 566 civilibus
440 538 475 567 iis
503 541 664 570 credendis.
714 541 831 570 Creavit
857 550 908 570 eos
936 551 1159 581 procuratores,
1188 548 1320 584 legatos,
1353 550 1503 582 ministros
1529 563 1597 584 suos

87 588 224 624 intimosg,
247 588 278 617 in
303 596 426 624 quorum
453 590 611 620 officiorum
637 592 754 629 gratiam
775 592 810 620 iis
839 600 924 628 agros
950 601 978 623 et
1004 595 1108 632 regalia
1134 596 1237 633 dabat,
1260 599 1367 635 quibus
1392 608 1418 630 et
1436 603 1490 639 ipsi
1514 607 1594 642 prin·

86 640 182 676 cipum
212 640 292 675 quasi
311 640 436 670 honores
463 642 702 679 adipiscerentur.
742 644 775 673 In
794 644 927 674 conciliis
946 653 1062 681 quoque
1087 655 1197 677 summa
1222 656 1280 679 erat
1297 651 1466 683 clericorum
1486 662 1514 683 et
1531 666 1599 686 auc·

85 690 186 719 toritas
208 696 236 718 et
260 697 397 727 potestas.
439 693 517 723 Hinc
543 703 636 723 rerum
666 696 732 732 ejus
752 696 814 725 aevi
833 697 1011 733 scriptores,
1043 699 1142 729 socios
1171 702 1383 741 conciliorum,
1402 707 1483 743 juxta
1501 709 1594 739 civilis

85 741 194 770 ordinis
214 740 366 778 homines,
395 744 515 773 comites
540 745 590 781 qui
608 745 765 783 dicuntur,
789 755 902 784 semper
922 748 1076 786 episcopos
1100 757 1128 779 et
1149 751 1265 782 abbates
1288 755 1446 787 nominant.
1487 760 1534 789 Ex
1553 762 1596 791 his

83 793 139 830 jam
167 799 305 829 apparet,
336 795 491 825 monastica
520 805 638 833 quoque
666 797 797 828 instituta
828 806 977 837 spectare,
1005 810 1077 838 quae
1103 803 1137 831 de
1159 806 1242 834 aucta
1268 807 1436 838 clericorum
1467 814 1597 847 potentia

84 843 207 872 diximus
228 864 240 880 ‚
270 844 363 880 deque
390 846 528 882 pestifera
555 856 653 877 eorum
678 849 708 878 in
733 850 881 880 ecclesiam
906 851 965 880 vim
997 858 1085 888 atque
1111 855 1256 886 effectum.
1297 858 1476 890 Monasteria
1505 864 1597 894 Caro-

82 896 128 923 lus
153 894 282 931 inprimis
311 895 423 927 ditavit.
464 897 597 936 Quorum
625 908 697 936 opes
718 900 840 937 praedi-is
851 922 867 938 2.
885 903 980 940 agris,
1002 905 1157 942 pecuniis,
1178 907 1336 946 privilegiis
1354 914 1504 946 permultis
1524 917 1592 945 dan.

80 946 124 975 dis
150 946 319 976 immensum
345 947 375 977 in
405 950 520 979 modum
552 951 630 980 auxit
658 960 690 980 ac
716 953 916 989 locupletavit.
965 954 1047 993 Quae
1069 963 1115 985 res
1148 956 1283 988 facillime
1310 964 1515 1002 cognoscitur,
1548 968 1591 997 in=

82 997 189 1034 spectis
215 998 421 1034 diplomatibus
443 1007 573 1038 tantum,
594 1010 626 1031 ea
645 1003 679 1031 de
697 1012 728 1032 re
751 1003 782 1033 in
805 1012 899 1033 rerum
924 1005 1088 1042 gallicarum
1108 1007 1301 1044 scriptoribus
1325 1012 1436 1044 obviis.

116 1047 163 1076 Sic
189 1047 286 1084 itaque
314 1048 438 1081 Carolus
462 1060 579 1083 suorum
604 1053 829 1094 institutorum,
855 1057 895 1086 ad
914 1057 1111 1087 emendandos
1133 1067 1227 1089 mores
1255 1061 1448 1103 clericorum,
1478 1067 1589 1100 fructus

79 1099 141 1136 ipse
160 1098 298 1136 perdidit.

843 1231 1066 1271 svm-1301.
1088 1250 1168 1271 U‘Ms

621 1352 736 1383 Aetatis
755 1360 796 1383 est
816 1362 933 1393 ususque
952 1356 1064 1392 nostri,
1094 1365 1113 1384 a
1134 1357 1229 1394 capite
1254 1357 1330 1396 quod
1349 1361 1468 1394 velimus
1493 1376 1586 1399 arces.

693 1413 768 1438 sere,
796 1412 822 1434 et
846 1404 919 1435 unde
936 1408 1030 1435 omnia
1054 1414 1190 1446 manent,
1210 1409 1317 1441 videre.

1242 1490 1413 1517 CICERO·-
