1919 2511
344 141 384 176 226
599 138 828 170 CLAUDII
865 134 1100 167 HENRICI
1139 144 1222 166 VAN
1262 136 1612 170 HERWERDEN

388 219 507 250 Veniam
534 221 603 250 mihi
625 229 715 259 peto,
736 221 801 250 Viri
828 219 1006 251 Clarissimi!
1037 219 1115 255 quod
1135 219 1163 248 in
1187 218 1231 249 his
1249 221 1401 251 tractandis
1421 229 1449 251 et
1474 222 1672 258 exponendis,
1695 231 1782 252 meam
1801 232 1850 253 so-

347 274 407 302 lnm
419 273 579 303 tradiderim
596 274 765 303 sententiam
777 294 785 309 ,
808 281 867 302 non
884 271 1003 301 laudatis
1020 271 1072 300 etsi
1086 287 1096 308 ‚›
1115 279 1146 300 ut
1165 279 1214 308 par
1226 279 1302 307 erat,
1320 274 1462 303 consultis
1477 275 1604 304 virorum
1619 274 1851 305 doctissimorum

349 326 547 362 opinionibus,
591 326 675 363 Quot
698 326 770 354 enim
797 324 889 362 capita
906 345 916 360 ‚
944 331 976 352 ut
1001 324 1098 361 ajunt,
1130 329 1198 359 tot,
1222 324 1272 352 hac
1294 324 1327 352 de
1355 325 1543 362 quaestione,
1565 334 1668 355 sensus
1691 334 1752 355 esse
1778 326 1850 356 vidi.

347 378 433 415 Quos
457 386 521 406 cum
544 378 651 413 optime
671 377 727 413 ipsi
747 375 951 414 cognoscatis,
973 375 1137 412 repetendis
1157 375 1193 404 iis
1215 384 1347 405 nauseam
1366 377 1452 406 vobis
1476 377 1610 413 praebere
1635 377 1717 406 nolui
1728 384 1853 413 ‚uneque

345 430 467 458 citandis
492 437 591 457 eorum
614 428 782 458 nominibus
808 426 977 456 eruditionis
1003 425 1137 455 facillime
1159 428 1363 463 comparandae
1386 428 1499 457 laudern
1522 437 1671 464 quaerere.

384 482 507 510 Carolus
531 479 718 515 scriptionem
749 487 830 507 suam
855 478 891 507 ad
912 476 1079 508 Pontificem
1108 477 1207 514 misit,
1230 479 1280 513 qui
1304 487 1362 507 eam
1388 479 1538 508 confutare
1558 487 1678 510 conatus
1699 486 1754 509 est.
1794 479 1853 509 Uli

345 541 389 562 tra
415 539 549 561 conatum
573 538 642 560 vero
667 530 739 560 nihil
755 530 789 560 ab
816 539 851 558 eo
873 530 1040 566 praestitum
1061 537 1143 565 esse,
1163 531 1211 558 vel
1229 529 1367 558 barbarus
1388 530 1482 566 primo
1504 531 1642 567 adspectu
1661 532 1755 560 videat
1769 531 1810 568 (1
1823 531 1850 567 ).

384 585 443 614 Ain
469 584 581 613 tandem
597 603 608 619 ‚
637 582 743 618 aliquis
760 602 770 617 ,
801 590 869 611 num
901 581 1038 610 Carolum
1067 581 1118 609 hac
1140 581 1340 610 controversia
1367 583 1506 611 movenda
1529 582 1675 612 Ecclesiae
1702 582 1852 620 profuisse

344 647 380 668 an
413 626 681 666 obfuisse‘credas.
722 633 866 669 Equidem
894 633 919 661 si
943 633 1033 661 dicam
1068 632 1147 668 quod
1176 632 1271 661 sentio
1290 653 1300 667 ,
1330 633 1529 668 aequissimam
1555 634 1654 671 judico
1682 633 1851 664 sententiam

343 688 536 723 Selii-&cltlrii‚
567 695 652 722 quam
674 686 798 714 delibare
823 684 934 713 animus
957 689 1000 711 est
1027 683 1111 721 (2).
1153 683 1267 712 Auctor
1290 684 1506 719 proculdubio
1529 685 1732 714 Carolinorum
1758 684 1852 714 libro-

341 750 404 770 rum
430 741 521 768 multo
549 737 672 771 melius,
701 742 728 764 et
754 736 856 764 caussa
884 736 938 763 sua
965 734 1083 772 dignius
1110 742 1168 762 rem
1197 733 1329 770 egisset,
1361 734 1385 762 si
1408 734 1558 771 ingenuam
1585 744 1617 765 ac
1642 735 1762 765 Christo
1789 743 1852 772 gra-

342 792 481 820 tissimam
515 788 657 817 caritatem
683 786 898 821 fraternumque
921 793 1044 814 amorem
1066 785 1153 822 magis
1180 786 1382 822 suspexisset,
1402 795 1435 815 ac
1459 786 1488 815 id
1514 794 1602 816 unum
1629 787 1796 819 metuisset,
1821 792 1855 815 ut

343 843 393 872 illa
415 843 545 871 violaret.
586 839 667 876 Quas
693 837 814 866 virtutes
842 835 1084 873 praeclarissimas
1105 834 1136 863 in
1162 842 1248 872 opere
1271 837 1332 873 ejus
1360 835 1466 865 frustra
1491 845 1610 872 quaeras
1629 855 1639 873 ,
1664 844 1719 868 vaut
1742 836 1853 866 rarissid

341 905 387 924 nte
410 900 486 922 certe
518 889 656 920 invenias.
699 888 865 924 Simplicius
897 896 1015 923 quoque
1038 895 1083 916 res
1105 888 1214 924 agenda
1241 888 1357 924 fuerat,
1389 888 1484 917 missis
1515 889 1670 917 verborum
1700 898 1732 918 ac
1759 888 1854 917 diver·¹

338 954 432 975 sarum
459 941 680 979 explicationum
707 939 976 976 digressionumque
1007 938 1185 976 ambagibus.
1226 940 1372 978 Quantum
1398 939 1471 968 lucis
1502 940 1603 969 melior
1634 946 1661 968 et
1692 939 1854 969 accuratior

339 996 419 1026 Sacri
445 992 565 1024 Codicis
597 991 726 1028 cognitio
752 990 915 1025 attulisset,
944 999 1028 1018 nemo
1055 999 1114 1020 non
1138 990 1288 1027 perspicit.
1328 990 1384 1018 Sed
1410 990 1597 1020 nihilominus
1621 991 1767 1020 maximam
1791 993 1855 1020 lau-

339 1049 403 1076 dem
428 1045 553 1075 Carolus
586 1042 642 1071 sibi
670 1044 782 1078 peperit
810 1041 888 1077 quod
915 1047 1023 1070 tantum
1053 1051 1110 1070 rem
1137 1042 1251 1079 aggredi
1281 1042 1394 1071 fecerit.
1445 1041 1590 1070 Liberiori
1618 1041 1692 1070 enim
1723 1041 1854 1071 veritatis

339 1097 523 1136 inquisitioni
548 1095 622 1125 viam
644 1094 770 1131 aperuit.
812 1093 900 1131 Quod
923 1102 983 1122 non
1002 1093 1146 1122 studuisse
1170 1094 1286 1128 sol-um,
1307 1092 1359 1121 sed
1385 1091 1516 1121 effecisse
1535 1092 1640 1128 etiarn,
1661 1092 1756 1129 magni
1781 1091 1853 1129 quid

338 1158 400 1180 erat
426 1149 456 1178 id
481 1146 632 1183 temporis.
671 1144 813 1174 Eumdem
838 1144 919 1173 hisce
942 1143 1029 1173 factis
1059 1144 1259 1181 imperatorem
1284 1143 1502 1180 conspicimus,
1526 1144 1576 1180 qui
1597 1144 1706 1173 litteras
1730 1152 1854 1173 revoca-¹

337 1210 402 1238 rat,
423 1207 578 1235 earumque
607 1197 735 1227 studium
763 1197 917 1233 excitarat,
940 1197 990 1233 qui
1011 1196 1112 1233 lingua
1135 1195 1287 1225 vernacula
1309 1194 1371 1230 uti,
1397 1194 1427 1224 in
1454 1193 1571 1231 publice
1598 1195 1728 1224 docendo
1756 1195 1852 1232 popul

337 1257 388 1289 lo,
414 1254 552 1289 jusserat.
601 1248 635 1278 In
658 1247 859 1285 oppugnandis
881 1253 1033 1288 autemyac
1062 1247 1245 1277 devincendis
1268 1245 1463 1291 imaginibus,
1493 1247 1557 1284 ejtrs
1584 1246 1784 1277 fortitudinem
1810 1254 1853 1276 at-

336 1314 393 1342 que
411 1301 602 1333 constantiam
632 1301 661 1329 in
690 1300 788 1337 primis
813 1308 875 1328 eam
901 1300 939 1328 ob
964 1306 1094 1329 caussam
1122 1298 1257 1342 miramur
1288 1306 1320 1326 ac
1347 1297 1556 1334 suspiciendam
1583 1298 1714 1326 ducimus
1730 1318 1741 1334 ,
1772 1298 1851 1334 quod

338 1366 370 1385 se
392 1353 527 1385 Pontifici
550 1351 682 1381 Maximo
707 1357 889 1387 opponeret,
910 1350 1167 1386 auctoritatemque
1191 1351 1255 1388 ejus
1278 1349 1403 1378 hominis
1429 1355 1647 1384 contemneret,
1671 1357 1755 1385 quern
1775 1357 1851 1378 sem-¹

336 1416 388 1445 per
417 1404 530 1435 maximi
558 1402 714 1437 habuerat,
736 1403 878 1439 cujusque
901 1403 990 1438 opera
1017 1409 1045 1430 et
1068 1401 1174 1431 auxilio
1197 1408 1233 1430 ne
1254 1407 1315 1429 turn
1339 1399 1454 1436 quidem
1482 1399 1566 1428 facile
1590 1399 1740 1428 caruisset.
1780 1399 1850 1428 Scio

335 1457 470 1494 equidem
484 1476 495 1492 ,
521 1454 603 1483 illum
630 1453 659 1482 in
678 1452 761 1481 libris
782 1452 920 1481 adversus
943 1452 1080 1490 imagines
1108 1451 1258 1481 Pontificis
1278 1459 1433 1488 agnoscere
1458 1450 1679 1487 auctoritatem,
1700 1452 1791 1487 eaque
1818 1458 1850 1480 se

334 1509 456 1537 maxime
480 1507 597 1534 ductum
626 1502 778 1540 profiter33
810 1503 861 1532 sed
885 1503 942 1540 ita,
975 1505 1055 1541 quod
1083 1503 1177 1534 verbis
1203 1501 1363 1532 affirmabat
1387 1502 1576 1538 laudabatque
1593 1522 1604 1538 ‚
1625 1501 1654 1530 id
1680 1509 1778 1531 revera
1800 1509 1852 1531 ne-

332 1561 418 1597 gabat
437 1568 469 1588 ac
494 1556 688 1593 vituperabat.
1617 1553 1622 1557 ·

376 1611 484 1640 Carolo
511 1607 600 1645 igitur
630 1615 746 1642 quoque
771 1613 848 1644 grata
873 1608 994 1637 ecclesia
1022 1609 1150 1645 referat,
1181 1616 1272 1644 quae,
1302 1605 1440 1643 proximis
1466 1609 1539 1642 post*
1560 1612 1622 1632 eum
1648 1603 1848 1640 temporibus,

340 1662 476 1691 adversus
504 1657 733 1694 superstitiosam
761 1657 935 1694 impiamque
967 1659 1002 1688 de
1028 1659 1156 1689 colendis
1181 1657 1354 1694 imaginibus
1378 1657 1538 1685 doctrinam
1556 1673 1567 1690 ‚
1595 1653 1729 1683 nonnulli
1756 1654 1853 1684 erudi.

341 1714 430 1742 tiores
453 1719 487 1739 ac
514 1707 693 1738 liberaliores
722 1707 852 1735 homines
877 1708 993 1737 efficere
1015 1708 1189 1738 studuerint.
1232 1706 1390 1743 Synodus,
1411 1704 1563 1733 Ludovico
1581 1703 1634 1731 Pio
1658 1703 1849 1742 imperatore,

344 1763 477 1794 Lutetiae
505 1758 677 1789 Parisiorum
699 1756 817 1793 habita,
839 1757 868 1786 in
890 1758 1193 1787 Francofurdiensium
1217 1755 1359 1785 sententia
1376 1754 1514 1791 perstitit.
1554 1753 1748 1791 Agebat-dus,
1769 1756 1850 1794 Lug.

343 1812 482 1844 dunensis
508 1810 665 1847 episcopus
681 1829 694 1844 ,
723 1807 829 1836 librum
859 1809 996 1838 adversus
1019 1809 1171 1846 imaginum
1197 1809 1306 1837 cultum
1332 1806 1432 1836 edidit.
1479 1805 1619 1835 Claudius
1635 1812 1729 1835 autern
1751 1807 1850 1838 Turo-

344 1863 443 1895 nensis
472 1859 624 1899 praecipue
651 1857 850 1886 memorandus
875 1865 947 1895 est,
983 1859 1032 1895 qui
1056 1865 1084 1888 et
1116 1860 1225 1889 cultum
1259 1866 1353 1887 earum
1386 1863 1414 1885 et
1445 1855 1582 1893 imagines
1606 1856 1681 1893 ipsas
1709 1858 1850 1895 rejecerit.

347 1916 406 1946 Sed
432 1922 499 1943 mox
531 1910 633 1940 laetior
658 1908 704 1936 his
734 1907 795 1936 dies
823 1909 942 1940 effulsit.
993 1911 1136 1940 Crescens
1160 1909 1307 1940 continuo>
1325 1907 1476 1938 Pontificis
1500 1907 1656 1936 auctoritas
1679 1906 1849 1944 imaginibus

353 1965 487 2006 paulatim
519 1963 645 2000 priscum
673 1959 812 1989 honorem
841 1962 963 1991 reddidit
973 1972 991 2000 ,·
1023 1962 1130 2000 quibus
1159 1970 1226 1991 cum
1250 1961 1348 1998 plures
1373 1967 1390 1987 e
1414 1957 1527 1988 clericis
1542 1977 1554 1995 ,
1581 1963 1641 1987 tum
1665 1958 1795 1987 monachi
1820 1960 1850 1990 in

1792 2019 1850 2048 prt-

383 2098 448 2136 (1)
471 2100 565 2126 Exstat
585 2098 686 2130 egregia
706 2097 747 2122 illa
765 2095 927 2130 disputatio,
946 2103 987 2131 ap.
1007 2076 1091 2124 Mansi
1111 2098 1129 2124 l.
1141 2097 1160 2123 l.
1181 2102 1201 2123 t.
1214 2095 1288 2123 XIII·
1308 2101 1336 2128 P·
1350 2093 1408 2128 486.
1423 2100 1480 2126 sqq.

1917 1649 1919 1688 ἐ

1916 1703 1919 1716 1

1914 1723 1918 1768 l
