1919 2511
312 135 363 174 ἰε
709 136 758 168 Μ.
824 137 853 168 J.
919 126 1383 176 MAcQUELYN

315 230 447 260 vestum
472 215 624 258 ordinem
647 223 749 256 oculis
775 223 857 255 meis
883 222 1046 265 perlustro
1061 246 1070 264 ,
1105 225 1269 265 quantum
1299 222 1394 254 illum
1423 226 1590 255 mutatum
1624 232 1723 256 cerno
1749 221 1792 256 ab

314 283 367 315 illo
382 287 551 325 tempore,
575 290 639 324 quo
651 304 661 322 ,
682 281 824 312 Rectore
838 278 1015 321 Magnifico
1035 277 1311 322 Smallenburgio‚
1335 280 1379 312 V.
1397 281 1432 311 C.
1453 276 1666 312 Medicorum
1685 280 1794 314 ordini

317 337 552 377 adscribebar3¹
578 341 657 380 quot
680 336 780 370 vestri
804 335 915 368 GaetfiS
940 333 1068 367 lumina
1092 333 1138 366 ab·
1161 333 1227 367 hoc
1250 339 1399 379 tempore
1434 334 1601 368 caelitibus
1628 336 1795 379 adscrIpta

315 395 463 428 fuerunt!
496 396 650 435 Quantus
675 393 784 425 luctus
811 401 889 424 cum
914 390 1070 423 omnibus
1089 391 1212 433 Bonis,
1238 402 1315 424 cum
1340 392 1407 424 tota
1425 393 1537 425 Patria
1564 391 1657 424 hisce
1680 391 1796 424 diebus

318 451 475 494 opprimit
505 451 622 482 Patres
639 444 874 496 Academicos!
909 457 986 480 cum
1017 447 1142 490 Vobis,
1174 447 1393 490 Academiae,
1424 448 1530 490 Urbi,
1563 447 1798 491 Reipublicae,

315 511 382 540 toto
403 505 476 539 orbi
502 505 599 539 docto
627 504 805 538 dolendum
829 509 899 545 est,
923 504 1013 547 quod
1036 505 1237 538 Academiae
1258 506 1417 546 Nostrae,
1440 505 1541 538 tantis
1564 509 1583 537 έι
1605 516 1675 539 non
1702 506 1798 549 longo

314 568 464 606 tempore
487 558 638 605 procellis
663 562 829 609 agitatae,
852 560 1025 593 dirissimis
1045 563 1197 605 Borgeri,
1228 562 1440 606 Brugmansii
1463 562 1554 603 mei,
1589 572 1795 607 magnaeque

315 620 387 663 spei
410 619 501 661 Viri,
524 629 591 653 van
614 618 673 651 der
694 620 790 651 Boon
818 617 960 650 Mesohii
981 617 1173 660 funeribus,
1203 623 1280 651 ante
1305 618 1428 661 aliquot
1446 617 1678 652 hebdomadas
1691 619 1797 652 «hisce

314 675 463 709 cladibus
503 679 660 719 quartum
692 672 869 708 accesserit
884 698 894 716 ,
933 673 1237 717 importunissima,
1264 680 1297 707 et
1324 673 1589 718 inopinatissima
1613 675 1660 709 Cl.
1687 677 1799 711 Rem-⁶.

316 732 406 775 peri,
427 732 514 763 Juris
528 731 755 764 Antecessoris
772 730 1007 771 eruditissimi,
1026 731 1061 763 in
1074 731 1174 765 literis
1197 742 1274 765 cum
1290 732 1387 765 laude
1406 733 1544 775 versati,
1560 737 1598 765 ⁴et
1615 733 1651 765 in
1673 734 1799 776 Supre-
1835 747 1839 751 Δ

315 798 372 820 mo
403 788 509 830 Regni
539 788 718 820 Comitiatu
743 787 903 830 legitimae
939 784 1119 820 Libertatis
1150 788 1300 821 Vindicis
1328 789 1504 830 acerrimi,
1535 789 1712 829 magnique
1733 789 1794 819 eui

317 841 454 876 Ordinis
475 842 661 876 ornamenti
686 848 813 885 morte,
836 843 901 887 qua
926 849 1042 877 nostra
1064 844 1246 878 Academia
1268 849 1362 878 tanto
1387 845 1514 884 impetu
1534 851 1698 874 concussa
1724 846 1798 884 est,

316 905 355 932 ut
374 910 444 933 non
463 900 590 943 possim
601 923 610 941 ,
634 899 715 943 quin
739 899 840 940 (cum
856 900 999 934 Graevio
1018 897 1199 931 Francisco
1215 900 1412 931 Burmanno
1423 897 1556 931 fimebri
1569 898 1718 931 oratione
1735 908 1801 941 pa·-

319 959 492 998 rent-ante)
515 956 636 999 magna
661 950 771 997 xioeis’,
795 956 1004 999 laterumque
1023 955 1234 988 contentione
1251 956 1415 987 exlamem
1428 979 1438 996 ,
1484 966 1501 987 »
1531 955 1726 987 concurrite
1741 954 1801 990 Cis

317 1024 335 1046 2>
362 1015 435 1046 ves!
468 1012 676 1044 concurrite!
709 1011 909 1044 Academiae
936 1017 1089 1052 nostrae,
1123 1016 1156 1044 et
1185 1011 1334 1054 Capitolii
1364 1011 1471 1044 nostri
1498 1012 1632 1044 moenia
1662 1020 1801 1044 corrue-

313 1070 336 1101 v»
364 1071 460 1102 runt!
484 1070 598 1100 Tanta
628 1068 717 1100 enim
742 1073 791 1100 est
811 1067 912 1110 hujus
935 1067 1035 1100 cladis
1059 1068 1218 1100 atrocitas
1233 1091 1243 1109 ,
1266 1071 1304 1100 ut
1330 1071 1441 1100 tantae
1458 1067 1591 1111 plagae,
1614 1072 1708 1100 tanto
1726 1067 1803 1103 luc-

319 1137 336 1157 »
365 1125 436 1166 tui,
470 1124 557 1157 ullus
587 1124 683 1171 fletus
715 1124 795 1156 satis
828 1133 901 1156 esse
926 1124 1073 1166 possit!’'
1126 1121 1191 1156 Sed
1225 1121 1396 1166 abstineo,
1428 1133 1535 1167 quum
1562 1123 1630 1157 mei
1654 1134 1725 1157 non
1755 1127 1806 1158 est

319 1182 404 1214 tanti
425 1180 499 1214 Viri
518 1180 682 1213 insulsum
707 1180 944 1223 panegyricum
970 1178 1105 1212 habere.

369 1237 455 1269 Ante
476 1236 598 1284 aliquot
620 1245 727 1268 annos
752 1235 796 1268 ad
807 1235 919 1278 plures
936 1233 1091 1269 abierunt
1112 1236 1306 1271 Venerandi
1322 1236 1390 1269 mei
1413 1238 1652 1280 Praeceptores
1663 1248 1674 1276 3
1698 1243 1806 1269 unum

321 1304 364 1326 ex
390 1292 450 1325 illis
463 1317 472 1334 ,
504 1291 593 1336 quod
615 1291 828 1326 vehementer
848 1290 995 1334 gaudeo,
1028 1293 1262 1333 superstitem,
1285 1292 1397 1332 vegeta
1422 1297 1590 1326 senectute
1617 1292 1807 1333 fruentem,¹

322 1349 424 1392 eaque
448 1337 551 1383 *invita
565 1373 575 1389 ,
599 1347 657 1381 sed
683 1348 751 1391 lege
772 1346 928 1390 jubente,
951 1346 1128 1380 honestam
1153 1356 1174 1378 a
1197 1345 1337 1378 docendi
1359 1354 1499 1378 munere
1527 1345 1718 1388 quiescendi
1745 1358 1806 1380 ve-

322 1406 415 1438 niam
440 1410 600 1446 nactum,
629 1403 844 1437 nihilominus
874 1408 989 1436 tamen
1010 1403 1047 1435 in
1077 1402 1218 1437 docendi
1243 1412 1384 1435 munere
1413 1401 1547 1444 juvenili
1577 1401 1696 1435 ardore
1727 1411 1807 1445 per-⁴

324 1467 455 1505 gentem
481 1461 625 1494 salutare
650 1460 734 1494 mihi
758 1459 915 1503 contingit
929 1457 1190 1492 celeberrimum
1218 1460 1277 1493 Du
1298 1459 1382 1500 Pui,
1406 1467 1507 1502 quem
1530 1455 1610 1490 olim
1635 1460 1805 1501 Praecep-

316 1516 432 1550 'torem
444 1541 453 1558 ,
472 1527 563 1549 nunc
577 1527 654 1550 vero
663 1517 827 1559 Collegam
844 1516 1018 1549 nominare
1029 1540 1039 1558 ,
1053 1526 1121 1549 non
1132 1515 1248 1549 infima
1265 1513 1348 1548 mihi
1361 1514 1463 1559 gloria
1481 1514 1555 1547 erit.
1566 1530 1611 1539 —
1628 1515 1724 1556 Tua,
1744 1514 1807 1547 Vir

325 1573 372 1606 Cl.
397 1573 525 1606 monita
551 1578 584 1605 et
611 1573 745 1605 consilia
767 1571 803 1605 in
826 1582 914 1606 novo
942 1572 1106 1605 curriculo
1125 1572 1322 1615 implorare,
1347 1576 1379 1604 et
1399 1570 1520 1612 officii,
1545 1576 1578 1604 et
1597 1571 1680 1614 grati
1701 1570 1805 1603 animi

325 1630 409 1662 ratio
431 1628 540 1672 jubet,
565 1637 716 1671 quaeque
739 1627 822 1660 mihi
844 1638 963 1671 negare
992 1633 1151 1671 perpetuo
1177 1627 1263 1660 mihi
1288 1631 1474 1660 monstrata
1497 1626 1644 1659 amicitia
1666 1631 1723 1658 tua
1747 1636 1812 1660 ve-·

331 1691 398 1718 tat:
423 1684 512 1728 quod
530 1689 562 1716 et
585 1695 606 1717 a
627 1687 678 1717 Te
701 1685 748 1717 Cl.
773 1684 975 1725 Sandiforte‚
998 1685 1114 1728 Magni
1132 1684 1241 1716 Patris
1265 1683 1359 1727 digne
1382 1683 1521 1723 haeres,
1556 1683 1627 1725 jure
1650 1693 1726 1715 meo
1741 1682 1805 1715 fla—

330 1743 417 1786 gito3
447 1743 518 1774 Vos
543 1741 665 1773 etenim
689 1751 762 1783 me,
787 1740 877 1773 hanc
901 1739 1021 1773 urbem
1046 1739 1304 1784 ingredientem,
1328 1750 1396 1773 non
1419 1745 1457 1772 ut
1477 1738 1650 1772 hominem
1674 1737 1806 1771 aliunde

331 1797 581 1839 advenientem,
603 1808 672 1830 non
697 1802 734 1829 ut
754 1798 988 1841 peregrinum,
1013 1797 1072 1829 sed
1094 1802 1133 1829 ut
1157 1794 1262 1830 civem
1275 1820 1284 1838 ,
1307 1801 1345 1829 ut
1369 1796 1537 1836 amicum,
1561 1799 1580 1826 a
1601 1794 1806 1838 longotem-

330 1863 410 1897 pore
434 1858 572 1894 notum,
596 1859 671 1896 post
693 1854 825 1897 longam
849 1863 982 1886 moram
998 1853 1042 1886 ad
1066 1863 1260 1886 communes
1279 1856 1383 1885 Lares
1406 1852 1599 1886 redeuntem
1617 1875 1626 1892 ,
1650 1851 1733 1883 laete
1747 1859 1806 1882 sa·-

335 1910 478 1950 lutfistis,
511 1909 741 1942 honestissime
766 1911 955 1953 recepistiS,
986 1914 1018 1942 et
1047 1909 1161 1953 quovis
1183 1908 1420 1944 beneficiorum
1448 1918 1566 1952 genere
1591 1905 1808 1947 cumulasti55

331 1965 415 1999 haec
439 1971 549 2000 vestra
576 1965 735 2000 beneficia
762 1967 854 2011 grata
874 1966 1036 2001 memoria
1064 1965 1268 2000 custodiam!
