1919 2511
421 176 665 208 RESPONSIO.
682 185 725 206 AD
753 175 1062 217 QUAESTIONEM
1092 178 1307 212 MEDICAM.
1587 197 1628 226 59

105 261 180 299 elpis
202 267 289 298 caput
311 259 387 289 ossis
413 259 524 290 humeri
546 260 638 291 luxati
662 259 769 289 mobile
800 267 884 296 esse,
913 266 974 289 tum
999 262 1114 298 quidem
1149 263 1346 293 extensionem
1379 267 1476 303 augeri
1501 268 1616 300 debere.

104 321 136 343 2.
162 318 251 348 caput
276 311 351 341 ossis
377 311 510 348 humeri,
540 312 566 341 si
590 318 753 341 antrorsum
777 311 906 340 luxatum
937 312 992 340 sub
1023 322 1064 343 m.
1085 315 1225 350 pectorali
1247 316 1365 353 jaceat,
1393 319 1440 346 vel
1461 324 1617 350 retrorsum

103 362 178 393 infra
199 363 310 399 spinam
332 362 485 398 scapulae,
505 370 565 391 non
589 370 604 390 e
626 362 736 391 directo
762 361 798 390 ad
821 361 991 399 cavitatem,
1020 365 1072 394 sed
1093 365 1217 402 primum
1244 367 1279 396 ad
1315 367 1426 396 axillam
1453 369 1614 400 ducendum

104 421 149 444 est
178 416 296 450 (170).
343 413 426 451 Quae
453 419 548 442 autem
573 413 713 449 proponit
737 412 772 440 de
800 412 961 443 encheiresi
990 416 1023 444 ad
1052 417 1201 446 humerum
1236 419 1363 447 luxatum
1393 421 1613 458 reponendum,

100 466 175 497 nihil
193 467 264 496 novi
289 466 438 495 continere
454 465 591 495 videntur
612 465 740 503 (171),
761 465 840 494 nulla
859 465 894 493 de
915 465 1114 496 instrumentis
1133 468 1278 498 mentione
1298 469 1386 499 facta.

135 517 313 555 Methodus,
336 525 420 553 quam
444 517 583 554 proponit
602 516 724 552 Flajam·
744 516 869 554 (172),
891 526 951 547 nou
976 520 1111 549 consistit
1129 521 1158 550 in
1183 530 1239 552 usu
1258 522 1402 552 violentae
1420 524 1610 555 machinarum

95 569 293 604 extensionis,
322 568 393 604 sed,
414 576 479 596 cum
508 567 648 604 imprimis
678 568 714 596 ad
736 569 934 598 musculorum
960 572 1163 602 relaxationem
1189 574 1218 603 in
1248 575 1444 612 repositione,
1471 576 1554 605 etiam
1577 585 1612 605 ex

94 620 174 650 illius
194 620 357 655 sententia,
378 620 522 649 attendere
545 619 718 654 debeamus,
742 619 772 648 id
800 620 977 656 operandum
1003 630 1065 650 esse
1083 629 1166 659 putat
1189 633 1241 661 per
1256 625 1403 662 sanguinis
1424 627 1609 664 missionem,

93 672 151 707 qua
174 670 287 699 facilius
307 670 389 699 fieret
406 670 559 707 repositio.
598 670 745 699 Praeterea
770 668 801 700 in
818 670 971 701 difficiliori
991 681 1059 702 casu
1080 675 1252 711 epithemata
1275 679 1450 709 emollientia
1473 680 1610 710 adminis-

92 722 191 752 tranda
211 729 291 750 curat
312 722 390 759 (173
402 723 433 759 >-

129 774 378 808 Instrumentum‚
401 773 479 808 quod
505 773 644 810 proponit
663 774 782 803 Mennel
800 774 903 812 (174)
925 781 970 804 est
989 777 1167 807 emendatum
1195 787 1324 817 organon
1343 782 1530 818 tractorium,
1551 791 1607 819 eo,

90 823 168 853 sicut
189 823 227 852 ait
248 823 382 859 Auctor,
401 823 620 860 praeferendum
640 825 702 854 aliis
715 846 725 862 ,
749 827 827 862 quod
870 827 913 858 10.
935 829 1122 859 sufficientem
1147 832 1343 862 extensionem
1372 835 1559 870 aequabiliter
1579 843 1607 864 et

89 874 226 911 gradatim
252 873 378 909 efficiat;
421 873 468 903 20.
488 875 566 910 quod
585 883 642 904 uno
663 876 795 906 ministro
819 883 930 908 tantum
951 880 986 909 ad
1005 882 1181 917 operandum
1207 883 1354 920 indigeat;
1398 884 1443 921 3⁰.
1465 887 1543 922 quod
1562 887 1605 916 fa-

86 924 192 954 cillime
213 924 308 962 possit
336 924 416 962 affigi
437 926 538 962 januae
568 928 614 955 vel
641 926 759 963 arbori,
788 928 829 957 ita
856 936 889 958 ut
914 940 948 959 eo
973 931 1082 968 ubique
1112 934 1261 970 aptissime
1289 936 1388 971 possis
1415 937 1470 966 uti.
1509 939 1605 967 Primo

86 977 200 1006 Auctor
218 985 288 1013 usus
310 983 354 1005 est
376 977 412 1005 ad
435 978 765 1016 „contrafextensionem
798 980 980 1010 efficiendam
999 985 1111 1019 *annulo
1140 985 1278 1014 brachiali
1299 986 1454 1016 Pitschelsi
1474 989 1578 1026 (¹75)
1591 1011 1603 1026 ,

84 1037 100 1057 e
124 1028 205 1057 corio
231 1034 351 1065 parato,
372 1027 438 1057 dein
460 1036 531 1058 vero
558 1029 595 1057 ob
625 1030 713 1059 multa
731 1031 798 1068 ejus
821 1031 1003 1064 incommoda
1023 1035 1116 1072 loris,
1140 1044 1210 1072 quae
1235 1036 1383 1067 Eckholdt
1405 1038 1435 1068 in
1461 1040 1510 1069 tali
1535 1050 1603 1071 casu

85 1080 229 1117 proponit
249 1080 371 1117 (176).

119 1131 237 1167 Multa,
259 1139 332 1167 quae
356 1130 414 1168 legi
435 1138 597 1168 merentur,
619 1132 795 1170 conscripsit
819 1133 907 1163 Mave
926 1134 1032 1174 (177)
1052 1136 1087 1166 de
1108 1136 1266 1168 inveterata
1290 1139 1366 1168 ossis
1391 1140 1502 1170 humeri
1526 1144 1605 1173 luxa-

83 1181 184 1219 tione‚
212 1191 368 1219 casumque
391 1190 529 1213 memorat
546 1204 556 1220 ,
586 1192 670 1220 quem
698 1184 846 1221 feliciter,
874 1186 942 1215 licet
974 1195 1027 1223 per
1051 1188 1184 1217 undecim
1210 1189 1399 1220 hebdomadas
1420 1193 1603 1232 duravisset,

87 1233 221 1269 sequenti
245 1234 331 1263 modo
360 1234 472 1263 curavit
492 1235 622 1271 (178)=
650 1236 763 1264 humeri
792 1243 879 1273 caput
905 1245 1069 1268 antrorsum
1096 1240 1151 1269 sub
1179 1249 1220 1273 m.
1250 1245 1389 1278 pectorali
1411 1247 1538 1276 luxatum
1557 1249 1604 1278 in-

83 1283 215 1322 veniebat
238 1290 265 1313 et
296 1294 349 1322 per
373 1285 486 1323 aliquot
515 1287 575 1316 dies
599 1295 749 1325 unquento
781 1289 946 1319 emolliente
972 1289 1129 1333 inungebat
1157 1292 1270 1322 humeri
1296 1294 1448 1325 articulum
1468 1318 1478 1334 ,
1508 1298 1603 1330 balnei

1555 1360 1606 1381 va-

115 1415 215 1452 (170)
245 1416 307 1444 Inde
334 1418 463 1446 elucescit
484 1419 609 1445 Auctoris
639 1421 761 1447 sententia
789 1420 822 1447 de
849 1424 991 1450 luxationis
1017 1425 1118 1452 humeri
1146 1426 1342 1460 mechanismo,
1367 1435 1392 1455 et
1420 1437 1520 1457 consmt
1541 1440 1599 1460 eum

82 1468 196 1489 statuere
218 1465 376 1490 luxationem
400 1467 464 1490 intra
491 1466 593 1492 axillam
618 1468 782 1494 solummodo
810 1470 978 1502 primariam,
1004 1471 1036 1498 de
1063 1474 1115 1506 qua
1144 1480 1171 1499 re
1196 1475 1302 1501 minime
1327 1483 1417 1502 omnes
1443 1480 1602 1507 conveniunt

82 1509 227 1536 Auctores.
632 1511 732 1547 (171)
761 1516 779 1543 l.
798 1509 837 1542 c.v
852 1516 877 1550 §·.
898 1522 1089 1552 {414—1417.

117 1554 212 1590 (172)
239 1556 361 1583 Medizin
374 1558 510 1590 -chlrnrg.
548 1559 693 1586 Beobacht.
717 1561 766 1586 Bd.
787 1568 811 1588 1.
837 1570 864 1594 p.
881 1570 925 1595 24.
951 1571 974 1589 a.
991 1563 1017 1590 d.
1042 1563 1099 1591 Ital.
1117 1571 1145 1592 v,
1164 1565 1252 1594 Kiihn.
1269 1567 1415 1600 Nfirnberg.
1435 1576 1507 1603 ¹799·
1525 1573 1598 1599 conf.

82 1603 222 1635 Augustin.
239 1603 283 1629 die
301 1610 403 1631 neuest.
427 1604 557 1631 Entdeck.
575 1606 627 1631 und
646 1606 835 1641 Erliiuterung.
853 1616 876 1636 a.
893 1609 920 1636 d.
938 1609 1064 1638 Arzneik.
1088 1617 1151 1639 ater.
1168 1612 1256 1646 Jahrg.
1274 1613 1318 1639 das
1338 1614 1411 1649 Jahr.
1432 1622 1507 1649 1799.
1525 1618 1599 1647 Berl.

82 1649 157 1677 1800.
980 1684 983 1690 ,

107 1694 219 1732 (¹73)
247 1697 321 1723 Hanc
342 1697 519 1722 musculorum
543 1698 723 1725 relaxationem
744 1701 787 1726 alii
812 1709 859 1734 per
879 1695 979 1735 magnas
999 1704 1079 1730 tartari
1099 1705 1207 1731 emetici
1229 1704 1322 1736 doses,
1347 1706 1388 1732 alii
1417 1715 1467 1740 per
1487 1709 1601 1737 inebria-

86 1743 184 1769 tionem
207 1743 355 1777 producere
376 1741 553 1770 tentaxieruut.
580 1743 632 1771 xiid.
650 1747 786 1773 Auserles.
804 1747 933 1777 Abhandl.
952 1748 974 1776 f.
991 1751 1076 1783 prakt.
1095 1746 1205 1779 Aerzte.'
1224 1751 1274 1779 Bd.
1295 1759 1337 1780 12.
1356 1761 1382 1786 p.
1392 1755 1452 1785 561.
1488 1757 1598 1789 Boyer's

87 1788 248 1822 Vorlesung.
274 1790 319 1816 ἰὼ.
337 1790 378 1815 die
397 1790 508 1817 Krankh.
526 1790 551 1816 d.
571 1791 675 1818 Knoch.
692 1792 840 1827 herausgeg.
862 1803 888 1823 v.
909 1796 1060 1823 Richerand
1080 1797 1170 1825 iibers.
1187 1805 1214 1826 v.
1238 1799 1428 1833 spangenberg.
1454 1801 1504 1828 Bd.
1522 1811 1548 1830 Ξ.
1573 1812 1600 1837 p-

84 1841 131 1868 105
150 1843 207 1869 seq.
233 1836 331 1868 Leipz.
352 1837 429 1868 1804.
449 1838 510 1862 8vo.
1084 1858 1088 1860 -

118 1879 219 1916 (¹74)
244 1882 398 1908 Beschreib.
422 1883 473 1909 ein.
499 1889 580 1908 neuen
605 1883 732 1909 Machinev
750 1891 803 1912 cet.
828 1887 853 1912 in
875 1886 987 1915 Loder's
1003 1889 1124 1927 Journal.
1142 1889 1163 1918 f.
1181 1890 1298 1927 d.VChir.
1318 1897 1372 1919 cet.
1398 1899 1424 1925 3.
1442 1892 1492 1922 Bd.
1517 1902 1542 1922 α.
1560 1903 1592 1923 st.

83 1935 110 1954 n.
126 1928 153 1954 6.
179 1935 206 1960 p.
224 1935 272 1959 299
289 1935 343 1960 seq.

118 1972 213 2006 (175)
239 1974 353 2000 Pitschel
373 1973 449 2000 Anat.
466 1973 518 2000 und
537 1974 645 2002 Chirur.
663 1976 790 2004 Anmerk.
814 1986 842 2011 p.
852 1979 897 2005 66.
921 1980 1016 2009 Dresd.
1028 1982 1103 2015 1784.
1128 1983 1204 2010 conf.
1223 1983 1371 2011 Bernstein.
1394 1992 1475 2018 praet.
1495 1987 1599 2015 Handb.

85 2018 105 2045 f.
122 2019 274 2045 Wund'a'rzt.
301 2027 326 2051 5.
346 2020 393 2047 Bd.
422 2029 450 2053 p.
468 2028 511 2053 51.
538 2021 694 2050 Frankenth.
716 2024 791 2057 1786.
821 2016 825 2017 ⁷

117 2063 217 2097 (176)
244 2066 354 2092 Kohler.
373 2066 469 2092 Anleit.
488 2074 511 2093 z.
530 2067 663 2095 Vei-band.
687 2077 715 2102 p.
733 2077 792 2102 299.
816 2077 850 2097 etv
872 2071 924 2099 tab.
942 2073 966 2099 8.
994 2073 1087 2106 Leipz.
1106 2073 1181 2107 1796.
1202 2074 1213 2109 J!
1343 2109 1346 2113 ³

120 2109 222 2143 (i177)
251 2112 309 2138 Ein.
329 2112 406 2139 klein.
426 2113 544 2145 Beytrag.
563 2121 588 2142 z.
607 2114 668 2142 hell.
685 2117 775 2144 veralt.
796 2117 925 2145 Verrenk.
944 2119 971 2144 in
990 2119 1145 2146 Mursinna·s
1163 2120 1256 2157 Journ.
1274 2121 1295 2149 f.
1313 2121 1340 2150 d.
1359 2121 1435 2150 Chir.
1453 2129 1506 2152 cet.
1527 2125 1598 2154 th.

89 2161 100 2182 ι
120 2162 151 2183 st.
178 2163 204 2189 p.
218 2157 252 2190 67
270 2164 328 2190 seq.
662 2159 678 2195 <
693 2161 764 2195 178)
792 2164 811 2190 l.
829 2171 853 2191 c.
880 2168 908 2192 Ρ.
924 2171 958 2197 74
975 2172 1031 2198 seq.

869 2209 900 2239 H
920 2217 937 2238 2
