1919 2511
392 156 622 189 RESPONSIO
643 163 684 185 in
705 153 1017 198 QUAESTIONEM
1038 155 1261 199 PHYsicAivi.
1324 133 1331 143 ’
1554 168 1589 193 37

95 243 174 273 <Sed
197 240 473 278 animadvertendum
495 246 562 276 est,
592 239 646 269 atri
672 237 813 276 coloris,
837 246 921 273 quern
947 237 1093 266 observari
1116 238 1239 273 diximus
1255 256 1266 273 ‚
1299 237 1323 278 si
1352 244 1425 266 terra
1451 240 1587 275 quaedam

77 293 144 330 igne
165 299 312 327 tentatur,
342 299 426 327 quem
452 290 533 319 etiam
565 290 721 320 Einhofius
744 288 880 317 indicium
903 279 1244 329 hu'mircontentaewesse
1270 287 1372 316 scribit
1389 309 1399 324 ‚
1430 290 1482 318 atri
1508 293 1586 319 colo-

74 344 135 380 ris,
163 344 300 379 inquam,
329 350 456 371 caussam
481 341 564 370 etiam
589 349 677 378 posse
704 339 825 368 existere
844 338 874 368 in
896 338 1057 381 combustis
1082 339 1213 381 partibus
1248 338 1309 368 sive
1333 331 1503 368 animalibus
1527 341 1587 369 sive

73 396 255 430 plantarum,
278 401 351 429 quae
370 400 464 423 tamen
479 401 540 423 non
562 392 642 422 humi
664 386 763 421 sunt(
785 389 878 426 Igitur
899 390 954 419 alia
973 380 1243 432 rationenutendum
1265 379 1328 426 est,
1352 398 1407 426 qua
1426 391 1528 419 humus
1550 392 1586 419 ita

74 446 240 480 obtinetur,
266 450 299 473 ut
320 452 380 473 non
399 445 494 473 solum
519 452 580 474 non
606 444 736 473 destruta
756 440 794 470 sit
817 444 865 471 vel·
886 442 952 479 igne
975 449 1083 471 mutata
1100 462 1116 478 ‚‚
1137 443 1189 471 sed
1206 442 1295 471 ‚etiam
1319 432 1363 471 in'
1377 443 1439 478 ejus
1459 449 1585 470 naturam

70 495 178 532 inquiri
200 495 306 532 possit.
345 494 490 523 Nimirum
522 494 547 523 si
578 501 795 530 tei-rae,<quae
821 499 917 533 utrum
949 482 1314 526 humum-contineatnec
1340 486 1475 522 nescire
1504 495 1604 522 volu-⁷

71 555 157 582 mus,
195 546 246 575 uni
268 546 389 583 ponderi
413 546 471 574 duo
501 546 626 582 pondera
656 554 748 581 aquae
774 545 900 574 fervidae
925 545 1105 585 affundantur
1136 552 1163 573 et
1184 535 1475 580 benemisceantur,
1505 545 1585 572 brevi

65 606 138 637 post
161 598 253 631 exiis
274 605 493 633 terraejarena,
525 597 645 634 argilla,
674 603 702 626 et
726 597 779 626 alia
800 597 929 634 cadunt;
962 596 1067 633 quodsi
1085 603 1160 625 terra
1184 585 1303 624 humum
1325 596 1471 625 contineat
1496 604 1584 631 aquae

68 650 240 687 nigrescunt
257 655 285 677 et
301 655 369 678 sunt
386 649 588 684 turbulentae,
613 647 718 684 quibus
740 649 850 678 defusis
871 655 900 678 et
923 649 1050 678 decoctis
1063 669 1074 684 ,
1099 649 1204 677 humus
1226 647 1286 676 fere
1304 656 1375 684 pura
1392 654 1583 683 comparatur.

63 702 71 729 ,’
107 699 156 729 Sic
170 699 269 736 ‘igitur
288 706 411 735 corpora
435 708 450 727 e
474 699 602 736 quibus,
624 706 652 728 et
671 699 874 735 conditiones,
905 700 1011 736 quibus
1033 700 1143 729 humus.
1165 698 1322 729 formetur.
1345 698 1531 732 indicavimus
1556 706 1583 726 et

67 750 204 780 enarratis
227 750 305 779 illius
324 748 482 785 ⁴principiis
511 758 576 778 cum
606 750 778 786 compositis
804 757 865 779 tum
898 749 1080 787 simplicibus
1098 769 1109 784 ‚
1138 754 1297 784 eorumque
1327 746 1581 784 proprietatibus,

64 801 189 831 diximus
216 802 252 830 de
275 801 366 838 ipsius
390 800 470 831 humi
492 801 581 839 notis.
629 802 735 830 Verum
763 811 852 838 quum
878 810 989 838 semper
1013 800 1174 829 addidimus
1200 808 1295 829 rerum
1322 805 1350 828 et
1372 799 1582 835 experimento-

66 861 127 881 rum
156 853 300 888 radones,
321 861 398 881 nunc
423 852 600 881 brevissimis
623 852 719 881 verbis
739 862 774 882 ex
797 854 854 890 iis,
877 861 949 890 quae
966 851 1172 887 probavimus,
1196 852 1331 887 quaedam
1354 851 1502 880 corollaria
1527 852 1577 879 du-

63 913 184 943 cemus,
216 912 248 934 ut
273 906 320 934 vel
344 904 385 934 sic
413 903 493 933 humi
514 909 543 932 et
568 910 690 940 natura,
720 910 749 933 et
769 911 876 941 notae,
904 903 1019 933 facilius
1046 909 1074 932 et
1101 911 1159 932 uno
1191 902 1273 938 quasi
1299 903 1449 931 oculorum
1474 902 1579 931 obtutu

62 955 284 992 perspicIantur.
706 993 708 995 Ι

103 1007 219 1036 Humus
243 1015 311 1043 ergo
337 1012 450 1035 constat
475 1006 612 1035 carbonio
627 1026 638 1042 ,
667 1006 846 1042 hydrogenio
861 1026 872 1042 ‚
901 1006 1063 1043 oxygenio‚
1091 1012 1178 1034 azoto
1201 1011 1229 1033 et
1253 1004 1360 1033 salibus
1385 1005 1552 1040 quibusdam
1568 1027 1577 1040 Ἰ

63 1057 166 1093 terris,
189 1063 217 1086 et
239 1057 343 1094 oxydis
367 1056 536 1091 metallicis,
557 1057 695 1093 peculiari
718 1056 828 1085 ratione
854 1056 911 1085 sibi
933 1056 1066 1094 junctisg.
1095 1045 1165 1084 adeo
1192 1063 1223 1084 ut
1249 1062 1406 1084 extractum
1433 1058 1577 1085 contineat

61 1109 143 1145 :aqua
171 1108 321 1144 solubile,
339 1114 495 1137 extractum
519 1106 554 1143 ab
581 1106 717 1136 alcalibus
746 1107 980 1144 suscipiendum,
1002 1114 1096 1144 partes
1121 1107 1242 1136 maxime
1259 1107 1381 1135 carbone
1402 1108 1577 1136 abundante»,

63 1166 92 1188 et
115 1159 201 1188 fibras
235 1168 294 1189 non
319 1159 387 1188 satis
410 1158 502 1187 adhuc
532 1156 685 1193 putredine
709 1165 874 1195 corruptas.
921 1157 993 1187 Non
1015 1165 1108 1187 tamen
1139 1159 1241 1187 horum
1266 1151 1450 1194 'singulorum
1482 1159 1575 1187 eadem

62 1209 205 1248 quantitas
230 1210 260 1239 in
285 1210 364 1240 omni
389 1211 476 1238 humo
499 1207 667 1244 invenitur,
688 1214 717 1237 et
734 1209 769 1237 ab
794 1217 892 1237 eorum
917 1208 1029 1238 diversa
1046 1208 1204 1244 quantitate
1221 1208 1370 1238 diversitas
1393 1209 1472 1238 humi
1492 1218 1575 1246 repe-

61 1262 145 1290 tenda
165 1268 220 1291 est.
261 1261 376 1290 Humus
399 1267 515 1294 autem,
542 1268 615 1295 quae
639 1261 707 1296 plus
735 1259 853 1289 extracti
873 1259 947 1296 aqua
973 1250 1108 1288 solubilis
1138 1259 1242 1295 habet,
1270 1260 1370 1288 humus
1391 1260 1506 1298 pinguis
1532 1262 1576 1287 diq

60 1311 136 1342 citur
151 1319 179 1341 et
195 1312 370 1345 fertilissima
391 1317 446 1344 est.
487 1310 531 1339 Ea
554 1319 645 1346 vero,
662 1319 734 1347 quae
762 1303 903 1340 monstrat
929 1311 1122 1348 proprietates
1150 1317 1177 1339 et
1203 1317 1331 1339 extracto
1357 1311 1493 1339 alcalibus
1516 1313 1574 1339 sol-

59 1363 153 1393 vendo
178 1362 322 1398 abundat,
350 1362 452 1391 humus
469 1360 554 1390 acida
582 1368 722 1397 vocatur,
750 1361 845 1390 minus
867 1361 970 1390 fertilis
995 1368 1039 1390 est
1063 1368 1091 1390 et
1118 1361 1146 1390 in
1177 1361 1299 1390 humidis
1326 1361 1399 1389 locis
1425 1361 1569 1396 nascitur3

58 1415 93 1443 ad
110 1423 193 1450 quam
210 1414 334 1451 speciem
354 1413 436 1442 etiam
457 1413 582 1449 pertinet
599 1413 724 1448 humus,
747 1421 830 1448 quam
849 1412 934 1441 Erica
950 1412 1078 1449 vulgaris
1100 1411 1223 1448 format,
1247 1420 1375 1448 quaeque
1398 1412 1478 1440 etiam
1502 1420 1571 1440 con-

58 1465 131 1493 tinet
155 1464 330 1500 principium
347 1463 515 1499 coriarium.
556 1463 691 1499 Denique
714 1471 765 1498 ea,
788 1471 859 1498 quae
882 1463 1019 1493 carbonio
1043 1462 1186 1499 abundat,
1207 1463 1306 1491 humus
1327 1469 1396 1491 atra
1418 1462 1521 1501 dicitur
1542 1472 1568 1492 et

58 1516 145 1551 longe
165 1515 259 1544 minus
281 1515 385 1544 fertilis
406 1505 450 1543 est
479 1523 562 1550 quam
585 1514 690 1543 humus
710 1514 838 1550 pinguis.

62 1588 66 1590 .
96 1566 172 1595 Cum
196 1566 295 1595 humus
314 1567 431 1604 pinguis
453 1574 527 1602 aqua
548 1571 747 1602 excoquatur,
776 1566 844 1595 haec
861 1565 984 1602 suscipit
1006 1572 1184 1601 extractum,
1208 1566 1286 1602 quod
1303 1572 1458 1602 sequentes
1486 1574 1565 1594 mon-

56 1623 126 1645 strat
147 1617 353 1653 proprietates:

58 1675 87 1696 ι.
114 1667 202 1703 Aqua
216 1673 312 1700 „totum
333 1668 478 1704 solvitur,
498 1670 581 1707 cujus
600 1669 702 1698 fuscus
723 1669 755 1698 fit
780 1670 862 1698 color
887 1675 915 1698 et
935 1678 1045 1699 amarus
1069 1677 1177 1705 sapor,
1199 1677 1329 1705 quaeque
1354 1669 1477 1697 chartam
1501 1677 1563 1696 cae-

57 1743 64 1746 .
112 1720 218 1747 ruleam
245 1728 304 1748 non
329 1726 432 1749 mutat.
1058 1755 1059 1758 Ἰ

57 1778 88 1798 2.
112 1769 221 1805 Neque
249 1770 337 1799 acidis
362 1778 458 1807 neque
479 1770 616 1801 alcalibus
641 1771 691 1801 illa
718 1771 826 1801 solutio
857 1773 1011 1808 turbatur,
1047 1771 1092 1800 his
1125 1778 1218 1800 tamen
1251 1772 1312 1808 ejus
1335 1772 1416 1800 color
1440 1770 1561 1807 profun-

113 1821 177 1850 dior
197 1821 240 1851 fit.
276 1826 280 1831 “
1086 1855 1087 1860 ,

51 1882 85 1908 3.
115 1872 230 1901 Salibus
254 1873 404 1903 metallicis
429 1880 458 1903 et
480 1875 660 1913 hydrogenio
685 1875 828 1905 sulfurato
851 1876 905 1905 sub
932 1876 1024 1904 forma
1039 1864 1197 1904 floccorum
1215 1873 1364 1903 fuscorum
1390 1882 1424 1902 ex
1443 1874 1561 1901 humore

110 1924 264 1960 deponitur
289 1932 473 1957 exstractum.

54 1983 86 2010 4.
114 1974 228 2004 Solutio
255 1976 280 2004 si
301 1977 330 2006 in
354 1977 416 2005 a'e're
441 1984 585 2014 ponatur,
607 1979 761 2016 turbatur,
780 1978 882 2016 arripit
900 1977 1093 2015 oxygenium,
1115 1984 1144 2006 et
1166 1983 1322 2006 extractum
1347 1985 1484 2014 praeceps
1510 1976 1558 2004 da-

111 2031 178 2061 tur,
201 2028 280 2062 quod
305 2027 438 2064 deinceps
457 2030 492 2058 ab
511 2030 586 2065 aqua
609 2039 676 2059 non*
699 2039 798 2060 rursus
825 2029 936 2066 suscipi
955 2035 1067 2072 potest.

52 2084 84 2112 5.
114 2076 184 2105 Post
208 2077 406 2108 decoctionem
433 2079 591 2115 acquiritur
615 2081 765 2119 materies,
790 2081 876 2110 amari
894 2080 1025 2122 saporis,
1046 2079 1128 2116 fusci«¹
1145 2079 1276 2117 coloris,
1300 2088 1370 2116 quae
1393 2088 1447 2116 pro
1477 2085 1555 2114 parte

844 2131 869 2160 E
891 2139 906 2168 3
1504 2134 1563 2160 tan-
