1919 2511
274 172 312 200 52
552 151 757 185 CLAUDII
798 147 1013 179 IIENRICI
1053 154 1133 176 VAN
1175 144 1505 178 HERWERDEN

276 251 344 277 tur,
366 241 414 278 qui
443 248 528 277 quum
554 237 732 276 poenitentia
757 243 856 265 eorum
882 232 991 262 animos
1017 230 1200 259 vehementer
1226 237 1387 260 commotos
1414 240 1445 260 ac
1469 232 1581 261 sincere
1601 232 1708 268 pieque
1728 239 1789 260 tae·

278 302 324 323 tos
343 293 459 329 videat,
482 293 670 326 misereatur,
699 290 828 324 malaque
856 282 1030 314 imminentia
1052 283 1190 318 repellat,
1220 281 1295 311 bona
1321 291 1357 311 ne
1382 289 1493 319 sperata
1522 283 1634 319 quidem
1663 285 1787 312 clemen-

278 344 388 374 tissime
417 351 444 373 et
477 340 743 372 munificentissime
782 335 945 375 largiatur!
986 335 1030 363 De
1056 332 1220 362 firmissimo
1247 334 1361 370 quidem
1393 341 1420 363 et
1451 335 1538 364 unico
1572 335 1755 364 fundamento
1773 355 1785 369 ,

280 397 391 426 Christi
420 396 557 432 sanguine
584 401 612 423 et
639 392 767 428 meritis,
796 391 843 420 cui
867 390 960 418 solum
995 385 1082 415 innisi
1113 384 1293 420 Christiani,
1323 392 1351 414 et
1379 391 1563 421 peccatorum
1596 386 1741 422 veniam,v
1759 391 1788 413 et

280 456 480 486 quamcunque
503 446 667 475 felicitatem
694 450 722 472 et
744 440 947 470 beatitudinem
961 457 972 474 ,
1003 446 1020 466 a
1042 437 1106 466 Deo
1128 444 1208 464 orare
1231 443 1259 464 et
1282 445 1396 473 sperare
1421 436 1559 472 audeant,
1588 445 1624 465 ne
1648 436 1788 465 Carolum

280 500 362 528 etiam
385 499 473 528 verbo
499 497 671 526 mentionem
696 494 810 528 facere,
842 491 949 527 optime
977 489 1091 525 quidem
1116 486 1238 516 adverti.
1279 487 1337 516 Sed
1361 495 1544 524 permagnum
1572 487 1725 517 discrimen
1747 496 1791 516 ta·

279 560 343 580 men
368 550 441 579 inter
464 548 608 585 duplicem
626 545 725 575 veniae
747 544 883 581 petendae
907 540 1044 570 rationem
1070 545 1180 568 exstare
1196 538 1335 574 arbitror,
1356 547 1371 567 a
1392 538 1500 568 Cat-olo
1518 546 1546 567 et
1563 539 1689 569 Ale-uino
1711 547 1791 568 com-

278 603 455 637 mendatam,
476 609 509 629 ac
538 600 635 629 nullus
660 597 780 630 dubito,
801 594 872 632 quin
898 593 1054 626 affirmem,
1077 590 1156 618 illum
1184 589 1315 618 homines
1341 592 1463 626 propius
1488 590 1523 618 ad
1548 599 1642 619 veram
1672 597 1791 619 rectam-

280 662 335 689 que
363 653 436 682 viam
462 652 613 681 adducere.
655 649 730 678 Cum
755 655 824 677 vero
848 655 907 675 non
935 646 1016 674 valde
1042 644 1137 673 mirari
1160 653 1217 673 non
1243 653 1381 681 possum,
1410 645 1547 674 Carolum
1573 645 1602 674 in
1624 645 1791 682 gravissima

279 706 447 740 quaestione
471 713 486 733 a
508 709 694 740 praeceptore
719 707 774 729 tam
799 701 885 735 longe
915 698 1109 730 dissensisse,
1139 702 1199 724 tum
1228 696 1478 724 vehementissime
1504 697 1595 725 taedet
1625 696 1762 733 pigetque
1778 716 1789 732 ,

281 766 342 784 eum
373 756 436 784 aliis
461 746 684 789 occasionibus,
705 751 834 787 inptimis
862 749 941 785 quod
961 748 996 776 ad
1023 746 1193 776 monasteria
1211 746 1312 776 attinet
1338 747 1494 783 meritaque
1519 756 1590 783 quae
1614 747 1648 775 iis
1665 747 1793 776 conden-

278 808 321 836 dis
350 813 572 843 comparentur,
594 813 650 835 tam
675 812 767 842 prope
787 804 822 832 ad
845 801 1001 831 Alcuinum
1024 799 1181 834 accedere,
1203 803 1236 827 ut
1263 797 1396 835 exiguum
1419 797 1494 827 inter
1517 804 1673 835 utrumque
1693 798 1792 827 disc-ri·

279 869 344 889 men
368 859 467 887 adesse
491 858 633 887 videatur.
889 882 892 890 ,

317 911 476 946 Imperator
497 918 562 937 cum
588 910 685 944 leges,
709 906 816 943 quibus
841 904 1010 942 praecipuas
1028 903 1150 932 virtutes
1173 903 1309 932 colendas
1336 901 1523 940 injungebat,
1546 901 1663 938 saepius
1684 907 1794 938 repete·

279 969 342 997 ret,
366 962 432 991 hinc
462 961 565 989 merito
589 959 746 993 efficimus,
769 966 813 985 eas
834 959 899 992 plus
918 957 1005 984 semel
1024 955 1079 983 vim
1097 963 1176 982 suam
1200 954 1341 983 amisisse.
1382 953 1452 982 Non
1473 953 1575 981 mirum
1598 952 1700 989 igitur,
1724 960 1793 987 eas,

279 1022 395 1043 auctore
423 1013 585 1047 exstincto,
616 1021 682 1040 mox
705 1011 784 1048 prius
811 1010 953 1039 interiisse
978 1017 1061 1044 quam
1081 1006 1231 1036 utilitatem
1258 1006 1381 1041 aliquam
1406 1004 1626 1041 praebuissent,
1648 1003 1796 1032 reducem-

280 1076 357 1102 que,
387 1075 418 1094 ac
444 1065 528 1094 latius
547 1064 629 1092 etiam
655 1071 738 1098 quam
760 1069 841 1090 antea
871 1060 1084 1094 dominantem,
1110 1057 1320 1094 ignorantiam,
1336 1056 1417 1085 vitia
1439 1064 1536 1085 secum
1561 1055 1662 1084 tulisse
1687 1053 1796 1091 impor-

279 1119 430 1148 tunissima
447 1139 457 1153 ,
488 1123 516 1145 et
544 1114 690 1152 superstiti
695 1123 773 1143 osam
797 1112 1049 1148 tristissimamque
1078 1110 1264 1149 opinionem,
1289 1107 1414 1137 externis
1437 1107 1541 1136 ritibus
1562 1112 1590 1135 et
1609 1105 1799 1143 poenitentiis

280 1170 348 1199 iram
373 1169 496 1198 divinam
520 1175 607 1205 posse
629 1165 718 1196 averti
740 1164 821 1201 (1).

414 1272 442 1308 S.
468 1280 498 1302 2·
539 1269 585 1299 De
606 1269 682 1299 card
700 1278 785 1308 quam
804 1268 922 1298 Carolus
944 1269 1030 1306 gessit
1050 1273 1082 1295 ut
1098 1266 1276 1295 ecclesiastici
1294 1264 1416 1295 homines
1438 1262 1514 1292 bonis
1539 1261 1664 1292 moribus

950 1319 1129 1348 excellerent.

316 1424 374 1461 Jan
403 1425 490 1462 igitur
516 1424 620 1461 aliquis
643 1424 690 1454 hic
711 1424 768 1454 loci
787 1423 976 1474 disputationi
994 1430 1110 1453 nostrae
1133 1422 1219 1452 finem
1239 1419 1351 1457 imponi
1369 1426 1456 1456 posse
1481 1417 1628 1454 opinetur.
1669 1414 1717 1444 Ex
1734 1422 1806 1451 quo·

279 1483 370 1505 tamen
397 1486 529 1512 quaereie
556 1477 661 1513 liceat,
690 1476 746 1504 utri
779 1475 906 1513 principi
933 1476 1023 1513 major
1057 1482 1084 1503 et
1115 1473 1258 1503 excelsior
1283 1470 1372 1508 gloria
1400 1467 1552 1498 tribuenda
1583 1466 1738 1499 videatur,
1769 1462 1812 1491 ei·

282 1527 330 1561 qui
355 1528 519 1555 sacerdotes
547 1536 616 1556 suos
643 1533 719 1555 recte
745 1526 841 1556 doceri
864 1533 998 1563 tantum,
1019 1535 1054 1556 an
1077 1534 1146 1556 vero
1169 1524 1219 1561 qni
1236 1524 1304 1552 illos
1326 1529 1445 1558 quoque
1470 1519 1544 1548 bene
1570 1517 1668 1547 vivere
1685 1515 1792 1545 curet?

285 1577 399 1615 Quodsi
426 1587 491 1606 vera
519 1585 561 1607 est
585 1579 653 1614 illa,
685 1586 756 1613 quae
782 1578 949 1607 hominibus
976 1581 1006 1608 in
1031 1577 1191 1615 proverbio
1209 1582 1275 1610 est,
1296 1581 1374 1608 vox,
1395 1571 1430 1600 ad
1454 1568 1677 1599 commovendos
1701 1565 1796 1596 homi·

279 1638 331 1659 nes
355 1630 449 1658 valete
478 1637 654 1666 praecepta,
685 1630 720 1658 ad
746 1638 796 1659 eos
826 1631 1029 1667 perducendos
1057 1630 1207 1665 exempla,
1237 1635 1297 1656 non
1322 1623 1446 1659 dubito,
1478 1622 1549 1657 quin
1577 1627 1661 1648 sanae
1692 1618 1794 1647 mentis

282 1681 407 1716 quisque
441 1689 613 1717 magnopere
641 1681 755 1710 differre
776 1682 912 1711 assentiat
930 1703 940 1717 ,
972 1689 1068 1711 utrum
1092 1682 1147 1709 hoc
1174 1679 1268 1707 solum
1292 1675 1381 1712 egerit
1412 1673 1536 1703 Carolus
1569 1677 1601 1699 ut
1632 1668 1795 1699 antistitum

281 1731 393 1769 ingenia
427 1733 687 1768 collustrarentur,
717 1738 802 1768 atque
826 1732 962 1761 haberent
987 1734 1065 1761 cives
1095 1729 1232 1760 ecclesiae
1250 1749 1260 1764 ‚
1289 1727 1318 1757 in
1344 1733 1417 1763 quos
1436 1733 1468 1754 se
1493 1723 1529 1752 ad
1549 1721 1697 1752 veritatem
1726 1729 1815 1757 cog--

283 1783 453 1813 noscendam
486 1791 708 1820 converterent3
737 1793 773 1814 an
797 1793 865 1814 vero
890 1785 971 1814 etiam
996 1785 1132 1813 doctores
1158 1788 1188 1810 et
1214 1787 1345 1817 pastores
1368 1774 1550 1814 praebuerit,
1571 1773 1601 1802 in
1623 1780 1698 1808 quos
1720 1771 1817 1801 vitaer

282 1842 451 1870 morumque
481 1834 569 1864 duces
602 1835 780 1864 intuerentur
797 1855 807 1871 ,
837 1844 912 1872 quos
937 1835 1078 1864 imitar-ent
1103 1843 1135 1863 ac
1156 1838 1357 1869 sequerentur.
1398 1828 1492 1866 Quam
1517 1825 1711 1863 gravissimam
1735 1831 1795 1852 rem

284 1893 372 1920 quum
394 1885 521 1915 Carolus
544 1886 762 1922 haudquaquam
793 1887 971 1924 neglexerit,
1001 1887 1132 1916 instituta
1157 1886 1219 1922 ejus
1239 1884 1297 1912 huc
1323 1879 1494 1919 pertinentia
1516 1884 1675 1913 eorumque
1698 1875 1728 1905 in
1747 1882 1794 1903 ec·

280 1936 394 1965 clesiam
416 1936 474 1965 vim
498 1943 526 1965 et
554 1937 708 1966 efficaciam
734 1937 855 1967 strictim
876 1938 1059 1974 attingamus.

317 1986 386 2024 Quo
406 1993 535 2025 tempore
555 1997 649 2017 rerum
666 1988 852 2027 potiebatur,
872 1989 989 2025 clerici,
1011 1987 1173 2025 superioris
1195 1985 1304 2016 ordinis
1327 1983 1468 2020 maxime,
1489 1980 1557 2012 elati
1572 1977 1727 2018 superbia,
1747 1979 1792 2020 lu-

1749 2035 1791 2058 ιιι

315 2120 378 2157 (ι)
397 2122 457 2150 Vid.
475 2123 610 2152 Schtbekh
630 2129 650 2151 t.
663 2121 767 2151 xxm.
787 2131 813 2157 p.
830 2129 884 2157 249
900 2129 958 2157 sqq-
