<?xml version="1.0" encoding="UTF-8"?>
<!DOCTYPE html PUBLIC "-//W3C//DTD XHTML 1.0 Transitional//EN"
    "http://www.w3.org/TR/xhtml1/DTD/xhtml1-transitional.dtd">
<html xmlns="http://www.w3.org/1999/xhtml" xml:lang="en" lang="en">
 <head>
  <title>
</title>
<meta http-equiv="Content-Type" content="text/html;charset=utf-8" />
  <meta name='ocr-system' content='tesseract 3.04.00' />
  <meta name='ocr-capabilities' content='ocr_page ocr_carea ocr_par ocr_line ocrx_word'/>
</head>
<body>
  <div class='ocr_page' id='page_1' title='image "annalesacademiae24rijk_0553.png"; bbox 0 0 1919 2511; ppageno 0'>
   <div class='ocr_carea' id='block_1_1' title="bbox 437 119 1664 163">
    <p class='ocr_par' dir='ltr' id='par_1_1' title="bbox 437 119 1664 163">
     <span class='ocr_line' id='line_1_1' title="bbox 437 119 1664 163; baseline -0.005 -7"><span class='ocrx_word' id='word_1_1' title='bbox 437 121 666 156; x_wconf 88' lang='lat' dir='ltr'>RESPONSIO</span> <span class='ocrx_word' id='word_1_2' title='bbox 687 131 731 154; x_wconf 71' lang='lat' dir='ltr'><em>AD</em></span> <span class='ocrx_word' id='word_1_3' title='bbox 752 121 1062 163; x_wconf 79' lang='lat' dir='ltr'><strong>QUAESTtONEM</strong></span> <span class='ocrx_word' id='word_1_4' title='bbox 1091 119 1374 153; x_wconf 81' lang='lat' dir='ltr'>LITERARIAM.</span> <span class='ocrx_word' id='word_1_5' title='bbox 1622 131 1664 158; x_wconf 86' lang='lat'><em>99</em></span> 
     </span>
    </p>
   </div>
   <div class='ocr_carea' id='block_1_2' title="bbox 188 204 1597 345">
    <p class='ocr_par' dir='ltr' id='par_1_2' title="bbox 188 204 1597 345">
     <span class='ocr_line' id='line_1_2' title="bbox 193 204 1052 245; baseline -0.005 -6"><span class='ocrx_word' id='word_1_6' title='bbox 193 208 364 239; x_wconf 75' lang='lat' dir='ltr'><em>Manedula.</em></span> <span class='ocrx_word' id='word_1_7' title='bbox 403 206 461 236; x_wconf 85' lang='lat' dir='ltr'><em>Est</em></span> <span class='ocrx_word' id='word_1_8' title='bbox 478 207 553 238; x_wconf 82' lang='lat' dir='ltr'><em>inter</em></span> <span class='ocrx_word' id='word_1_9' title='bbox 571 207 684 245; x_wconf 85' lang='lat' dir='ltr'><em>Aesop.</em></span> <span class='ocrx_word' id='word_1_10' title='bbox 704 207 786 243; x_wconf 85' lang='lat' dir='ltr'>vulg.</span> <span class='ocrx_word' id='word_1_11' title='bbox 806 206 877 235; x_wconf 85' lang='lat' dir='ltr'>coll.</span> <span class='ocrx_word' id='word_1_12' title='bbox 898 204 962 235; x_wconf 87' lang='lat' dir='ltr'><em>No.</em></span> <span class='ocrx_word' id='word_1_13' title='bbox 983 213 1052 235; x_wconf 78' lang='lat'>102.</span> 
     </span>
     <span class='ocr_line' id='line_1_3' title="bbox 188 256 972 300; baseline -0.01 -7"><span class='ocrx_word' id='word_1_14' title='bbox 188 263 292 294; x_wconf 82' lang='lat' dir='ltr'><em>Vitam</em></span> <span class='ocrx_word' id='word_1_15' title='bbox 313 271 375 292; x_wconf 81' lang='lat' dir='ltr'><em>eam</em></span> <span class='ocrx_word' id='word_1_16' title='bbox 389 267 536 300; x_wconf 82' lang='lat' dir='ltr'><em>pertaesa.</em></span> <span class='ocrx_word' id='word_1_17' title='bbox 574 259 646 289; x_wconf 85' lang='lat' dir='ltr'>vid.</span> <span class='ocrx_word' id='word_1_18' title='bbox 684 266 774 295; x_wconf 84' lang='lat' dir='ltr'>supra</span> <span class='ocrx_word' id='word_1_19' title='bbox 791 257 827 286; x_wconf 91' lang='lat' dir='ltr'><em>ad</em></span> <span class='ocrx_word' id='word_1_20' title='bbox 844 256 907 286; x_wconf 87' lang='lat' dir='ltr'><strong>fab.</strong></span> <span class='ocrx_word' id='word_1_21' title='bbox 921 265 972 294; x_wconf 82' lang='lat'><em>51.</em></span> 
     </span>
     <span class='ocr_line' id='line_1_4' title="bbox 188 304 1597 345; baseline -0.006 0"><span class='ocrx_word' id='word_1_22' title='bbox 188 313 328 345; x_wconf 63' lang='lat' dir='ltr'><em>Grsvata</em></span> <span class='ocrx_word' id='word_1_23' title='bbox 347 310 586 344; x_wconf 72' lang='lat' dir='ltr'><em>consuetudinem.</em></span> <span class='ocrx_word' id='word_1_24' title='bbox 625 310 730 340; x_wconf 83' lang='lat' dir='ltr'><em>Iterum</em></span> <span class='ocrx_word' id='word_1_25' title='bbox 750 309 818 339; x_wconf 83' lang='lat' dir='ltr'><em>haec</em></span> <span class='ocrx_word' id='word_1_26' title='bbox 837 307 1016 338; x_wconf 83' lang='lat' dir='ltr'><em>Graecorum</em></span> <span class='ocrx_word' id='word_1_27' title='bbox 1035 312 1115 335; x_wconf 85' lang='lat' dir='ltr'><em>more</em></span> <span class='ocrx_word' id='word_1_28' title='bbox 1134 304 1335 335; x_wconf 70' lang='lat' dir='ltr'><em>subintellecta</em></span> <span class='ocrx_word' id='word_1_29' title='bbox 1354 311 1489 342; x_wconf 84' lang='lat' dir='ltr'>praepos.</span> <span class='ocrx_word' id='word_1_30' title='bbox 1512 307 1597 336; x_wconf 68' lang='grc' dir='ltr'><em>κκτσὶ.</em></span> 
     </span>
    </p>
   </div>
   <div class='ocr_carea' id='block_1_3' title="bbox 845 407 973 425">
    <p class='ocr_par' dir='ltr' id='par_1_3' title="bbox 845 407 973 425">
     <span class='ocr_line' id='line_1_5' title="bbox 845 407 973 425; baseline -0.008 -1"><span class='ocrx_word' id='word_1_31' title='bbox 845 407 973 425; x_wconf 48' lang='lat' dir='ltr'>m</span> 
     </span>
    </p>
   </div>
   <div class='ocr_carea' id='block_1_4' title="bbox 379 484 1433 607">
    <p class='ocr_par' dir='ltr' id='par_1_4' title="bbox 379 484 1433 607">
     <span class='ocr_line' id='line_1_6' title="bbox 379 484 1433 524; baseline -0.008 0"><span class='ocrx_word' id='word_1_32' title='bbox 379 491 640 524; x_wconf 75' lang='lat' dir='ltr'><strong>FABULA</strong></span> <span class='ocrx_word' id='word_1_33' title='bbox 699 486 1151 522; x_wconf 85' lang='lat' dir='ltr'>OCTOGESIMA</span> <span class='ocrx_word' id='word_1_34' title='bbox 1209 484 1433 517; x_wconf 81' lang='lat' dir='ltr'>SEXTA.</span> 
     </span>
     <span class='ocr_line' id='line_1_7' title="bbox 672 557 1144 607; baseline -0.008 0"><span class='ocrx_word' id='word_1_35' title='bbox 672 557 832 607; x_wconf 40' lang='lat' dir='ltr'>flssRUS</span> <span class='ocrx_word' id='word_1_36' title='bbox 881 586 933 606; x_wconf 78' lang='lat' dir='ltr'><em>ET</em></span> <span class='ocrx_word' id='word_1_37' title='bbox 981 581 1144 604; x_wconf 65' lang='lat' dir='ltr'><strong>CANES.</strong></span> 
     </span>
    </p>
   </div>
   <div class='ocr_carea' id='block_1_5' title="bbox 439 664 1201 1158">
    <p class='ocr_par' dir='ltr' id='par_1_5' title="bbox 439 664 1068 754">
     <span class='ocr_line' id='line_1_8' title="bbox 439 664 1026 701; baseline -0.007 -6"><span class='ocrx_word' id='word_1_38' title='bbox 439 665 573 695; x_wconf 76' lang='lat' dir='ltr'><em>Hiberna</em></span> <span class='ocrx_word' id='word_1_39' title='bbox 591 664 682 694; x_wconf 84' lang='lat' dir='ltr'><em>nimbo</em></span> <span class='ocrx_word' id='word_1_40' title='bbox 700 666 857 695; x_wconf 70' lang='lat' dir='ltr'><em>continente</em></span> <span class='ocrx_word' id='word_1_41' title='bbox 876 668 1026 701; x_wconf 80' lang='lat' dir='ltr'><em>tempestas</em></span> 
     </span>
     <span class='ocr_line' id='line_1_9' title="bbox 441 714 1068 754; baseline -0.005 -9"><span class='ocrx_word' id='word_1_42' title='bbox 441 715 595 753; x_wconf 69' lang='lat' dir='ltr'><em>Quendam</em></span> <span class='ocrx_word' id='word_1_43' title='bbox 613 725 662 744; x_wconf 79' lang='lat' dir='ltr'><em>suo</em></span> <span class='ocrx_word' id='word_1_44' title='bbox 679 714 828 754; x_wconf 78' lang='lat' dir='ltr'><em>deprendit</em></span> <span class='ocrx_word' id='word_1_45' title='bbox 846 716 878 743; x_wconf 68' lang='lat' dir='ltr'><em>its</em></span> <span class='ocrx_word' id='word_1_46' title='bbox 896 714 1068 744; x_wconf 84' lang='lat' dir='ltr'><em>suburbano.</em></span> 
     </span>
    </p>

    <p class='ocr_par' dir='ltr' id='par_1_6' title="bbox 439 764 1124 857">
     <span class='ocr_line' id='line_1_10' title="bbox 439 764 1124 805; baseline -0.003 -10"><span class='ocrx_word' id='word_1_47' title='bbox 439 766 469 795; x_wconf 87' lang='lat' dir='ltr'><em>Is</em></span> <span class='ocrx_word' id='word_1_48' title='bbox 483 768 612 805; x_wconf 84' lang='lat' dir='ltr'><em>primum</em></span> <span class='ocrx_word' id='word_1_49' title='bbox 632 775 712 801; x_wconf 77' lang='lat' dir='ltr'><em>oves,</em></span> <span class='ocrx_word' id='word_1_50' title='bbox 732 765 798 794; x_wconf 84' lang='lat' dir='ltr'><em>dein</em></span> <span class='ocrx_word' id='word_1_51' title='bbox 816 764 934 795; x_wconf 81' lang='lat' dir='ltr'><em>comedit</em></span> <span class='ocrx_word' id='word_1_52' title='bbox 954 772 982 794; x_wconf 89' lang='lat' dir='ltr'><em>et</em></span> <span class='ocrx_word' id='word_1_53' title='bbox 999 770 1124 804; x_wconf 78' lang='lat' dir='ltr'><em>capras:</em></span> 
     </span>
     <span class='ocr_line' id='line_1_11' title="bbox 439 817 983 857; baseline -0.004 -10"><span class='ocrx_word' id='word_1_54' title='bbox 439 817 585 847; x_wconf 86' lang='lat' dir='ltr'><em>Postremo</em></span> <span class='ocrx_word' id='word_1_55' title='bbox 604 823 767 857; x_wconf 72' lang='lat' dir='ltr'><em>tempestate</em></span> <span class='ocrx_word' id='word_1_56' title='bbox 785 823 983 855; x_wconf 76' lang='lat' dir='ltr'><em>perseverante</em></span> 
     </span>
    </p>

    <p class='ocr_par' dir='ltr' id='par_1_7' title="bbox 439 867 1047 907">
     <span class='ocr_line' id='line_1_12' title="bbox 439 867 1047 907; baseline -0.002 -10"><span class='ocrx_word' id='word_1_57' title='bbox 439 867 596 907; x_wconf 85' lang='lat' dir='ltr'><em>Operarios</em></span> <span class='ocrx_word' id='word_1_58' title='bbox 616 877 723 907; x_wconf 85' lang='lat' dir='ltr'><em>quoque</em></span> <span class='ocrx_word' id='word_1_59' title='bbox 740 869 849 897; x_wconf 86' lang='lat' dir='ltr'><em>institit</em></span> <span class='ocrx_word' id='word_1_60' title='bbox 867 868 945 898; x_wconf 74' lang='lat' dir='ltr'><em>boves</em></span> <span class='ocrx_word' id='word_1_61' title='bbox 963 867 1047 896; x_wconf 68' lang='lat' dir='ltr'><em>vesci.</em></span> 
     </span>
    </p>

    <p class='ocr_par' dir='ltr' id='par_1_8' title="bbox 439 918 1201 1158">
     <span class='ocr_line' id='line_1_13' title="bbox 441 918 1053 956; baseline -0.002 -9"><span class='ocrx_word' id='word_1_62' title='bbox 441 918 522 954; x_wconf 72' lang='lat' dir='ltr'><em>Quod</em></span> <span class='ocrx_word' id='word_1_63' title='bbox 539 918 587 948; x_wconf 84' lang='lat' dir='ltr'><em>ubi</em></span> <span class='ocrx_word' id='word_1_64' title='bbox 605 928 687 948; x_wconf 84' lang='lat' dir='ltr'><em>canes</em></span> <span class='ocrx_word' id='word_1_65' title='bbox 706 919 824 956; x_wconf 71' lang='lat' dir='ltr'><em>videre,</em></span> <span class='ocrx_word' id='word_1_66' title='bbox 845 920 947 948; x_wconf 81' lang='lat' dir='ltr'><em>territi</em></span> <span class='ocrx_word' id='word_1_67' title='bbox 964 926 1053 954; x_wconf 85' lang='lat' dir='ltr'><em>sane,</em></span> 
     </span>
     <span class='ocr_line' id='line_1_14' title="bbox 441 968 1080 1008; baseline -0.003 -11"><span class='ocrx_word' id='word_1_68' title='bbox 441 968 577 1008; x_wconf 84' lang='lat' dir='ltr'><em>Interque</em></span> <span class='ocrx_word' id='word_1_69' title='bbox 596 979 623 998; x_wconf 92' lang='lat' dir='ltr'><em>se</em></span> <span class='ocrx_word' id='word_1_70' title='bbox 643 979 671 998; x_wconf 91' lang='lat' dir='ltr'><em>se</em></span> <span class='ocrx_word' id='word_1_71' title='bbox 688 969 762 999; x_wconf 87' lang='lat' dir='ltr'><em>clam</em></span> <span class='ocrx_word' id='word_1_72' title='bbox 782 970 885 998; x_wconf 87' lang='lat' dir='ltr'><em>timore</em></span> <span class='ocrx_word' id='word_1_73' title='bbox 902 973 1080 998; x_wconf 82' lang='lat' dir='ltr'><em>mussantes:</em></span> 
     </span>
     <span class='ocr_line' id='line_1_15' title="bbox 439 1016 1201 1058; baseline -0.003 -11"><span class='ocrx_word' id='word_1_74' title='bbox 439 1021 584 1054; x_wconf 65' lang='lat' dir='ltr'><em>Quantum</em></span> <span class='ocrx_word' id='word_1_75' title='bbox 598 1026 691 1058; x_wconf 83' lang='lat' dir='ltr'><em>potest</em></span> <span class='ocrx_word' id='word_1_76' title='bbox 701 1019 874 1058; x_wconf 85' lang='lat' dir='ltr'><em>fugiamus,</em></span> <span class='ocrx_word' id='word_1_77' title='bbox 893 1020 1045 1056; x_wconf 82' lang='lat' dir='ltr'><em>inquiunt:</em></span> <span class='ocrx_word' id='word_1_78' title='bbox 1064 1025 1130 1047; x_wconf 85' lang='lat' dir='ltr'><em>nam</em></span> <span class='ocrx_word' id='word_1_79' title='bbox 1149 1016 1201 1054; x_wconf 73' lang='lat' dir='ltr'><em>qut*</em></span> 
     </span>
     <span class='ocr_line' id='line_1_16' title="bbox 444 1068 1080 1110; baseline 0 -12"><span class='ocrx_word' id='word_1_80' title='bbox 444 1069 494 1099; x_wconf 88' lang='lat' dir='ltr'><em>Ne</em></span> <span class='ocrx_word' id='word_1_81' title='bbox 513 1072 654 1109; x_wconf 83' lang='lat' dir='ltr'><em>operariis</em></span> <span class='ocrx_word' id='word_1_82' title='bbox 667 1071 828 1110; x_wconf 82' lang='lat' dir='ltr'><em>pepercerit</em></span> <span class='ocrx_word' id='word_1_83' title='bbox 846 1068 959 1108; x_wconf 86' lang='lat' dir='ltr'><em>quidem</em></span> <span class='ocrx_word' id='word_1_84' title='bbox 978 1068 1080 1105; x_wconf 86' lang='lat' dir='ltr'><em>bobus,</em></span> 
     </span>
     <span class='ocr_line' id='line_1_17' title="bbox 442 1119 1078 1158; baseline -0.005 -9"><span class='ocrx_word' id='word_1_85' title='bbox 442 1119 570 1150; x_wconf 71' lang='lat' dir='ltr'><em>Nobtme</em></span> <span class='ocrx_word' id='word_1_86' title='bbox 587 1128 650 1149; x_wconf 81' lang='lat' dir='ltr'><em>eum</em></span> <span class='ocrx_word' id='word_1_87' title='bbox 665 1126 803 1158; x_wconf 85' lang='lat' dir='ltr'><em>putamus</em></span> <span class='ocrx_word' id='word_1_88' title='bbox 821 1127 876 1147; x_wconf 79' lang='lat' dir='ltr'><em>esse</em></span> <span class='ocrx_word' id='word_1_89' title='bbox 890 1125 1049 1157; x_wconf 84' lang='lat' dir='ltr'><em>parsurum</em></span> <span class='ocrx_word' id='word_1_90' title='bbox 1060 1119 1078 1147; x_wconf 71' lang='lat'><em>‚2</em></span> 
     </span>
    </p>
   </div>
   <div class='ocr_carea' id='block_1_6' title="bbox 444 1217 1083 1259">
    <p class='ocr_par' dir='ltr' id='par_1_9' title="bbox 444 1217 1083 1259">
     <span class='ocr_line' id='line_1_18' title="bbox 444 1217 1083 1259; baseline -0.005 -9"><span class='ocrx_word' id='word_1_91' title='bbox 444 1217 532 1250; x_wconf 83' lang='lat' dir='ltr'><em>Caris</em></span> <span class='ocrx_word' id='word_1_92' title='bbox 550 1220 665 1259; x_wconf 83' lang='lat' dir='ltr'><em>iniquus</em></span> <span class='ocrx_word' id='word_1_93' title='bbox 675 1240 686 1258; x_wconf 86' lang='lat'>‚</span> <span class='ocrx_word' id='word_1_94' title='bbox 706 1230 762 1250; x_wconf 81' lang='lat' dir='ltr'><em>esse</em></span> <span class='ocrx_word' id='word_1_95' title='bbox 778 1220 826 1250; x_wconf 81' lang='lat' dir='ltr'><em>cui</em></span> <span class='ocrx_word' id='word_1_96' title='bbox 839 1225 932 1259; x_wconf 84' lang='lat' dir='ltr'><em>potest</em></span> <span class='ocrx_word' id='word_1_97' title='bbox 949 1227 1054 1258; x_wconf 80' lang='lat' dir='ltr'><em>aequus</em></span> <span class='ocrx_word' id='word_1_98' title='bbox 1065 1218 1083 1247; x_wconf 71' lang='grc' dir='ltr'><em>ἓ</em></span> 
     </span>
    </p>
   </div>
   <div class='ocr_carea' id='block_1_7' title="bbox 156 1317 1675 1771">
    <p class='ocr_par' dir='ltr' id='par_1_10' title="bbox 195 1317 1142 1359">
     <span class='ocr_line' id='line_1_19' title="bbox 195 1317 1142 1359; baseline -0.006 -6"><span class='ocrx_word' id='word_1_99' title='bbox 195 1324 289 1353; x_wconf 75' lang='lat' dir='ltr'><em>Herus</em></span> <span class='ocrx_word' id='word_1_100' title='bbox 309 1328 336 1352; x_wconf 88' lang='lat' dir='ltr'><em>et</em></span> <span class='ocrx_word' id='word_1_101' title='bbox 355 1322 456 1353; x_wconf 76' lang='lat' dir='ltr'><em>Canes.</em></span> <span class='ocrx_word' id='word_1_102' title='bbox 495 1323 611 1359; x_wconf 84' lang='lat' dir='ltr'><em>Aesop.</em></span> <span class='ocrx_word' id='word_1_103' title='bbox 634 1323 715 1359; x_wconf 81' lang='lat' dir='ltr'><strong>vulg.</strong></span> <span class='ocrx_word' id='word_1_104' title='bbox 743 1321 806 1351; x_wconf 90' lang='lat' dir='ltr'><em>No.</em></span> <span class='ocrx_word' id='word_1_105' title='bbox 824 1328 873 1357; x_wconf 83' lang='lat'><em>23.</em></span> <span class='ocrx_word' id='word_1_106' title='bbox 901 1317 981 1349; x_wconf 85' lang='lat' dir='ltr'><strong>Flor.</strong></span> <span class='ocrx_word' id='word_1_107' title='bbox 1009 1318 1072 1348; x_wconf 88' lang='lat' dir='ltr'><em>No.</em></span> <span class='ocrx_word' id='word_1_108' title='bbox 1090 1324 1142 1355; x_wconf 83' lang='lat'><em>43.</em></span> 
     </span>
    </p>

    <p class='ocr_par' dir='ltr' id='par_1_11' title="bbox 156 1361 1675 1566">
     <span class='ocr_line' id='line_1_20' title="bbox 195 1361 1674 1415; baseline -0.009 -11"><span class='ocrx_word' id='word_1_109' title='bbox 195 1376 232 1404; x_wconf 82' lang='lat' dir='ltr'><em>In</em></span> <span class='ocrx_word' id='word_1_110' title='bbox 250 1373 420 1405; x_wconf 84' lang='lat' dir='ltr'><em>suburbano.</em></span> <span class='ocrx_word' id='word_1_111' title='bbox 458 1373 606 1404; x_wconf 86' lang='lat' dir='ltr'><em>observat</em></span> <span class='ocrx_word' id='word_1_112' title='bbox 631 1374 666 1402; x_wconf 85' lang='lat' dir='ltr'><em>de</em></span> <span class='ocrx_word' id='word_1_113' title='bbox 693 1372 779 1402; x_wconf 86' lang='lat' dir='ltr'><strong>Furia</strong></span> <span class='ocrx_word' id='word_1_114' title='bbox 803 1372 949 1415; x_wconf 83' lang='lat' dir='ltr'><em>Graecum</em></span> <span class='ocrx_word' id='word_1_115' title='bbox 975 1371 1137 1409; x_wconf 74' lang='grc' dir='ltr'><em>πρόοιστειον</em></span> <span class='ocrx_word' id='word_1_116' title='bbox 1158 1374 1218 1397; x_wconf 88' lang='lat' dir='ltr'><em>non</em></span> <span class='ocrx_word' id='word_1_117' title='bbox 1241 1365 1277 1395; x_wconf 82' lang='lat' dir='ltr'><em>de</em></span> <span class='ocrx_word' id='word_1_118' title='bbox 1297 1362 1459 1393; x_wconf 83' lang='lat' dir='ltr'><strong>suburbana</strong></span> <span class='ocrx_word' id='word_1_119' title='bbox 1477 1366 1586 1391; x_wconf 84' lang='lat' dir='ltr'>tantum</span> <span class='ocrx_word' id='word_1_120' title='bbox 1605 1361 1674 1391; x_wconf 75' lang='lat' dir='ltr'><strong>villa</strong></span> 
     </span>
     <span class='ocr_line' id='line_1_21' title="bbox 157 1412 1673 1462; baseline -0.009 -6"><span class='ocrx_word' id='word_1_121' title='bbox 157 1427 209 1457; x_wconf 83' lang='lat' dir='ltr'><em>sed</em></span> <span class='ocrx_word' id='word_1_122' title='bbox 232 1425 329 1456; x_wconf 85' lang='lat' dir='ltr'><em>latiori</em></span> <span class='ocrx_word' id='word_1_123' title='bbox 350 1433 439 1455; x_wconf 87' lang='lat' dir='ltr'><em>sensu</em></span> <span class='ocrx_word' id='word_1_124' title='bbox 459 1425 495 1454; x_wconf 83' lang='lat' dir='ltr'><em>de</em></span> <span class='ocrx_word' id='word_1_125' title='bbox 518 1432 703 1462; x_wconf 90' lang='lat' dir='ltr'>quocumque</span> <span class='ocrx_word' id='word_1_126' title='bbox 727 1424 846 1461; x_wconf 87' lang='lat' dir='ltr'><em>praedi-0</em></span> <span class='ocrx_word' id='word_1_127' title='bbox 871 1422 906 1452; x_wconf 87' lang='lat' dir='ltr'><em>ab</em></span> <span class='ocrx_word' id='word_1_128' title='bbox 926 1421 999 1451; x_wconf 88' lang='lat' dir='ltr'><em>urbe</em></span> <span class='ocrx_word' id='word_1_129' title='bbox 1022 1421 1106 1451; x_wconf 81' lang='lat' dir='ltr'><em>etiam</em></span> <span class='ocrx_word' id='word_1_130' title='bbox 1126 1421 1213 1457; x_wconf 86' lang='lat' dir='ltr'><em>longe</em></span> <span class='ocrx_word' id='word_1_131' title='bbox 1230 1421 1342 1446; x_wconf 86' lang='lat' dir='ltr'><em>remoto</em></span> <span class='ocrx_word' id='word_1_132' title='bbox 1367 1413 1425 1443; x_wconf 86' lang='lat' dir='ltr'>dici</span> <span class='ocrx_word' id='word_1_133' title='bbox 1449 1419 1478 1442; x_wconf 90' lang='lat' dir='ltr'><em>et</em></span> <span class='ocrx_word' id='word_1_134' title='bbox 1497 1412 1591 1442; x_wconf 83' lang='lat' dir='ltr'><em>latiori</em></span> <span class='ocrx_word' id='word_1_135' title='bbox 1609 1421 1673 1442; x_wconf 89' lang='lat' dir='ltr'><em>sen-</em></span> 
     </span>
     <span class='ocr_line' id='line_1_22' title="bbox 157 1464 1675 1514; baseline -0.01 -7"><span class='ocrx_word' id='word_1_136' title='bbox 157 1486 192 1507; x_wconf 89' lang='lat' dir='ltr'><em>su</em></span> <span class='ocrx_word' id='word_1_137' title='bbox 218 1478 266 1507; x_wconf 86' lang='lat' dir='ltr'><em>hic</em></span> <span class='ocrx_word' id='word_1_138' title='bbox 293 1476 422 1514; x_wconf 84' lang='lat' dir='ltr'>positum</span> <span class='ocrx_word' id='word_1_139' title='bbox 449 1485 532 1513; x_wconf 86' lang='lat' dir='ltr'><em>esse,</em></span> <span class='ocrx_word' id='word_1_140' title='bbox 560 1477 629 1506; x_wconf 83' lang='lat' dir='ltr'>alias</span> <span class='ocrx_word' id='word_1_141' title='bbox 654 1476 729 1506; x_wconf 89' lang='lat' dir='ltr'><em>enim</em></span> <span class='ocrx_word' id='word_1_142' title='bbox 757 1484 816 1506; x_wconf 89' lang='lat' dir='ltr'><em>non</em></span> <span class='ocrx_word' id='word_1_143' title='bbox 845 1472 909 1504; x_wconf 83' lang='lat' dir='ltr'><em>fieri</em></span> <span class='ocrx_word' id='word_1_144' title='bbox 933 1480 1042 1510; x_wconf 79' lang='lat' dir='ltr'><em>posse,</em></span> <span class='ocrx_word' id='word_1_145' title='bbox 1064 1478 1096 1501; x_wconf 90' lang='lat' dir='ltr'><em>ut</em></span> <span class='ocrx_word' id='word_1_146' title='bbox 1119 1470 1270 1500; x_wconf 76' lang='lat' dir='ltr'><em>hibernum</em></span> <span class='ocrx_word' id='word_1_147' title='bbox 1287 1473 1401 1503; x_wconf 87' lang='lat' dir='ltr'><em>tempus</em></span> <span class='ocrx_word' id='word_1_148' title='bbox 1427 1472 1490 1494; x_wconf 87' lang='lat' dir='ltr'><em>eum</em></span> <span class='ocrx_word' id='word_1_149' title='bbox 1515 1464 1551 1493; x_wconf 85' lang='lat' dir='ltr'><em>ad</em></span> <span class='ocrx_word' id='word_1_150' title='bbox 1569 1470 1675 1494; x_wconf 84' lang='lat' dir='ltr'><em>tantam</em></span> 
     </span>
     <span class='ocr_line' id='line_1_23' title="bbox 156 1528 509 1566; baseline 0 -7"><span class='ocrx_word' id='word_1_151' title='bbox 156 1528 360 1559; x_wconf 78' lang='lat' dir='ltr'><em>necessitatem</em></span> <span class='ocrx_word' id='word_1_152' title='bbox 383 1535 509 1566; x_wconf 85' lang='lat' dir='ltr'><em>urgeret.</em></span> 
     </span>
    </p>

    <p class='ocr_par' dir='ltr' id='par_1_12' title="bbox 158 1569 1675 1669">
     <span class='ocr_line' id='line_1_24' title="bbox 195 1569 1675 1620; baseline -0.009 -10"><span class='ocrx_word' id='word_1_153' title='bbox 195 1581 351 1620; x_wconf 80' lang='lat' dir='ltr'><em>operarios</em></span> <span class='ocrx_word' id='word_1_154' title='bbox 373 1579 463 1611; x_wconf 78' lang='lat' dir='ltr'><em>boves.</em></span> <span class='ocrx_word' id='word_1_155' title='bbox 512 1580 599 1619; x_wconf 88' lang='lat' dir='ltr'><strong>Quos</strong></span> <span class='ocrx_word' id='word_1_156' title='bbox 632 1579 749 1609; x_wconf 85' lang='lat' dir='ltr'><em>caedere</em></span> <span class='ocrx_word' id='word_1_157' title='bbox 780 1578 940 1616; x_wconf 84' lang='lat' dir='ltr'><em>antiquitus</em></span> <span class='ocrx_word' id='word_1_158' title='bbox 963 1576 1046 1608; x_wconf 85' lang='lat' dir='ltr'><em>nefas</em></span> <span class='ocrx_word' id='word_1_159' title='bbox 1069 1575 1248 1611; x_wconf 83' lang='lat' dir='ltr'><em>habebatur,</em></span> <span class='ocrx_word' id='word_1_160' title='bbox 1275 1573 1398 1603; x_wconf 86' lang='lat' dir='ltr'><em>docente</em></span> <span class='ocrx_word' id='word_1_161' title='bbox 1423 1569 1605 1606; x_wconf 80' lang='lat' dir='ltr'><em>Heusingero</em></span> <span class='ocrx_word' id='word_1_162' title='bbox 1640 1569 1675 1597; x_wconf 87' lang='lat' dir='ltr'><em>ad</em></span> 
     </span>
     <span class='ocr_line' id='line_1_25' title="bbox 158 1631 426 1669; baseline -0.004 -7"><span class='ocrx_word' id='word_1_163' title='bbox 158 1631 271 1669; x_wconf 84' lang='lat' dir='ltr'><em>Aesopi</em></span> <span class='ocrx_word' id='word_1_164' title='bbox 288 1631 426 1661; x_wconf 86' lang='lat' dir='ltr'><strong>fabulam.</strong></span> 
     </span>
    </p>

    <p class='ocr_par' dir='ltr' id='par_1_13' title="bbox 160 1671 1672 1771">
     <span class='ocr_line' id='line_1_26' title="bbox 201 1671 1672 1722; baseline -0.007 -10"><span class='ocrx_word' id='word_1_165' title='bbox 201 1683 356 1722; x_wconf 80' lang='lat' dir='ltr'><em>operarios</em></span> <span class='ocrx_word' id='word_1_166' title='bbox 388 1683 468 1713; x_wconf 66' lang='lat' dir='ltr'><em>boves</em></span> <span class='ocrx_word' id='word_1_167' title='bbox 499 1684 586 1714; x_wconf 74' lang='lat' dir='ltr'><em>vesci.</em></span> <span class='ocrx_word' id='word_1_168' title='bbox 641 1683 692 1714; x_wconf 90' lang='lat' dir='ltr'><em>Sic</em></span> <span class='ocrx_word' id='word_1_169' title='bbox 719 1682 834 1720; x_wconf 81' lang='lat' dir='ltr'><em>saepius</em></span> <span class='ocrx_word' id='word_1_170' title='bbox 866 1679 958 1711; x_wconf 80' lang='lat' dir='ltr'><em>verbo</em></span> <span class='ocrx_word' id='word_1_171' title='bbox 991 1680 1065 1709; x_wconf 71' lang='lat' dir='ltr'><em>vesci</em></span> <span class='ocrx_word' id='word_1_172' title='bbox 1088 1677 1280 1708; x_wconf 85' lang='lat' dir='ltr'>Accusativus</span> <span class='ocrx_word' id='word_1_173' title='bbox 1309 1672 1450 1713; x_wconf 86' lang='lat' dir='ltr'><em>jungitur.</em></span> <span class='ocrx_word' id='word_1_174' title='bbox 1476 1672 1562 1710; x_wconf 82' lang='lat' dir='ltr'>virg.</span> <span class='ocrx_word' id='word_1_175' title='bbox 1595 1671 1672 1701; x_wconf 86' lang='lat' dir='ltr'><em>Aen.</em></span> 
     </span>
     <span class='ocr_line' id='line_1_27' title="bbox 160 1732 469 1771; baseline 0 -7"><span class='ocrx_word' id='word_1_176' title='bbox 160 1732 229 1764; x_wconf 80' lang='lat' dir='ltr'>Lib.</span> <span class='ocrx_word' id='word_1_177' title='bbox 245 1735 301 1764; x_wconf 79' lang='lat'>111.</span> <span class='ocrx_word' id='word_1_178' title='bbox 327 1741 374 1765; x_wconf 85' lang='lat' dir='ltr'><em>vs.</em></span> <span class='ocrx_word' id='word_1_179' title='bbox 398 1742 469 1771; x_wconf 83' lang='lat'><strong>339·</strong></span> 
     </span>
    </p>
   </div>
   <div class='ocr_carea' id='block_1_8' title="bbox 157 1779 1674 1925">
    <p class='ocr_par' dir='ltr' id='par_1_14' title="bbox 157 1779 1674 1925">
     <span class='ocr_line' id='line_1_28' title="bbox 453 1779 1329 1824; baseline -0.007 -11"><span class='ocrx_word' id='word_1_180' title='bbox 453 1784 532 1822; x_wconf 83' lang='lat' dir='ltr'><em>Quid</em></span> <span class='ocrx_word' id='word_1_181' title='bbox 547 1793 620 1824; x_wconf 82' lang='lat' dir='ltr'><em>puer</em></span> <span class='ocrx_word' id='word_1_182' title='bbox 638 1785 805 1814; x_wconf 76' lang='lat' dir='ltr'><em>Ascanius?</em></span> <span class='ocrx_word' id='word_1_183' title='bbox 824 1789 997 1822; x_wconf 83' lang='lat' dir='ltr'><em>superatne,</em></span> <span class='ocrx_word' id='word_1_184' title='bbox 1016 1788 1045 1812; x_wconf 87' lang='lat' dir='ltr'><em>et</em></span> <span class='ocrx_word' id='word_1_185' title='bbox 1063 1782 1187 1812; x_wconf 71' lang='lat' dir='ltr'><em>vescitur</em></span> <span class='ocrx_word' id='word_1_186' title='bbox 1205 1787 1295 1808; x_wconf 84' lang='lat' dir='ltr'><em>auras</em></span> <span class='ocrx_word' id='word_1_187' title='bbox 1303 1779 1329 1814; x_wconf 63' lang='grc' dir='ltr'><em>ἓι</em></span> 
     </span>
     <span class='ocr_line' id='line_1_29' title="bbox 161 1823 1674 1872; baseline -0.009 -6"><span class='ocrx_word' id='word_1_188' title='bbox 161 1835 218 1866; x_wconf 87' lang='lat' dir='ltr'><em>Cf.</em></span> <span class='ocrx_word' id='word_1_189' title='bbox 239 1835 339 1867; x_wconf 81' lang='lat' dir='ltr'>Sanct.</span> <span class='ocrx_word' id='word_1_190' title='bbox 362 1835 394 1866; x_wconf 80' lang='lat' dir='ltr'><em>in</em></span> <span class='ocrx_word' id='word_1_191' title='bbox 418 1834 551 1867; x_wconf 82' lang='lat' dir='ltr'><em>Minerv.</em></span> <span class='ocrx_word' id='word_1_192' title='bbox 593 1835 663 1867; x_wconf 86' lang='lat' dir='ltr'><em>Lib.</em></span> <span class='ocrx_word' id='word_1_193' title='bbox 683 1836 742 1865; x_wconf 87' lang='lat'>111.</span> <span class='ocrx_word' id='word_1_194' title='bbox 773 1843 842 1872; x_wconf 79' lang='lat' dir='ltr'><em>cap.</em></span> <span class='ocrx_word' id='word_1_195' title='bbox 861 1843 894 1872; x_wconf 79' lang='lat'><em>3·</em></span> <span class='ocrx_word' id='word_1_196' title='bbox 923 1834 987 1865; x_wconf 86' lang='lat' dir='ltr'><em>No.</em></span> <span class='ocrx_word' id='word_1_197' title='bbox 1014 1842 1081 1871; x_wconf 86' lang='lat'>141.</span> <span class='ocrx_word' id='word_1_198' title='bbox 1118 1839 1148 1862; x_wconf 86' lang='lat' dir='ltr'><em>et</em></span> <span class='ocrx_word' id='word_1_199' title='bbox 1174 1830 1319 1862; x_wconf 83' lang='lat' dir='ltr'><em>Scheffer.</em></span> <span class='ocrx_word' id='word_1_200' title='bbox 1348 1827 1383 1858; x_wconf 86' lang='lat' dir='ltr'><em>ad</em></span> <span class='ocrx_word' id='word_1_201' title='bbox 1413 1826 1534 1858; x_wconf 85' lang='lat' dir='ltr'><em>Phaedr.</em></span> <span class='ocrx_word' id='word_1_202' title='bbox 1558 1823 1628 1855; x_wconf 83' lang='lat' dir='ltr'><strong>Lib.</strong></span> <span class='ocrx_word' id='word_1_203' title='bbox 1647 1824 1674 1853; x_wconf 83' lang='grc' dir='ltr'><em>Ι.</em></span> 
     </span>
     <span class='ocr_line' id='line_1_30' title="bbox 157 1885 704 1925; baseline -0.009 -8"><span class='ocrx_word' id='word_1_204' title='bbox 157 1885 219 1917; x_wconf 78' lang='lat' dir='ltr'><strong>fab.</strong></span> <span class='ocrx_word' id='word_1_205' title='bbox 245 1894 294 1925; x_wconf 80' lang='lat'><em>31.</em></span> <span class='ocrx_word' id='word_1_206' title='bbox 701 1910 704 1912; x_wconf 75' lang='grc'>,</span> 
     </span>
    </p>
   </div>
   <div class='ocr_carea' id='block_1_9' title="bbox 896 2086 1676 2127">
    <p class='ocr_par' dir='ltr' id='par_1_15' title="bbox 896 2086 1676 2127">
     <span class='ocr_line' id='line_1_31' title="bbox 896 2086 1676 2127; baseline -0.013 0"><span class='ocrx_word' id='word_1_207' title='bbox 896 2094 969 2127; x_wconf 70' lang='lat' dir='ltr'><em>Nn</em></span> <span class='ocrx_word' id='word_1_208' title='bbox 1588 2086 1676 2118; x_wconf 80' lang='lat' dir='ltr'><em>FA-</em></span> 
     </span>
    </p>
   </div>
  </div>
 </body>
</html>
