1919 2511
408 151 636 186 RESPONSIO
663 159 706 182 an
735 152 1045 191 QUAESTIONEM
1071 154 1294 186 PHYSICAM.
1523 149 1528 152 ⁴
1572 164 1606 191 41

90 237 266 269 fertilitatem
300 244 423 276 augeat,
454 238 582 273 adeoque
610 236 689 273 ipsas
720 235 827 265 nutriat
850 237 975 272 plantas.
1025 237 1120 274 Cujus
1156 243 1250 266 tamen
1276 237 1443 267 nutritionis
1473 238 1550 274 leges
1578 244 1606 266 et

89 291 287 327 phaenomena
315 289 456 326 explicare
480 294 567 324 atque
588 287 753 323 illustrare,
787 288 937 316 admodum
970 297 1031 317 esse
1055 289 1192 324 difficile,
1223 289 1324 318 exinde
1347 290 1404 326 jam
1430 291 1602 319 concludere

88 343 177 379 licet,
199 342 278 378 quod
300 341 360 370 fere
381 348 482 369 omnes
506 340 558 368 hac
580 339 616 368 de
636 348 666 367 re
689 345 822 367 auctores
846 339 1021 369 dissentiunt
1037 360 1048 376 ‚
1083 347 1111 369 et
1134 339 1241 369 diversi
1269 342 1352 376 plane
1374 340 1512 369 diversam
1536 350 1604 376 pro-

89 400 203 430 ponunt
228 390 410 422 sententiam.
450 390 526 421 Illud
550 396 644 419 autem
670 389 740 418 mihi
765 390 817 419 hac
837 389 866 419 in
889 399 990 420 caussa
1012 390 1143 428 inprimis
1167 391 1386 427 proponendum
1413 399 1475 418 esse
1495 390 1601 427 judica-

87 446 139 482 vi,
169 452 203 474 ut
224 443 418 481 inquirerem,
448 441 516 479 quid
541 442 575 470 de
599 441 758 470 nutritione
779 443 937 478 plantarum
966 442 1100 471 universe
1122 448 1256 476 constet,
1284 449 1312 470 et
1344 440 1412 477 quid
1434 441 1603 477 hypothesi-

88 498 142 526 bus
168 495 306 525 innitatur
322 516 332 531 ,
368 501 401 523 ut
427 503 462 523 ex
488 503 586 523 eorum
618 503 683 523 cum
710 493 790 523 humi
813 499 913 523 natura
935 493 1149 529 comparatione
1172 492 1341 529 explicarem
1367 491 1446 520 humi
1470 500 1553 520 usum
1575 498 1603 520 et

86 546 235 577 efficaciam
262 546 292 576 in
315 547 426 583 plantas
449 546 575 576 alendas.

78 623 80 626 ,
107 622 111 627 .
125 599 214 628 Haece
225 605 269 626 est
286 606 341 627 una
357 604 386 626 et
407 597 592 626 consentiens
609 596 735 625 omniurn
758 594 978 631 intelligentium
994 595 1122 624 virorum
1144 604 1201 625 vox
1219 602 1247 624 et
1261 595 1399 633 judicitrm
1411 615 1422 630 ‚
1443 595 1601 625 nutrimen-

86 657 147 679 tum
173 656 201 678 et
227 648 411 678 nutritionem
435 649 593 684 plantarum
617 647 814 676 inveniendam
839 655 901 676 esse
925 647 954 677 in
980 649 1176 684 comparandis
1195 647 1342 683 materiis,
1365 647 1470 683 quibns
1486 649 1599 683 plantae

84 706 242 741 constant,
261 708 324 727 cum
340 698 397 734 iis,
420 707 490 734 quas
514 705 604 727 terrae
628 699 798 734 continent,
821 698 850 727 in
871 698 979 734 quibus
997 706 1143 728 crescunt.
1183 698 1251 727 Tali
1273 698 1346 727 enirn
1365 698 1474 727 ratione
1496 697 1600 726 facilli-

89 760 134 780 me
157 750 348 788 intelligitur,
371 758 507 785 quaenam
540 749 599 779 sint
623 749 765 786 principia
788 750 894 786 plantis
922 757 949 779 et
977 752 1041 780 solo
1062 751 1242 786 communia,
1271 757 1299 779 et
1324 759 1459 786 quaenam
1486 750 1599 778 illarum

87 811 123 832 ex
147 803 234 842 liujus
258 801 409 839 principiis
437 801 575 838 originem
607 801 743 831 habeant.
792 801 869 831 Cum
898 800 996 837 itaque
1030 802 1064 830 ad
1088 802 1296 838 Chymicorum
1322 802 1452 838 analyses
1475 800 1602 829 attenda-

84 862 171 889 mus,
201 859 319 889 apparet
347 854 459 890 plantas
491 852 639 881 continere
667 861 772 882 succos
796 853 918 888 dulces,
947 862 1080 890 amaros,
1112 855 1278 889 coloratos,
1300 855 1381 889 olea,
1402 853 1530 887 resinas‚
1552 861 1601 881 ex-

87 913 197 943 tracta,
230 906 358 944 gummi,
380 907 477 943 acida,
500 915 573 943 quae
595 907 693 936 omnia
720 908 754 946 ad
782 907 970 940 carbonium,
991 905 1218 942 hydrogenium‚
1237 905 1410 942 oxygeniutn
1433 910 1459 931 et
1483 910 1600 931 azotum

87 963 212 994 possunt
242 957 363 994 referri3
398 965 543 995 praeterea
576 958 709 987 diversos
737 958 839 993 sales,
877 965 968 986 terras
1000 964 1027 985 et
1061 957 1153 993 Oxyda
1178 957 1328 985 metallica.
1369 955 1465 993 Quum
1499 960 1599 982 contra

87 1007 272 1043 respiciamus
291 1009 326 1036 ad
350 1009 510 1045 principia,
533 1009 639 1044 quibus
655 1011 827 1045 plerumque
848 1010 910 1037 sola
933 1013 1085 1042 constent,
1108 1013 1136 1035 et
1160 1007 1194 1035 ad
1222 1006 1385 1043 principia,
1410 1014 1480 1041 quae
1510 1005 1598 1033 humo

87 1056 182 1086 inesse
211 1058 334 1087 vidimus
352 1080 361 1092 ,
390 1058 474 1088 facile
504 1066 621 1096 apparet
646 1068 677 1088 ea
702 1061 860 1095 plantarum
888 1066 952 1086 cnm
980 1057 1016 1086 iis
1045 1057 1123 1086 humi
1151 1058 1317 1087 convenire.
1358 1056 1480 1094 Quando
1511 1056 1598 1092 igitur

74 1115 253 1150 *reputamus
278 1110 439 1146 plantarum
466 1117 494 1140 et
520 1110 599 1139 humi
618 1110 776 1147 principia,
806 1116 834 1137 et
860 1117 993 1145 agrorum
1020 1107 1197 1139 fertilitatem
1229 1107 1388 1136 consistere
1409 1108 1544 1136 universe
1568 1107 1598 1135 in

87 1159 163 1189 bona
178 1166 316 1189 tetrarum
335 1161 450 1190 miscela
466 1167 494 1190 et
516 1160 547 1191 in
568 1162 656 1190 humo
674 1167 826 1199 contenta,
848 1163 905 1200 jam
924 1163 1094 1192 concludere
1111 1171 1269 1199 possumus
1295 1170 1410 1199 magnas
1435 1170 1498 1191 esse
1520 1162 1599 1190 humi

89 1218 183 1247 partes
208 1211 237 1240 in
253 1212 358 1249 plantis
378 1214 500 1243 alendis.

127 1263 243 1292 Plantae
265 1271 358 1292 autem
385 1271 414 1293 et
439 1264 519 1294 foliis
548 1272 575 1295 et
606 1266 749 1295 radicibus
772 1266 891 1295 maxime
909 1267 1042 1303 aluntur3
1065 1265 1124 1295 illis
1141 1265 1213 1294 enim
1228 1265 1385 1295 absorbent
1400 1273 1452 1301 ea,
1475 1274 1546 1301 quae
1568 1266 1599 1295 in

89 1313 151 1351 aere
175 1320 268 1350 sunt,
287 1314 333 1343 his
361 1315 524 1352 suscipiunt
549 1317 627 1346 varia
651 1318 735 1347 valde
758 1318 848 1347 divisa
872 1325 900 1347 et
923 1320 1019 1347 soluta
1051 1326 1067 1346 e
1089 1318 1176 1353 solo,
1200 1317 1230 1346 in
1257 1326 1315 1353 quo
1339 1324 1482 1347 crescunt.
1524 1317 1599 1345 Nam

82 1372 125 1398 ⁴ut
148 1365 318 1395 Saussurius
339 1366 446 1403 aliique
470 1368 652 1404 docuerunt,
674 1370 785 1399 illarum
806 1370 913 1399 radices
928 1376 983 1398 tam
1008 1369 1103 1398 tenuIs
1128 1375 1196 1397 sunt
1219 1374 1397 1403 structurae,
1420 1375 1451 1397 ut
1467 1377 1526 1397 non
1543 1368 1599 1396 nisi

88 1417 171 1446 valde
186 1417 290 1445 solutis
307 1417 431 1446 materiis
457 1419 564 1447 aditum
581 1410 758 1455 permittant.
809 1421 901 1459 Quam
926 1420 1094 1449 sententiam
1119 1419 1202 1448 multi
1219 1426 1300 1448 antea
1317 1421 1372 1457 J'am
1392 1419 1433 1447 sic
1450 1421 1602 1455 amplecte-

84 1468 215 1505 bantur,
235 1475 268 1497 ut
288 1468 503 1505 existimarent,
525 1471 636 1505 plantas
665 1480 724 1500 non
748 1471 805 1500 nisi
833 1480 934 1507 aquam
962 1480 976 1500 e
1000 1472 1064 1500 solo
1087 1478 1229 1506 tamquam
1244 1470 1448 1499 nutrimentum
1467 1479 1602 1506 sumere,

92 1526 120 1548 et
135 1528 235 1548 omnes
252 1518 383 1548 materies
408 1519 469 1548 sive
494 1521 652 1556 plantarum
673 1522 734 1551 sive
758 1523 942 1559 animalium,
963 1524 1081 1551 humum
1112 1522 1203 1557 adeo,
1225 1522 1266 1550 sic
1289 1530 1370 1558 agere
1393 1521 1422 1550 in
1438 1521 1494 1550 soli
1517 1529 1601 1550 natu-

90 1579 172 1607 ram,
194 1571 314 1608 ejusque
329 1570 466 1608 adaugere
482 1569 678 1607 fertilitatem,
701 1579 732 1600 ut
759 1572 826 1601 huic
852 1580 910 1602 non
937 1574 993 1603 nisi
1018 1581 1107 1609 aquae
1140 1573 1276 1601 tenendae
1300 1571 1465 1601 facultatem
1483 1572 1599 1608 praebe·

91 1628 165 1651 rent.
217 1622 418 1657 Pervulgatum
440 1628 535 1651 autem
565 1629 608 1651 est
635 1622 797 1652 Helmontii
821 1624 1066 1660 experimentum,
1097 1624 1147 1660 qui
1173 1623 1286 1652 salicem
1308 1623 1337 1652 in
1360 1631 1432 1659 pura
1451 1630 1522 1652 terra
1551 1632 1601 1659 per

94 1673 222 1710 quinque
240 1681 329 1702 annos
350 1674 412 1702 sola
429 1675 503 1708 aqua
532 1674 673 1710 irrigatam
698 1683 827 1704 crescere
851 1674 945 1711 vidit,
969 1677 1090 1711 ejusque
1121 1675 1236 1710 pondus
1260 1680 1375 1703 auctum
1405 1682 1468 1702 esse
1486 1675 1602 1703 affirmat

95 1732 150 1760 119
167 1723 269 1759 libris,
286 1732 350 1752 cum
366 1731 441 1752 terra
453 1724 502 1752 vix
518 1724 628 1760 aliquot
639 1725 735 1754 uncias
753 1726 927 1762 perdidisset
946 1731 985 1766 (1
1002 1726 1030 1762 >.
1070 1725 1223 1763 Ejusmodi
1241 1726 1324 1754 etiam
1342 1732 1410 1754 sunt
1428 1726 1604 1762 experimen·

94 1781 122 1804 ta
136 1774 260 1805 Bonneti
277 1775 364 1812 (2),
385 1776 549 1805 Duhamelii
570 1776 641 1814 (3)
663 1783 691 1805 et
712 1776 812 1806 ‘silleti
833 1778 873 1815 (4
886 1784 914 1818 >-
954 1778 1032 1806 Haec
1052 1785 1121 1806 vero
1143 1776 1336 1813 experimenta
1351 1784 1366 1805 a
1382 1785 1498 1813 magnae
1520 1778 1602 1806 etiam

1561 1838 1605 1857 ce-

129 1913 145 1947 (
161 1921 169 1939 ι
185 1913 206 1948 )”
220 1913 281 1940 Vid.
299 1915 323 1947 1.
343 1915 375 1942 B.
394 1914 518 1942 Helmont
535 1924 561 1949 p.
578 1922 619 1948 55.

130 1959 196 1994 (2)
215 1961 271 1986 V⁴d.
294 1962 410 1992 Bonner,
429 1963 602 1989 Recherches
623 1971 666 1989 sur
682 1964 777 1996 l'usage
796 1964 840 1990 des
860 1964 970 1990 Feuilles
985 1970 1038 1989 etc.
1061 1971 1087 1995 p.
1104 1964 1162 1997 158.
1179 1969 1235 1995 197·

131 2003 199 2040 (3)
220 2007 279 2031 Vid.
299 2008 443 2033 Memoires
461 2008 494 2032 de
510 2009 669 2034 l'Academie
682 2010 726 2035 des
747 2011 868 2037 Sciet-,ces
883 2012 956 2044 1748.
975 2017 1001 2042 P.
1017 2017 1078 2043 272.

132 2049 198 2085 (4)
218 2052 278 2080 Vid.
296 2054 410 2080 Tilletus
434 2055 458 2080 in
478 2055 626 2082 Memoires
644 2055 675 2081 de
696 2057 862 2083 l'Academie.
898 2065 973 2090 ¹772·
