1919 2511
330 142 371 164 12
665 130 701 160 C.
759 127 939 160 PRUYS
973 137 1054 160 wit<
1090 139 1172 161 nnn
1208 129 1437 165 HOEVEN

328 213 519 248 limninibus
544 213 679 249 tributa,
728 218 803 248 Jam
827 223 906 249 vero
931 214 995 247 alia
1018 220 1067 247 est
1093 221 1231 249 naturae
1254 217 1429 250 universae
1452 215 1614 261 cognitio,
1639 216 1701 249 alta
1723 215 1792 249 hu-

311 280 313 283 *
329 282 460 304 manae.
505 273 594 304 Nam
612 276 649 304 ut
667 270 720 304 illa
741 271 902 304 universis
924 271 1045 314 regitur
1063 271 1203 315 legibus,
1224 283 1306 316 quas
1324 273 1478 317 physicas
1497 283 1615 307 vocare
1634 277 1692 305 aut
1710 271 1794 305 che--

329 329 433 361 micas
456 328 578 368 solent,
603 328 650 360 stc
666 325 746 358 hnic-
770 326 940 368 praeclara
962 326 1016 358 illa
1037 327 1122 359 vitae
1142 327 1195 360 lex
1213 328 1288 361 data
1312 335 1380 371 est,
1403 340 1488 373 quac
1511 327 1793 373 quemadmodum

329 384 408 426 soli,
432 384 512 416 dum
538 384 667 424 vivant,
692 382 881 425 plantarum
903 386 935 414 et
958 381 1176 415 animantium
1200 386 1309 427 generi
1328 385 1460 428 propria
1482 390 1555 426 est,
1579 385 1624 416 ita
1638 408 1648 425 ‚
1672 393 1795 426 quam-

329 441 475 483 primum
491 440 576 472 vitae
596 438 730 470 flamma
749 437 909 469 exstincta
931 437 992 478 sit,
1018 447 1155 480 corpora
1174 446 1288 473 nostra
1305 446 1442 474 naturae
1463 441 1636 474 universae
1654 439 1795 472 tradun-

331 502 385 528 tur
402 496 435 528 in
455 493 615 538 principia
628 518 637 535 ‚
661 492 780 536 quibus
801 492 1016 533 constabant,
1036 492 1254 528 dissolvenda.
1293 497 1433 530 Minime
1453 495 1550 540 igitur
1571 494 1613 528 ab
1632 496 1793 529 universis

330 551 392 584 illis
419 557 558 584 naturae
581 549 721 593 legibus,
748 559 864 582 verum
889 559 908 581 a
927 549 1060 591 propria
1085 550 1170 584 vitae
1198 551 1264 595 lege
1296 559 1435 585 naturae
1461 552 1628 584 humanae
1653 550 1795 594 petenda

330 612 380 639 est
402 607 624 649 interpretatio
636 619 646 646 3
671 606 764 647 cujus
790 604 924 648 quidem
946 611 1084 638 naturae
1102 605 1269 640 humanae
1284 619 1322 640 ea
1340 615 1388 641 est
1407 608 1629 653 praestantia,
1663 612 1700 639 ut
1725 616 1794 639 non

329 668 459 695 tantuin
486 663 597 695 animo
618 660 744 694 ratione
767 661 914 704 praedito
929 685 938 702 ,
962 670 1076 694 verum
1099 663 1199 695 etiam
1222 674 1359 707 corpore
1380 664 1498 698 inentis
1515 664 1712 707 pulcerrima
1731 662 1794 696 do-

327 729 382 751 mo
403 719 529 751 cunetis
555 716 780 750 animantibus
803 717 974 749 antecellat
998 717 1111 750 homo.
1522 760 1530 763 χ
1628 728 1631 729 ’

371 777 472 807 Hanc
494 780 605 806 antem
622 773 946 816 interpretationem,
970 773 1025 816 qui
1046 773 1087 805 ab
1106 776 1256 810 universa
1279 775 1325 809 illfi
1348 776 1515 809 duxerunt
1531 775 1669 817 natura,
1692 784 1795 818 quam

328 834 492 878 abjectam
517 833 581 866 sibi
608 833 775 865 finxerunt
799 837 896 875 atque
919 831 1090 875 indignam
1119 843 1254 876 prorsus
1282 831 1426 866 hominis
1453 832 1618 875 speciem!
1661 829 1795 874 Quippe

326 890 520 923 machinam
540 889 709 933 quandam
731 899 772 920 ex
796 888 930 920 homine
956 888 1105 920 fecerunt
1128 888 1374 931 hydraulicam,
1397 893 1456 921 aut
1474 887 1660 920 chemicam
1686 885 1796 920 offici-

301 952 304 956 ’
327 957 426 987 nain,
451 951 548 989 atque
572 955 613 977 ex
637 945 829 976 attractione
852 943 1008 986 physica,
1033 944 1097 986 qna
1125 955 1264 987 corpora
1289 944 1387 977 bruta
1415 949 1610 985 moventur,
1634 949 1693 976 aut
1713 942 1795 976 che-

325 1003 412 1036 mica
439 1003 618 1044 affinitate,
650 1013 734 1046 quae
757 1003 792 1035 in
816 1001 998 1034 humorum
1024 1001 1307 1036 effervescentiuzn
1336 1005 1504 1044 spectatur
1526 998 1632 1032 turbis
1646 1024 1659 1041 ‚.
1688 1009 1795 1042 quae-

326 1069 456 1103 cunque
486 1060 521 1092 in
547 1069 683 1102 corpore
710 1058 860 1091 humano
886 1058 966 1090 fiant
991 1057 1121 1102 intelligi
1147 1067 1245 1101 posse
1270 1057 1394 1099 opinati
1417 1061 1506 1088 sunt.
1554 1055 1634 1088 Inde
1654 1055 1793 1098 physica

325 1115 489 1159 quaedam
512 1113 635 1147 exstitit
655 1119 687 1146 et
712 1113 861 1146 chemiea
882 1114 1054 1157 disciplina
1072 1115 1220 1156 medica,
1243 1123 1329 1156 quae
1347 1113 1490 1145 aliarum
1511 1111 1727 1144 scientiarum
1741 1118 1796 1145 ve·

327 1171 432 1203 stibus
456 1169 571 1204 induta
596 1181 637 1203 ex
661 1169 878 1214 physicorum
899 1169 1039 1202 officinis
1063 1170 1202 1214 prodiit,
1226 1169 1336 1202 omnis
1355 1169 1501 1204 veritatis
1522 1177 1640 1210 expers
1661 1172 1694 1200 et
1713 1175 1795 1210 gra-¹.

314 1227 463 1260 narum.

370 1286 451 1316 Post
467 1289 633 1327 repertam
648 1294 726 1318 vero
744 1289 775 1316 et
790 1284 1023 1327 amplificatam
1040 1285 1247 1328 praeclaram
1265 1284 1355 1316 illam
1371 1282 1457 1317 vitae
1476 1281 1668 1322 scientiam,
1685 1288 1796 1323 (μιωι-ν

326 1345 399 1372 tuin
424 1345 550 1372 mutata
573 1340 615 1372 ab
644 1339 706 1372 ista
734 1342 934 1383 conspicitur
956 1347 1096 1373 naturae
1120 1341 1289 1373 hnmanae
1312 1340 1481 1372 doctrina!
1524 1339 1614 1370 Nam
1640 1336 1794 1369 omnium

327 1399 507 1432 viventium
533 1409 650 1441 genere
681 1409 758 1430 cum
784 1398 918 1430 homine
943 1396 1230 1441 praestantissimo
1253 1395 1342 1428 orbis
1368 1401 1534 1428 terrarum
1561 1393 1666 1425 incola
1698 1402 1796 1425 com-

326 1460 460 1497 parato,
485 1465 526 1487 ex
552 1454 632 1497 ipsis
654 1454 842 1497 plantarum
866 1460 898 1487 ct
923 1453 1118 1486 animalium
1142 1453 1269 1488 naturis
1291 1462 1370 1485 cum
1392 1451 1527 1494 cognitis
1551 1454 1624 1482 tum
1645 1448 1796 1481 intellec-
1822 1470 1825 1473 -

326 1510 390 1550 us,
414 1509 558 1541 hominis
584 1515 703 1542 natura
732 1511 849 1542 melius
876 1515 907 1542 et
926 1509 1076 1554 cognosci
1099 1515 1131 1542 et
1153 1508 1285 1552 intelligi
1302 1509 1418 1551 coepit.
1465 1506 1517 1539 Ab
1537 1505 1603 1538 hac
1616 1506 1726 1548 itaque
1742 1505 1796 1538 vi-
1836 1504 1839 1507 ’

329 1571 382 1598 tae
406 1565 538 1597 notione
562 1571 723 1608 tanquam
742 1576 761 1597 a
780 1576 913 1597 snnnno
935 1565 1098 1608 principio
1118 1566 1227 1598 omnis
1252 1569 1392 1596 naturae
1409 1563 1579 1595 humanae
1597 1562 1796 1603 interpreta-

328 1623 375 1654 tio
392 1621 549 1654 ordienda
573 1626 631 1653 est.
679 1624 792 1662 Quam
805 1621 833 1652 si
852 1627 962 1653 mente
986 1621 1324 1664 comprehendamus,
1349 1619 1492 1658 mirum,
1514 1626 1617 1660 quam
1634 1616 1797 1659 pulcerri-

329 1688 386 1710 ma
406 1679 511 1710 oritur
532 1688 572 1709 ac
592 1678 834 1719 simplicissima
854 1676 1046 1720 disciplina,
1068 1679 1160 1718 cnjus
1184 1688 1202 1709 a
1227 1676 1338 1708 multis
1360 1680 1458 1707 antea
1482 1674 1664 1705 multarum
1685 1673 1797 1705 scien-

328 1735 451 1766 tiarum
478 1732 645 1776 principiis
672 1732 811 1775 petitae,
837 1735 1020 1766 Horatiano
1046 1733 1088 1765 illi
1113 1738 1262 1765 monstro
1281 1731 1482 1775 persimilis„
1500 1740 1587 1763 vana
1613 1727 1796 1772 fingebatur

327 1791 473 1832 species,
499 1794 533 1820 nt
551 1800 613 1821 nec
635 1799 693 1831 pes
717 1800 779 1821 ncc
799 1795 898 1831 caput
924 1790 980 1822 uni
1002 1789 1194 1822 redderetur
1217 1788 1353 1820 formae.
1402 1789 1573 1826 Jainvero,
1597 1790 1634 1817 ut
1653 1787 1797 1817 Prome!

328 1844 394 1877 thei
416 1851 522 1876 statua
534 1870 544 1885 ,
567 1845 677 1878 divino
695 1846 780 1877 vitae
805 1846 875 1887 igne
895 1846 1058 1886 animata,
1082 1844 1302 1888 pulcritudine
1319 1841 1498 1886 conspicua
1517 1847 1550 1874 et
1565 1840 1695 1884 gratiis,
1717 1850 1799 1875 oni-‚⁷

327 1901 421 1934 niun]
444 1906 475 1931 et
498 1900 751 1933 admirationem
772 1907 901 1943 movet,
923 1909 952 1933 ρ’
975 1904 1079 1945 placet
1097 1901 1264 1934 omnihus.

372 1953 542 1998 Imprimis
564 1962 674 1988 autem
696 1967 801 2000 «qnam
827 1957 1037 2000 simplissinia
1063 1957 1219 1990 methodo
1244 1966 1316 1988 sese
1347 1953 1559 1987 commendat
1584 1952 1672 1986 haec·
1690 1952 1796 1994 ratio,-

327 2012 446 2055 quippe
470 2021 554 2054 qnae
587 2013 695 2044 omnis
724 2012 790 2045 fere
821 2013 1066 2056 comparatione
1097 2015 1232 2054 nititur,
1263 2012 1305 2044 ad
1329 2021 1431 2054 quain
1456 2012 1528 2053 ipsa
1551 2014 1671 2043 natura
1696 2006 1799 2052 digito

325 2069 420 2114 quasi
446 2066 535 2101 viam
563 2073 766 2101 monstrasse
795 2068 936 2103 videtur.
989 2070 1284 2113 Quemadmodum
1311 2068 1400 2101 enim
1428 2077 1448 2099 a
1474 2067 1559 2102 vitae
1583 2062 1799 2107 sanitatisque

1730 2130 1796 2157 no:
