1919 2511
289 181 323 203 ια
617 170 797 202 ANTONII
815 169 991 201 HENRICI
1010 178 1077 200 VAN
1097 177 1165 200 DER
1186 169 1303 200 BOON
1325 169 1472 201 MESCH

285 253 371 282 inodo
398 259 522 281 mutatus
544 260 612 284 erat.
652 255 765 290 Aquam
788 260 903 289 autem,
931 261 1001 289 quae
1026 253 1056 282 in
1082 253 1159 282 illam
1186 261 1350 289 campanam
1373 252 1578 288 adscenderat,
1610 260 1683 289 aqua
1707 253 1792 282 calcis

285 303 413 340 tentavi,
436 304 570 340 illamque
594 304 770 340 aliquantum
793 304 900 333 turbari
926 304 1006 341 vidi;
1029 304 1207 333 monstrabat
1236 303 1325 340 igitur
1349 303 1459 332 acidum
1484 302 1686 332 carbonIcum:
1719 304 1795 333 unde

285 363 352 391 ergo
377 361 513 390 apparet,
535 362 593 384 non
620 355 675 384 nisi
702 355 773 384 acris
797 354 970 391 oxygenium
995 354 1039 383 sic
1062 364 1144 391 agere
1168 354 1199 383 in
1226 354 1344 383 extracti
1371 353 1569 388 solutionem,
1597 359 1630 382 ut
1654 353 1726 382 illud
1747 354 1796 382 de-

288 412 433 441 ponatur,
454 412 541 440 atque
566 405 651 434 simul
671 405 843 442 oxygenium
869 408 993 441 arripere
1014 405 1132 435 extracti
1156 404 1343 440 carbonium,
1375 403 1483 440 quippe
1511 405 1590 440 quod
1617 409 1713 432 natum
1738 403 1796 432 aci·

287 456 354 484 dum
385 455 570 484 carbonicum
600 463 752 486 monstrat.
800 455 865 484 Hoc
892 461 985 483 autem
1013 456 1260 492 experimentum,
1286 455 1420 484 nimirum
1450 461 1606 483 extractum
1632 453 1711 482 humi
1733 456 1797 482 aere

287 515 323 535 ex
359 505 504 535 solutione
526 507 651 542 deponi,
670 505 869 535 observatione
896 505 1008 542 egregie
1026 506 1223 534 confirmatur.
1268 506 1342 534 Nam
1362 512 1515 542 postquam
1531 504 1629 541 pluvia
1645 504 1675 534 in
1697 513 1797 534 arvum

288 557 412 591 cecidit,
435 565 524 591 aquae
549 556 579 586 in
603 556 685 593 liris,
708 565 780 593 quae
806 556 961 591 dicuntur,
984 557 1120 585 collectae
1136 562 1292 586 cernuntur
1310 556 1437 584 tunicula
1457 556 1623 590 splendente
1641 554 1793 591 obtectae,

287 616 360 644 quae
383 614 539 636 extractum
566 608 646 637 humi
672 614 716 637 est
737 607 771 636 ab
794 616 867 643 aqua
891 614 1079 644 susceptum,
1110 608 1173 635 ae're
1197 615 1267 636 vero
1290 612 1448 641 mutatum,
1477 605 1555 640 quod
1578 605 1797 641 phaenomenon

288 660 408 687 solertes
435 659 574 694 agricolae
602 659 716 688 laudare
743 660 837 688 solent
859 665 999 694 tamquam
1023 657 1160 687 indicium
1186 657 1343 686 fertilitatis
1367 655 1440 685 arvi.
1489 655 1546 684 Sed
1575 655 1797 685 animadverten-

288 710 354 739 dum
380 717 443 745 est,
465 718 523 739 non
549 718 664 746 semper
694 717 728 738 ex
756 718 789 738 eo
811 717 900 745 posse
921 708 1038 745 probari
1058 716 1191 745 agrorum
1209 707 1401 740 fertilitatem
1422 714 1485 735 nam
1500 705 1632 742 egregie,
1653 712 1685 734 ut
1703 707 1798 741 solet,

292 761 426 789 observat
453 760 633 796 Einhofius‚
656 760 728 789 idem
753 759 899 789 observari
920 759 1002 787 etiam
1025 759 1055 788 in
1076 765 1151 787 terra
1174 758 1233 787 fere
1257 757 1329 787 nihil
1356 756 1454 791 humi,
1477 757 1600 785 multum
1616 764 1686 785 vero
1711 756 1801 793 oxydi

289 811 378 847 ferri,
397 811 583 847 continente3
605 817 673 840 tunc
692 817 785 839 autem
806 810 875 839 haec
892 810 1022 839 tunicula
1042 809 1183 839 formatur
1200 808 1294 846 oxydo
1316 806 1404 844 ferri,
1421 807 1521 844 quod,
1537 805 1622 835 radiis
1641 807 1713 836 solis
1728 816 1797 844 oxy-

290 863 375 899 genio
404 863 531 898 amisso,
555 862 745 890 diversicolor
767 870 854 897 aquae
877 867 1042 897 supernatat
1063 866 1102 900 (Ι
1118 863 1149 898 ),.

331 913 498 941 Extractuin
515 920 606 942 autem
626 913 667 941 εἰς
683 913 826 950 oxygonio
840 921 855 940 e
873 912 1019 940 solutione
1034 912 1198 948 depositum
1219 920 1278 941 non
1295 919 1394 940 rursus
1415 919 1488 947 aqua
1504 909 1646 945 solvitur,
1664 909 1803 938 alcalibus

292 973 362 992 vero
380 964 453 993 solvi
477 970 595 1000 potest,
620 971 646 992 et
672 972 748 993 nunc
766 963 885 991 maxime
902 963 1037 992 convenit
1059 971 1123 991 cum
1140 964 1227 992 altera
1241 963 1320 991 humi
1337 968 1437 998 parte,
1459 961 1493 989 de
1513 969 1568 996 qua
1587 968 1655 988 mox
1674 968 1802 997 agemus·

293 1016 369 1044 Cum
389 1015 456 1043 haec
474 1015 559 1052 hujus
581 1014 697 1043 extracti
718 1014 827 1043 solutio
844 1015 920 1041 lente
937 1014 1133 1050 decoquatur,
1149 1014 1260 1042 tandem
1279 1012 1350 1041 illud
1366 1011 1473 1040 siccum
1494 1009 1544 1046 fit,
1567 1011 1718 1046 peculiaris
1733 1009 1805 1040 odo-

293 1065 356 1101 ris,
378 1065 488 1100 saporis
504 1065 688 1101 aliquomodo
711 1065 815 1100 amari,
836 1072 889 1092 nec
912 1070 1004 1092 tamen
1026 1064 1150 1100 ingrati,
1172 1062 1247 1091 fusci
1262 1061 1390 1096 coloris,
1412 1061 1492 1096 quod
1509 1068 1586 1090 nunc
1603 1061 1691 1097 alias,
1716 1068 1802 1097 quam

291 1122 393 1151 antea,
417 1122 555 1144 monstrat
573 1115 773 1152 proprietates.
813 1114 888 1143 Nam
907 1123 971 1143 cum
989 1120 1069 1143 antea
1086 1120 1177 1142 totum
1195 1113 1229 1142 ab
1249 1121 1323 1149 aqua
1339 1111 1534 1148 susciperetur
1547 1131 1558 1147 ‚
1578 1120 1656 1140 nunc
1676 1118 1806 1142 tantum·

291 1166 377 1194 modo
416 1175 468 1202 pro
497 1174 576 1202 parte
609 1168 641 1195 ea
667 1166 812 1200 solvitur,
842 1166 920 1200 quod
953 1164 1154 1200 experimentis
1177 1164 1297 1191 edoctus
1330 1163 1460 1197 affirmo,
1486 1170 1551 1190 cum
1581 1162 1704 1190 Kortius
1734 1166 1801 1200 (2)

290 1223 393 1245 contra
418 1217 567 1246 Cromium
593 1220 659 1255 (3)
689 1215 814 1250 scribit,
845 1215 918 1244 illud
941 1222 1033 1244 totum
1061 1221 1092 1243 ut
1121 1221 1200 1243 antea
1225 1222 1298 1248 aqua
1320 1220 1383 1240 esse
1410 1211 1546 1240 solubile.
1586 1211 1693 1240 Eadem
1714 1211 1801 1250 hujus

289 1267 481 1303 phaenomeni
511 1276 612 1296 caussa
647 1273 708 1302 est,
740 1274 823 1302 quam
854 1275 903 1301 ea,
934 1268 1016 1304 cujus
1045 1264 1280 1300 moxlrationern
1309 1263 1394 1299 dedi;
1425 1269 1510 1298 atque
1534 1262 1619 1299 hujus
1648 1262 1730 1291 etiam
1759 1262 1803 1293 in·

290 1325 334 1346 ter
359 1318 554 1346 decoctionem
578 1317 649 1346 aeris
669 1317 781 1346 actione
800 1317 929 1345 tunicula
951 1317 1099 1351 nascitur,
1129 1324 1220 1351 quae,
1249 1315 1371 1342 humore
1389 1321 1555 1348 concusso,
1576 1312 1695 1341 fundum
1716 1313 1802 1349 petit.

329 1357 446 1398 P'arvam
475 1368 672 1397 tantummodo
698 1368 785 1406 hujus
809 1368 927 1396 extracti
948 1374 1057 1404 partem
1086 1367 1115 1395 in
1137 1375 1168 1395 se
1193 1365 1316 1401 suscipit
1347 1363 1466 1400 spiritus
1497 1363 1576 1400 vini3
1606 1363 1684 1392 illius
1707 1371 1800 1393 autem

291 1420 399 1456 partis,
422 1427 494 1455 quae
514 1428 574 1448 non
601 1419 635 1446 ab
661 1427 694 1446 eo
717 1419 862 1455 solvitur,
885 1421 967 1448 color
991 1425 1116 1447 mutatur
1143 1423 1171 1445 et
1199 1416 1301 1445 flavior
1329 1415 1387 1451 fit,
1415 1421 1443 1443 et
1472 1413 1532 1442 fere
1561 1414 1653 1442 omnis
1673 1414 1707 1442 ab
1728 1424 1802 1451 aqua

292 1471 460 1507 suscipitur.
504 1469 588 1497 Hanc
611 1469 786 1498 solutionem
812 1470 883 1499 vidit
905 1469 1063 1499 Einhofius
1086 1467 1195 1497 sulfate
1216 1465 1370 1502 aluminis,
1398 1466 1491 1493 calore
1512 1471 1624 1500 aucte,
1650 1465 1803 1495 solutioni-

290 1523 346 1550 bus
369 1529 439 1550 vcro
468 1520 561 1548 stanni
588 1519 648 1548 sine
676 1522 771 1549 calore
791 1528 875 1549 aucto
900 1520 1028 1556 turbarig,
1049 1519 1209 1548 chloricum
1232 1527 1290 1546 eam
1315 1525 1375 1546 non
1400 1521 1502 1545 mutat.
1543 1516 1617 1543 Illud
1636 1522 1726 1544 autem
1754 1524 1802 1545 ex-

292 1579 414 1600 tractum
442 1571 520 1607 quod
545 1571 665 1606 spiritus
687 1571 747 1600 vini
773 1573 880 1607 solvit,
903 1571 1094 1599 destillatione
1114 1569 1236 1606 spiritus
1251 1568 1324 1597 facta
1337 1588 1348 1603 ‚
1370 1566 1481 1603 saporis
1495 1566 1579 1594 amari
1596 1573 1658 1601 est,
1679 1573 1708 1595 et
1726 1568 1801 1603 aqua

292 1622 438 1657 solvitur3
470 1630 484 1649 e
507 1630 562 1657 qua
585 1623 731 1650 solutione
753 1623 903 1658 cinei-ico,
925 1621 1030 1650 suisne
1052 1620 1184 1650 aluminis
1208 1627 1236 1648 et
1258 1617 1480 1655 hydrochlorate
1501 1616 1595 1645 stanni
1622 1617 1682 1646 sine
1705 1619 1800 1646 calore

295 1673 462 1709 deponitur.
502 1672 587 1700 Nihil
614 1681 683 1700 vero
710 1673 795 1709 hujus
817 1673 937 1709 suscipit
961 1674 1056 1701 aether
1077 1671 1247 1700 sulfuricus.
1287 1671 1434 1698 Praeterea
1449 1667 1478 1696 in
1498 1668 1561 1695 aere
1577 1667 1724 1696 humidum
1745 1668 1798 1704 fit,

293 1725 475 1758 multumque
499 1721 610 1750 imbibit
632 1722 739 1758 aquae,
763 1732 845 1758 quam
871 1723 1072 1759 proprietatem
1097 1722 1210 1750 minime
1234 1725 1375 1748 monstrat
1396 1717 1485 1752 illud,
1518 1718 1595 1752 quod
1619 1718 1722 1754 spiritu
1741 1719 1799 1747 vini

291 1783 351 1804 non
376 1775 502 1802 solutum
527 1779 585 1807 est,
609 1779 694 1807 atque
718 1780 785 1808 post
806 1773 917 1808 aliquot
937 1774 997 1801 dies
1023 1773 1116 1801 omnia
1138 1770 1211 1800 acidi
1230 1769 1359 1799 contenti
1377 1774 1518 1797 monstrat
1536 1767 1657 1802 indicia,
1679 1776 1706 1796 et
1723 1769 1801 1799 dein·

294 1825 327 1853 cle
350 1825 411 1861 ejus
434 1824 506 1851 odor
529 1823 656 1859 ingratus
682 1829 709 1851 et
735 1824 866 1859 putridus
891 1824 940 1860 fit3
965 1824 1075 1851 exhalat
1098 1822 1181 1851 etiam
1200 1829 1324 1857 vapores
1334 1819 1512 1851 ammoniae,
1534 1817 1558 1846 si
1577 1826 1642 1846 cum
1663 1820 1740 1849 calce
1755 1820 1800 1849 vi-

1768 1871 1805 1899 va

327 1961 395 1996 (1)
414 1961 475 1988 vid.
494 1961 597 1988 Eiuhof
618 1963 644 1987 in
669 1961 852 1988 llen'nbstadt's
879 1963 986 1988 Archiv.
1005 1961 1056 1988 1⁴1.
1081 1968 1139 1993 pag.
1156 1967 1208 1996 344
1227 1966 1253 1986 et
1279 1967 1353 1992 seqq.
1377 1964 1402 1984 et
1431 1957 1456 1983 in
1480 1956 1586 1993 Journal
1614 1965 1666 1985 von
1700 1957 1799 1984 Gehleu

294 2011 326 2036 B.
342 2010 388 2035 VI.
407 2016 462 2040 pag.
477 2014 534 2040 377·

327 2055 364 2090 (2
379 2053 392 2087 )
411 2054 470 2079 Vid.
490 2055 571 2079 Korte
589 2055 609 2081 l.
627 2055 645 2080 1.

329 2100 391 2135 (3)
412 2100 468 2125 Vid-
487 2102 585 2126 Crome
604 2102 622 2126 l.
640 2101 659 2126 l.
