1919 2511
284 157 320 178 m
560 147 846 185 JOANNIS
907 145 1218 178 HERMANI
1279 148 1502 178 KROON

607 230 661 259 cui
675 230 795 269 Jupiter
812 239 939 261 caussam
960 229 1033 260 hanc
1051 231 1167 268 roganti
1186 229 1313 259 reddidit
1328 239 1341 259 .-

639 282 687 310 Ne
706 284 898 311 existimemur
909 282 1015 318 fructu
1035 282 1163 310 honorem
1182 281 1314 312 vendere.

599 331 626 359 Τ
624 341 669 360 um
690 333 804 361 Pallas:
824 332 866 361 Ac
885 340 930 361 vos
943 331 1038 368 facite
1057 332 1133 369 quod
1149 332 1223 362 vobis
1243 333 1344 362 lubet:

640 382 705 420 Ego
716 402 726 417 ‚
745 384 839 420 inquit
851 403 861 418 ‚
882 383 970 412 oleam
982 382 1136 418 fructuum
1156 394 1255 414 caussa
1275 385 1346 422 lego.

601 433 791 463 Exosculatus
804 432 898 468 filiam
919 440 979 462 tum
996 433 1139 472 Jupiter:

643 484 672 512 Ο
689 491 761 513 nata
778 483 874 520 dixit,
888 484 959 520 jure
978 486 1089 522 sapiens
1108 487 1235 515 omnibus

597 536 702 565 Dicere
720 537 837 565 saeclis:
848 536 920 574 jure
939 543 971 566 tu
990 538 1094 575 capitis
1112 539 1167 566 mei

644 587 792 625 Propagc),
812 596 879 616 nam
899 589 974 625 quod
983 589 1135 626 facimus,
1155 590 1190 619 id
1207 592 1263 619 m‘si
1282 591 1351 619 utile
1371 598 1432 627 cst,

600 638 698 667 Stulta
718 641 824 675 omm's,
845 646 931 678 atque
949 642 1046 670 inanis
1065 640 1131 670 inde
1150 648 1190 670 est
1206 642 1316 679 gloria.

316 686 437 725 Jupiter
463 693 489 716 et
507 688 656 719 Minerva.
697 690 806 727 Negari
823 691 940 720 omnino
962 693 1084 729 nequit,
1114 693 1198 730 hujus
1225 692 1337 721 fabulae
1354 699 1499 722 auctorem
1520 693 1651 730 ignorare
1668 703 1727 724 non
1743 703 1800 732 po-

283 738 374 766 tuisse
403 739 521 768 Phaedri
547 739 671 770 fabulam
697 750 823 778 prorsus>
844 742 964 771 similem
993 744 1063 774 Lib.
1093 744 1145 772 111.
1177 743 1240 772 fab.
1268 753 1315 779 17.
1345 745 1426 781 cujus
1458 744 1545 773 verba
1566 751 1596 773 et
1626 752 1799 774 structuram·

284 794 392 816 tantum
420 790 558 826 mutavit,
580 791 619 820 ita
650 799 742 821 tamen
760 799 792 821 ut
813 794 967 830 plagiarius
987 793 1101 824 nonsit
1118 794 1275 831 dicendus,
1297 802 1361 823 cum
1380 794 1408 823 in
1426 793 1530 823 fabul-is
1550 794 1669 824 aliorum
1686 795 1800 825 imitan-

285 840 329 868 dis
347 842 434 877 paulo
457 843 578 879 amplior
595 843 714 873 libertas
734 846 854 874 concedi
876 847 979 877 soleat.

325 891 429 919 Pinum
454 892 565 921 humidi
587 911 622 917 —
643 895 711 925 sali.
753 895 841 933 Apud
865 897 1021 927 Phaedrum
1045 906 1089 928 est
1111 899 1201 928 Pinus
1221 898 1353 936 Cybebae.
1389 897 1459 928 Nic.
1479 897 1616 926 Perottus
1628 905 1715 932 vero,
1746 895 1794 933 qui

287 941 407 970 Phaedri
432 943 555 973 fabulam
578 954 632 982 pro
655 955 706 975 sua
731 948 795 976 orbi
810 950 922 978 erudito
944 950 1128 986 obtruserat,
1149 956 1267 979 notante
1286 949 1406 979 Heinsio
1426 949 1460 978 ad
1476 949 1652 983 Phaedrum,
1673 947 1801 977 ediderat

289 993 375 1020 Pinus
392 993 551 1031 Neptuno,
568 996 629 1025 sive
650 999 729 1033 quod
750 999 792 1027 sic
813 1001 959 1036 legeretur
980 1000 1009 1030 in
1033 1002 1153 1036 antiquo
1173 1000 1267 1036 libre,
1289 1000 1351 1029 sive
1378 1001 1456 1035 quod
1471 1008 1530 1029 non
1544 999 1715 1036 intelligeret
1729 998 1799 1035 quid

288 1042 344 1071 sibi
368 1046 455 1074 vellet
477 1046 549 1075 illud
572 1047 707 1084 Cybebae,
728 1049 790 1078 sive
812 1051 925 1079 demum
956 1052 1035 1087 quod
1060 1052 1169 1080 videret
1192 1051 1326 1086 Cybelae,
1349 1057 1380 1078 ut
1400 1050 1481 1079 etiam
1504 1050 1533 1079 in
1555 1050 1649 1080 Codd.
1675 1049 1799 1087 legitur,

287 1100 378 1123 metro
403 1104 461 1125 non
496 1098 662 1128 convenire.
701 1100 820 1129 Primam
846 1110 958 1130 causam
982 1102 1144 1138 suspicatur
1168 1101 1283 1130 Gudius
1308 1101 1338 1130 in
1360 1101 1439 1131 notis
1464 1101 1498 1130 ad
1520 1100 1663 1137 Pliaedr.,
1686 1101 1737 1138 qui
1765 1101 1801 1131 de

287 1143 406 1174 Perotto
435 1154 463 1176 et
485 1147 593 1177 Faerno
620 1156 722 1178 nostro
752 1151 794 1180 sic
817 1152 965 1188 loquitur:
1014 1173 1032 1188 ‚,
1053 1153 1099 1181 Illi
1129 1161 1193 1181 cum
1218 1152 1337 1180 Phaedri
1362 1152 1416 1181 hos
1442 1159 1543 1181 versus
1570 1161 1624 1189 pro
1644 1152 1705 1181 suis
1729 1160 1800 1182 ven·

290 1214 309 1230 ‚,
329 1195 472 1232 ditarent,
500 1206 594 1234 neque
623 1199 816 1237 intelligerent
837 1202 909 1232 illud
933 1203 1035 1240 Cybebe
1050 1224 1060 1239 ‚
1099 1204 1291 1232 attribuerunt
1318 1201 1474 1240 Neptuno.
1519 1203 1620 1240 Itaque
1645 1204 1798 1233 Perottus:

291 1266 309 1281 ,‚
329 1248 415 1276 Pinus
435 1249 588 1288 Neptuno,
599 1253 720 1290 populus
739 1261 794 1284 cet.
815 1254 939 1285 Faernus
960 1264 1047 1291 vero,
1070 1264 1129 1284 non
1146 1262 1201 1284 tam
1219 1254 1401 1291 impudenter
1419 1255 1550 1284 furatus:
1572 1257 1673 1283 Pinum
1688 1254 1800 1284 humidi

288 1317 308 1333 ,‚
327 1298 494 1336 tridenttfer
512 1300 619 1330 Rector
634 1304 710 1340 sali,
739 1305 850 1335 scilicet
869 1306 990 1344 arripuit
1014 1308 1155 1343 glossema
1179 1307 1250 1336 illud
1273 1305 1444 1345 Neptuno.’'
1484 1306 1555 1335 Pace
1575 1313 1669 1336 tamen
1703 1306 1799 1343 magni

287 1348 341 1377 viri
375 1358 433 1379 non
459 1352 602 1387 glossema
626 1353 719 1390 illudo,
748 1357 798 1385 sed
828 1358 983 1393 elegantem
1011 1360 1192 1396 periphrasin
1225 1360 1366 1397 poetIcam
1400 1361 1583 1397 appellarem.
1624 1359 1801 1396 Tridentifier

287 1398 443 1435 Neptunus
469 1402 573 1432 dicitur
595 1405 629 1433 ad
654 1408 815 1443 exemplum
846 1408 936 1438 Ovid.
961 1409 1083 1440 Metam.
1109 1410 1182 1440 Lib.
1201 1412 1273 1441 vlu
1291 1420 1336 1441 vs.
1354 1419 1425 1450 595.
1447 1412 1524 1448 apud
1547 1419 1630 1447 quem
1646 1417 1674 1439 et
1690 1410 1802 1439 triden-

287 1452 362 1487 tiger
381 1458 423 1479 est
442 1450 511 1481 Lib.
527 1454 568 1483 XI
592 1463 635 1484 vs.
654 1464 723 1486 202.

325 1502 447 1531 Tamum
461 1503 679 1540 fructuosarum
700 1510 847 1541 arborum.
888 1512 942 1540 Pro
970 1518 1009 1541 tot
1033 1512 1200 1549 fructuosas
1226 1511 1356 1544 arbores.
1414 1511 1454 1541 Et
1473 1511 1666 1547 Atticismus,
1686 1509 1803 1548 optimis

289 1553 480 1590 scriptoribus
502 1556 617 1588 usitata.
658 1559 706 1588 Sic
725 1561 837 1591 Catull.
853 1570 878 1591 c.
899 1563 970 1593 X111
1000 1584 1018 1600 ‚‚
1033 1566 1208 1601 quitantiam
1230 1564 1284 1592 tibi
1301 1565 1378 1593 misit
1393 1565 1542 1603 impiorum
1560 1564 1595 1599 ,”
1617 1571 1672 1600 pro
1689 1569 1730 1592 tot
1748 1571 1792 1591 res

288 1605 401 1642 impias.
435 1606 584 1641 „Tantum
608 1610 727 1640 hostiam
746 1615 828 1642 intra
850 1623 944 1644 muros
956 1615 990 1650 ‚²⁹
1011 1615 1117 1645 Livius
1141 1615 1214 1644 Lib.
1231 1615 1284 1645 ΙΙΙ.
1302 1624 1365 1652 cap.
1386 1622 1433 1652 17.
1464 1614 1617 1652 „Tantum
1639 1611 1797 1642 virorum’'

289 1655 359 1684 Aul.
381 1655 460 1685 Gen.
486 1657 527 1687 N.
550 1659 591 1689 A.
612 1660 681 1691 Lib.
706 1662 802 1693 XVH.
832 1673 897 1701 cap.
920 1675 965 1696 10.
1006 1667 1142 1696 Similiter
1164 1666 1268 1695 etiam:

607 1710 750 1747 Quantum
771 1720 809 1742 est
829 1715 970 1744 hominum
985 1718 1194 1746 venustioram.

289 1758 365 1794 apud
384 1757 492 1788 Catull.
515 1761 614 1791 c.111.
637 1771 683 1791 vs.
703 1773 734 1793 2.
757 1771 785 1793 et
804 1774 892 1795 carm.
911 1767 964 1797 lx.
986 1775 1032 1796 vs».
1053 1776 1105 1796 10:

608 1811 633 1840 Ο
652 1820 790 1850 quantum
810 1822 849 1844 est
868 1816 1010 1846 homimum
1032 1818 1212 1856 beatiorum,

644 1864 723 1902 Quid
739 1875 781 1894 me
800 1867 903 1897 laetius
925 1875 968 1898 cst
985 1869 1144 1900 beatiusvel

327 1911 423 1942 Hanc.
465 1911 514 1941 Sic
541 1913 659 1943 omnino
687 1917 854 1953 legendum..
889 1920 958 1950 Sine
981 1920 1069 1950 dubio
1094 1920 1168 1950 enim
1197 1929 1347 1958 operarum
1375 1920 1447 1951 viti'o
1466 1920 1497 1950 in
1517 1919 1640 1950 editione
1659 1927 1714 1956 qua
1731 1927 1806 1948 usus⁴

290 1969 353 1990 sum
370 1961 424 1990 hac
444 1963 606 1999 repositum
623 1973 680 1996 est.

327 2013 369 2042 At
393 2021 439 2042 vos
455 2014 549 2050 facite
568 2022 625 2046 cet.
666 2018 798 2056 Elegans·
810 2028 853 2050 est
873 2030 943 2052 usus
961 2024 1117 2060 particulae
1138 2031 1170 2054 at
1189 2024 1273 2054 initio
1291 2023 1429 2054 orationis
1449 2032 1514 2052 cum
1533 2023 1650 2060 quadam
1668 2022 1796 2059 increpa-

289 2064 367 2092 tione
386 2071 415 2093 et
432 2066 638 2099 admonitione.
680 2068 750 2100 Vid.
769 2072 868 2102 Burm.
886 2074 920 2102 ad
937 2074 1027 2112 Prop.
1045 2076 1115 2106 Lib.
1132 2077 1159 2106 Ι.
1178 2078 1252 2113 eleg.
1271 2084 1323 2108 20.
1345 2083 1374 2104 et
1390 2076 1425 2105 ad
1443 2075 1565 2105 Anthol.
1582 2075 1664 2105 Poet.
1684 2081 1756 2104 tom.
1769 2081 1803 2103 2..

290 2124 357 2153 pag.
376 2125 445 2154 555.
469 2124 499 2147 et
518 2118 622 2150 Heius.
640 2121 675 2150 ad
692 2121 787 2152 Ovid..
803 2124 889 2160 epist.
904 2126 973 2156 XII.
991 2127 1058 2157 init.
1078 2134 1106 2156 et
1124 2128 1165 2156 ad·
1178 2129 1281 2157 Amor.
1303 2126 1377 2157 Lib.
1397 2127 1454 2156 111.
1476 2127 1550 2163 eleg.
1569 2133 1598 2163 7·
1627 2133 1674 2155 vs·
1694 2132 1723 2155 1·

1731 2173 1753 2204 F
1762 2173 1803 2204 A·
