1919 2511
526 166 1499 263 PROGRAMMA

697 355 1007 389 CERTAMINIS
1050 355 1333 396 LITERARII,

990 485 1019 518 A

411 617 597 651 RECTORE
628 629 667 651 m·
701 618 859 651 SENATU
889 616 1127 650 ACADEMIAE
1155 615 1597 656 LUGDUNo-BATAVAE,

686 759 716 781 D·
768 761 841 783 VIII.
886 758 1046 781 MENSIS
1090 757 1325 781 FEBRUARH

823 861 863 891 A.
907 867 1205 898 cloxocccxxv,

872 988 1169 1021 lNDICTL

267 1227 426 1301 Rector
445 1277 476 1300 et
501 1267 625 1300 Senatus
651 1267 833 1300 Academiae
856 1265 1184 1309 Lugduno-Batavae,
1211 1275 1248 1297 ex
1271 1264 1486 1307 Augustissimi
1508 1263 1604 1307 Regis
1622 1264 1738 1298 Edicto

268 1327 298 1358 d.
327 1337 345 1357 2
364 1326 474 1356 mensis
499 1325 630 1367 Augusti
658 1324 698 1356 A.
730 1332 991 1356 e1010cccxv.
1026 1321 1084 1354 N0.
1120 1333 1169 1362 14.
1205 1331 1310 1354 omnes
1340 1321 1570 1353 Academiarum
1603 1322 1740 1364 Belgica-

267 1392 332 1413 rum
356 1382 448 1413 Cives
469 1390 500 1411 et
520 1382 745 1412 Athenaeorum
772 1380 911 1411 alumnos
934 1380 964 1409 in
988 1388 1096 1409 annum
1126 1387 1300 1419 sequentem
1333 1378 1371 1408 ad
1397 1387 1547 1408 certamen
1573 1378 1737 1409 literarium

265 1440 388 1470 invitant
424 1447 453 1469 et
482 1445 633 1475 evocant,
666 1445 698 1467 et
725 1437 898 1477 propositas
921 1445 939 1466 a
967 1434 1094 1475 singulis
1123 1433 1290 1466 Ordinibus
1326 1434 1519 1466 AcademiciS
1546 1435 1737 1475 quaestiones

267 1494 450 1536 promulgari
473 1494 592 1536 jubent.

603 1620 755 1651 ORDO
792 1618 1393 1652 JURISCONSULTORUM,

315 1741 564 1783 Quandoquidem
584 1740 670 1781 apud
688 1738 811 1771 Veteres
838 1738 1011 1779 Scriptores
1036 1738 1213 1776 Romanos,
1246 1739 1279 1770 in
1293 1738 1409 1779 primis
1430 1737 1517 1778 apud
1537 1737 1733 1775 Ciceronem,

268 1797 427 1833 Plinium,
454 1795 606 1832 Gellium,
632 1796 799 1835 complures
825 1802 1011 1826 tractantur
1034 1795 1223 1836 quaestiones
1252 1794 1288 1825 de
1303 1794 1389 1835 sare
1417 1794 1535 1832 Civili,
1560 1803 1638 1835 quae
1667 1803 1735 1824 cum

269 1852 467 1894 Fragmenas
490 1851 634 1882 Veterum
649 1850 806 1892 JCtorunz
824 1859 854 1882 et
873 1850 973 1892 Impp.
993 1851 1269 1883 Constitutionibus
1290 1857 1507 1892 comparatae,
1524 1850 1621 1892 Juris
1639 1851 1733 1882 scien·

271 1911 334 1941 tiae
357 1907 594 1949 amplificandae
615 1908 765 1939 inservire
787 1908 926 1948 possint,
950 1916 1042 1949 rogat
1065 1907 1234 1945 Facuhas,
1260 1914 1296 1938 ut
1317 1906 1378 1938 leae
1403 1908 1610 1949 quaestiones,
1635 1917 1735 1948 quan-

271 1974 335 1996 tum
352 1965 396 1995 acl
416 1963 544 2004 Scripta
562 1963 652 1993 Plinii
667 1963 798 2003 Junioris
821 1964 955 2003 attinet,
981 1973 1128 1997 accurate
1150 1965 1357 2007 colligantur,
1382 1965 1487 1997 ordine
1511 1964 1735 2006 disponantur,

272 2029 300 2053 et
329 2021 477 2052 succincte
508 2020 719 2052 illustrentur.

1632 2115 1733 2158 Quae·
