1919 2511
333 165 350 192 6
613 146 899 198 JOANNIS
957 157 1549 194 HERMAN1KRO0N

369 244 430 282 Jam
456 243 481 273 si
507 243 590 272 hisce
613 242 729 273 duobus
759 241 935 272 carminibus
963 249 1112 278 compares
1130 242 1188 271 duo
1205 242 1468 284 earmina-ejusdem
1487 253 1608 284 prorsus
1632 245 1791 282 argumenti
1814 253 1843 275 et

334 297 442 326 coloris
464 295 651 325 illustrissimi
665 301 771 335 poetae
789 294 851 324 itali
879 293 925 325 M.
940 295 1012 324 Ant.
1032 294 1163 323 Flaminii
1188 294 1254 323 Lib.
1270 296 1320 327 Ill.
1340 298 1440 328 Car-m.
1466 307 1514 335 17.
1537 297 1611 326 haud
1632 297 1694 327 scio
1706 305 1743 326 an
1758 297 1844 327 Fa‘e‘r·

333 353 401 379 ‘num
422 348 499 378 omni
521 343 615 385 plagii
626 339 771 375 'calumnia
792 346 913 375 liberes.
954 345 1070 374 Habent
1090 352 1183 374 autem
1204 347 1245 376 illi
1265 349 1346 378 lusus
1366 359 1397 379 se
1418 350 1576 389 eJ'usmodi:

651 399 720 428 Cum
740 399 845 427 Boreas
864 397 938 427 laeto
956 397 1058 427 silvam
1080 397 1210 436 spoliavit
1230 399 1350 434 honore,

686 450 806 488 Squalet
825 457 919 487 ager,
939 450 1029 477 mixto
1048 449 1102 476 nix
1113 447 1195 484 jacet
1212 449 1278 477 alta
1293 451 1373 488 gelu.

652 500 721 529 Non
741 499 845 538 liquidi
863 506 988 529 currum:
1007 508 1102 528 amnes
1113 508 1126 528 .·
1144 505 1203 528 stat
1222 500 1340 531 nubebus
1359 504 1410 532 ae‘r

682 550 846 587 Obscurus,
866 551 1011 580 volucrum
1027 549 1156 587 garrula
1175 551 1263 581 turba
1281 553 1344 583 silet
1350 564 1362 590 ‚-

648 604 673 633 T
671 605 717 634 ale
728 604 808 641 facis
827 613 897 641 ver,
917 613 1013 640 cara,
1033 610 1102 639 tuo,
1123 602 1291 641 Ligurino,
1312 613 1438 640 recessu,

687 656 724 685 Te
742 658 800 685 sine
812 655 990 693 fhrmosum,
1008 661 1038 684 te
1056 655 1115 684 sine
1133 653 1214 683 dulce
1232 654 1319 685 nihil.

639 757 709 788 Cum
729 766 779 787 rer
794 764 973 796 purpureum
993 755 1082 795 tepidi
1092 754 1162 793 fert
1183 764 1261 784 aura
1283 754 1415 792 Favoni,

686 809 822 838 Ornatur
840 810 932 838 variis
947 807 1066 845 floribus
1085 808 1178 837 almus
1197 817 1279 846 ager.

646 860 797 890 Formosae
817 859 913 889 rident
931 860 1035 894 silvae,
1056 866 1122 889 sunt
1141 859 1235 888 omnia
1255 859 1333 887 laeta

674 911 716 939 Et
735 918 823 940 cantu
842 912 990 941 volucram
1011 910 1110 954 dulcia
1128 921 1204 940 rura
1223 917 1335 940 sonant.

633 962 676 992 Ac
697 964 768 992 mihi
789 964 883 992 tristis
905 964 992 992 hiems
1006 963 1163 1000 formosior
1182 969 1209 992 et
1228 961 1299 990 mihi
1318 970 1383 991 vere

684 1014 805 1043 Laetior
824 1013 975 1049 adveniet,
994 1017 1019 1043 si
1030 1037 1040 1049 ,
1062 1025 1124 1044 mm
1143 1014 1264 1051 Lygdo,
1285 1013 1372 1042 redis.

354 1068 415 1103 Jam
442 1067 529 1103 igitur
549 1065 572 1094 si
600 1065 741 1102 ejusmodi
761 1065 935 1094 imitationes
953 1074 968 1094 a
986 1066 1099 1094 nemine
1114 1072 1287 1101 carpuntur,
1311 1064 1400 1092 audax
1420 1062 1534 1091 minime
1555 1062 1619 1098 quis
1638 1063 1785 1098 Videatur,
1808 1062 1832 1090 si

320 1118 485 1147 Gabrielem
515 1117 675 1152 Falernum,
699 1117 776 1151 quod
794 1116 908 1152 quidem
929 1117 965 1145 ad
983 1117 1141 1146 Phaedrum
1157 1115 1279 1150 attinet,
1301 1114 1387 1151 plagii
1405 1114 1523 1142 crimine
1542 1114 1746 1142 absolvendum
1766 1121 1834 1149 pro-

318 1168 431 1197 nuntiet
457 1175 551 1195 corum
578 1166 675 1201 aequis
698 1166 866 1203 judicibus,
889 1167 1055 1203 praesertim
1082 1167 1161 1202 quod
1178 1175 1206 1195 in
1223 1167 1280 1194 hoc
1300 1174 1403 1202 genere
1423 1166 1513 1202 major
1534 1164 1616 1194 etiam
1633 1163 1749 1193 libertas
1765 1172 1835 1193 con·

318 1218 380 1247 cedi
406 1219 492 1246 solet.
538 1216 579 1244 Et
603 1225 671 1246 sane
699 1218 806 1246 nullam
827 1218 908 1246 aliam
937 1226 1050 1247 causam
1084 1218 1219 1247 habuisse
1249 1217 1391 1247 Thuanus
1416 1216 1551 1252 videtur,
1583 1215 1619 1244 ob
1645 1223 1728 1251 quam
1751 1215 1834 1244 Faer-

320 1278 387 1298 num
415 1268 501 1297 istius
521 1268 609 1304 plagii
633 1265 810 1304 accusaret,>
836 1277 920 1305 quam
950 1270 1029 1305 quod
1054 1269 1222 1299 incredibile
1246 1274 1383 1305 putaret,
1413 1277 1428 1296 e
1456 1266 1664 1296 recentioribus
1686 1266 1831 1301 aliquem,

322 1321 383 1349 siue
411 1319 499 1356 plagii
525 1318 711 1355 suspicione,
733 1328 833 1356 puram
850 1319 927 1348 illam
953 1326 982 1349 et
999 1321 1154 1357 elegantem
1173 1325 1302 1348 veterum
1319 1318 1474 1347 dictionem
1491 1318 1630 1354 attingere
1647 1324 1733 1354 posse
1751 1316 1830 1353 (a).

360 1370 461 1399 Restat
488 1369 575 1406 igitur
596 1377 628 1398 ut
652 1370 820 1406 indagentur
845 1369 960 1406 fontes,
982 1371 1057 1400 unde
1079 1370 1192 1399 fabulas
1219 1379 1284 1399 suas
1303 1370 1429 1398 hauserit
1445 1370 1591 1406 Faernus,
1615 1375 1647 1397 ut
1669 1367 1782 1397 scilicet
1806 1373 1833 1395 et

321 1422 387 1450 hinc
414 1427 565 1458 appareat,
587 1420 703 1457 dignum
731 1414 811 1449 illum
838 1429 920 1457 esse,
954 1430 1036 1457 quem
1065 1422 1095 1452 in
1121 1430 1242 1451 numero
1263 1422 1411 1458 poetarum
1433 1427 1586 1457 putemus,
1618 1419 1687 1455 qui,
1716 1418 1832 1455 ingenio

322 1481 388 1502 vere
412 1471 527 1508 poetico
555 1470 670 1506 ornati,
693 1470 803 1499 liberali
831 1470 990 1499 imitatione
1007 1471 1128 1500 aliorum
1151 1472 1305 1502 sententias
1330 1474 1419 1508 palam
1443 1479 1471 1500 et
1498 1480 1592 1500 coram
1615 1469 1741 1499 omnium
1763 1477 1835 1497 con-

319 1530 418 1558 spectu
442 1523 470 1550 in
497 1530 567 1550 suos
587 1530 656 1550 usus
678 1528 873 1558 convertunt,
894 1521 1158 1560 circumscribunt,
1182 1531 1286 1561 augent
1305 1531 1333 1553 et
1354 1531 1502 1554 exornant.
1543 1523 1641 1558 Atque
1655 1522 1707 1550 hae
1724 1521 1754 1550 in
1767 1528 1835 1550 cau·

322 1583 351 1602 sa
372 1572 445 1602 vires
465 1579 577 1601 nostras
599 1572 789 1608 experiamur.

358 1624 400 1653 Ut
424 1630 516 1652 autem
538 1622 637 1651 ordine
663 1631 799 1660 agamus,
821 1623 915 1660 primo
937 1624 1113 1660 videndum,
1144 1634 1178 1654 an
1203 1634 1217 1653 e
1244 1626 1388 1655 veteribus
1412 1626 1548 1655 Romanis
1563 1645 1573 1660 2
1605 1630 1715 1660 praeter
1742 1621 1830 1650 Phae-

320 1678 421 1710 drum,
449 1675 521 1703 alius
548 1683 610 1703 esse
635 1675 783 1711 potuerit,
812 1677 897 1713 cujus
921 1675 1032 1705 fabulas
1052 1685 1106 1712 pro
1133 1677 1194 1706 suis
1220 1678 1333 1706 dedisse
1359 1683 1408 1706 aut
1431 1675 1575 1705 serviliter
1602 1674 1742 1702 imitatum
1769 1681 1831 1701 csse

317 1728 457 1756 Fan-num
484 1727 530 1754 vel
554 1726 610 1754 levi
641 1726 807 1762 suspicione
834 1726 964 1755 arbitrari
990 1725 1054 1761 quis
1079 1727 1195 1764 possit3
1229 1737 1283 1763 qua
1313 1728 1342 1756 in
1369 1736 1398 1755 re
1425 1727 1448 1755 e?
1469 1727 1568 1754 ducem
1590 1733 1742 1760 sequamur
1763 1723 1828 1759 Joa.

317 1781 388 1809 Alb.
412 1779 571 1808 Fabricium
585 1799 595 1814 ,
620 1779 668 1814 qui
692 1779 721 1807 iu
738 1779 892 1808 immortali
908 1788 994 1815 opere
1010 1778 1152 1808 Biblioth.
1173 1778 1229 1807 Gr.
1249 1778 1340 1808 Toni.
1360 1779 1385 1807 l.
1409 1786 1474 1813 pag.
1493 1778 1547 1805 618
1568 1785 1634 1812 sqq.
1661 1777 1706 1805 ed.
1726 1775 1830 1809 Har-1„

319 1831 369 1859 ubi
401 1831 434 1858 de
466 1830 585 1865 Aesopo
614 1836 640 1857 et
670 1830 732 1857 aliis
757 1829 917 1858 fabularum
933 1829 1128 1866 scriptoribus
1147 1829 1224 1866 agit,
1246 1831 1261 1865 §
1282 1836 1326 1866 13.
1359 1835 1487 1856 rccsnset
1512 1827 1633 1856 Latinos
1654 1833 1764 1855 veteres
1789 1826 1830 1854 fa-

317 1882 447 1909 bularum
472 1880 647 1916 scriptores,
671 1879 754 1908 facile
783 1880 869 1909 nobis
894 1879 1151 1916 persuadebimus,
1181 1880 1291 1908 nullum
1317 1879 1434 1908 omnino
1460 1887 1474 1906 e
1501 1878 1645 1906 veteribus
1671 1877 1829 1906 fabularum

322 1931 512 1968 scriptoribus
535 1930 647 1965 fuisse,
671 1930 720 1965 qui
738 1937 786 1959 aut
803 1931 837 1959 ad
856 1930 974 1959 Phaedri
994 1939 1044 1962 aut
1065 1933 1102 1962 ad
1124 1933 1215 1970 ipsius
1236 1933 1337 1962 Faerni
1359 1931 1524 1969 elegantiam
1553 1937 1579 1959 et
1601 1930 1751 1966 puritatem
1776 1930 1830 1958 lin-

319 1992 387 2020 guae
416 1982 554 2016 accessit,
588 1991 661 2016 qnos
692 1983 761 2011 adeo
784 1991 884 2011 omnes
906 1984 995 2020 longo
1020 1991 1090 2022 post
1115 1993 1147 2014 se
1172 1985 1326 2014 intervallo
1355 1982 1559 2013 Cremonensis
1589 1988 1674 2018 poeta
1701 1980 1828 2016 reliquit.

319 2035 393 2062 Nam
426 2034 460 2061 ad
482 2032 623 2062 Avianum
650 2034 728 2068 quoti
756 2033 875 2070 attinet,
907 2033 1023 2072 scripsit
1052 2034 1102 2064 ille
1133 2043 1224 2064 metro
1247 2035 1392 2072 elegiaco,
1424 2034 1502 2070 quod
1532 2041 1567 2061 ne
1595 2030 1688 2068 attigit
1714 2031 1824 2066 quidem

1747 2079 1829 2108 Nos»

352 2154 416 2188 (a)
440 2155 523 2180 Cei,
545 2160 636 2179 auctor
653 2153 777 2186 Auglrcse
795 2154 920 2180 versIouis
947 2154 1010 2182 Fab.
1031 2154 1123 2180 Fte'rni
1142 2152 1182 2180 ed.
1202 2152 1312 2178 Londini
1334 2158 1392 2185 ²74¹
1419 2151 1441 2176 ln
1463 2150 1621 2175 praefuerit?
1645 2156 1702 2182 {⁴⁷¹2}-
1717 2156 1743 2178 9·
