1919 2511
307 196 346 228 46
586 193 790 223 PETRI
849 193 1206 226 ABRAHAMI
1262 196 1510 235 JELTES

310 280 367 315 ce)
391 278 478 314 (56)
503 277 580 313 quod
605 286 670 306 cum
695 277 813 307 brachio
837 278 923 306 sellae
943 277 1093 312 vectisque
1118 277 1237 308 firmiter
1257 280 1439 310 connectitur
1456 282 1565 319 (57),
1588 288 1615 310 et
1637 290 1696 318 quo
1715 290 1819 319 scapu-

311 329 357 363 la,
386 328 580 365 claviculaque
606 329 691 358 simul
717 328 844 366 figuntur
866 331 967 367 (583).
1009 328 1148 364 Superior
1171 329 1251 365 pedis
1274 339 1359 367 pars,
1383 333 1439 367 qua
1464 340 1527 360 curn
1549 331 1680 369 jungitur
1703 334 1816 369 vectis,

312 388 443 409 excavata
469 388 532 416 est⁷
554 383 640 409 latera
664 390 732 410 vero
756 381 894 410 exstantia
921 379 1110 410 foraminibus
1140 381 1281 417 gaudens,
1304 390 1376 417 quac
1402 382 1437 410 iis
1461 381 1640 411 conveniunt
1666 376 1813 420 reperiun-

310 431 352 459 dis
379 431 407 460 in
430 432 532 468 ligno,
559 439 748 462 connectente
771 439 882 461 vectem
908 441 971 461 cum
1000 433 1080 469 pedis
1107 440 1186 468 parte
1213 433 1355 470 superiori
1379 434 1523 463 excavata.
1573 434 1655 463 Talia
1684 435 1822 466 foramina

309 482 391 511 etiam
413 484 516 512 adsunt
533 483 562 513 in
589 483 654 520 ipso
677 490 776 519 vecte,
800 491 831 512 ut
846 485 983 520 jungatur
999 492 1063 513 cum
1086 484 1165 520 ligno
1190 484 1360 514 intermedio
1378 489 1470 524 (59)
1492 485 1563 523 (the
1581 494 1652 522 spur
1672 495 1706 515 or
1721 493 1818 516 tenant

307 533 342 562 of
361 534 408 562 the
430 534 556 571 lever),
585 535 690 571 quibus
716 535 806 564 vectis
832 534 981 571 longitudo
1006 538 1052 565 vel
1083 536 1212 565 imminui
1237 538 1283 566 vel
1310 537 1405 573 augeri
1425 543 1535 574 potest.
1585 537 1632 565 Sic
1659 539 1739 567 etiam
1767 547 1818 574 pes

306 587 397 616 ambis
419 586 508 623 magis
532 587 661 617 minusve
687 589 742 616 alte
770 587 875 616 firmari
899 594 1013 623 potest,
1036 596 1102 616 cum
1126 596 1242 624 quoque
1269 587 1410 625 ejusmodi
1434 587 1622 618 foraminibus
1643 589 1677 617 ad
1700 589 1815 619 fibulam

304 638 425 675 ligneam
447 638 635 675 recipiendam
658 639 816 667 instructus
838 638 875 667 sit
896 640 997 676 (60).

345 691 411 727 Ipse
433 697 526 720 autern
553 691 664 727 veens,
688 701 746 728 quo
765 692 856 721 utitur
881 693 908 720 le
931 691 1006 728 Cat,
1037 691 1118 720 valde
1145 690 1237 719 differt
1258 690 1293 719 ab
1313 692 1344 720 ea
1370 689 1557 728 Hippocratis
1582 698 1609 720 et
1636 692 1815 729 longitudine

305 749 332 771 et
352 742 503 772 latitudine
523 745 643 778 totaque
662 743 770 772 forma.

341 793 488 822 Praeterea
520 800 627 829 partem
655 794 833 830 superiorem
861 793 954 823 vectis
979 793 1038 822 sere
1065 794 1207 823 dimidiam
1234 794 1346 831 obtegit
1370 793 1474 823 lamina
1507 794 1600 832 lignea
1626 793 1713 828 (61)
1743 793 1818 827 (the

305 844 452 880 braces),
474 845 557 881 cujus
574 845 658 873 finem
675 845 856 882 amplectitur
872 844 976 873 ferrum
993 846 1132 881 quoddam
1152 845 1272 875 bicorne
1293 845 1369 880 (the
1385 845 1483 874 elastic
1499 845 1547 873 tail
1561 844 1598 873 of
1609 844 1656 873 the
1676 844 1817 883 bracer),

307 897 383 931 quod
406 896 559 926 denticulis
581 898 695 926 serratis
721 897 894 927 instructum
913 919 923 933 ‚
946 899 1115 934 ela-sticum,
1137 898 1166 926 in
1188 897 1311 926 crassius
1335 904 1490 926 extremum
1509 896 1580 927 abit„
1620 895 1661 924 Hi
1677 895 1816 925 denticuli

301 948 519 983 prehenduntur
541 948 634 977 ferreo
659 957 734 978 unco
766 949 805 977 ibi
826 949 883 978 loci
907 949 996 978 infixo
1024 949 1080 985 ipsi
1105 949 1202 984 vecti,
1225 948 1388 984 sensimque
1409 954 1539 978 tenuato.
1578 945 1817 984 Ligamentorum

302 1008 359 1035 ope
383 1008 448 1028 cum
469 999 521 1029 hac
545 1001 647 1029 lamina
671 1000 790 1029 firmiter
810 1000 942 1038 jungitur
968 1001 1134 1036 brachium,
1157 1000 1235 1036 quod
1249 1020 1259 1036 ‚
1281 999 1310 1029 vi
1334 999 1467 1035 admota,
1490 1006 1602 1028 tensum
1622 997 1746 1035 propius
1769 1006 1817 1028 ac-

303 1050 377 1079 cedit
399 1051 434 1079 ad
453 1050 538 1080 finem
560 1052 652 1081 vectis
672 1051 812 1089 longioris
832 1060 897 1080 cum
918 1052 1044 1088 lamina,
1066 1051 1112 1080 cui
1127 1072 1138 1088 ,
1159 1050 1201 1080 uti
1221 1050 1364 1086 diximus,
1387 1049 1540 1079 incumbit.

340 1100 406 1130 Huc
430 1102 504 1131 redit
524 1102 609 1140 hujus
638 1103 784 1132 machinae
808 1103 985 1139 descriptio,
1014 1103 1043 1132 in
1067 1104 1146 1139 qua,
1169 1111 1238 1139 quas
1262 1108 1407 1131 enumerat
1432 1100 1543 1130 Petitus
1565 1101 1650 1137 (62)
1672 1100 1712 1129 vin
1734 1099 1815 1129 ambe

302 1151 490 1189 HippocratIs
516 1154 634 1183 vitiosas
658 1154 869 1191 proprietates,
891 1163 991 1183 omnes
1007 1154 1108 1183 abesse
1128 1161 1225 1184 censet
1250 1156 1276 1183 le
1300 1154 1356 1183 Cat
1378 1153 1487 1190 (63>;
1509 1160 1545 1181 ne
1569 1159 1638 1181 vero
1662 1150 1748 1180 nimis
1770 1157 1819 1178 ce·

305 1206 345 1232 let
369 1210 443 1233 esset
470 1205 577 1233 reditus
602 1204 704 1241 capitis
727 1206 816 1234 luxati
841 1206 950 1234 humeri
973 1205 1002 1234 in
1026 1214 1105 1234 suam
1128 1207 1298 1240 cavitatem,
1319 1211 1348 1234 et
1368 1204 1431 1233 inde
1450 1203 1549 1232 forsan
1563 1211 1639 1232 noxa
1658 1201 1813 1231 inferretur

306 1256 366 1284 ossi
382 1256 510 1292 reposito
521 1278 528 1288 ‚
542 1256 679 1292 proponit
696 1262 796 1285 auctor
810 1256 955 1285 machinae
973 1258 1152 1286 manubrium
1164 1280 1172 1291 ‚
1185 1257 1263 1293 quod
1273 1257 1435 1286 denticulos
1452 1261 1577 1284 serratos
1593 1253 1662 1283 ferri
1680 1252 1790 1283 elastici
1804 1269 1816 1288 ⁵

305 1306 363 1334 axis
392 1306 498 1335 dentati
527 1316 601 1343 ope,
628 1307 748 1340 retinet,
778 1315 806 1337 et
832 1310 937 1337 lentam
962 1316 1043 1338 curat
1068 1309 1270 1338 relaxationem
1290 1308 1391 1347 (64).
1434 1307 1512 1335 Haec
1541 1313 1633 1335 autem
1657 1304 1726 1334 satis
1748 1303 1816 1333 sim-

304 1358 389 1394 plicia
407 1366 491 1399 esse,
513 1359 695 1388 vehementer
715 1358 839 1395 dubito,
860 1368 895 1388 an
915 1369 1015 1390 omnes
1035 1363 1162 1400 chirurgi
1183 1363 1375 1392 assentiantur
1394 1361 1505 1390 auctori
1526 1361 1590 1398 (65
1599 1365 1624 1399 >-

341 1409 373 1439 Si
395 1409 638 1445 instrumentum,
665 1411 743 1446 quod
768 1420 854 1448 supra
879 1420 1016 1442 memorat
1041 1415 1067 1443 le
1090 1414 1163 1450 Cat,
1193 1413 1284 1443 ambis
1314 1421 1419 1443 nomen
1441 1419 1603 1448 mereatur,
1632 1418 1708 1440 certe
1731 1409 1815 1439 etiam

302 1461 396 1497 illud,
418 1462 502 1498 cuius
523 1462 653 1491 meminit
678 1462 766 1491 Frele
792 1463 899 1500 (66),
921 1470 950 1492 et
977 1464 1075 1494 forsan
1104 1465 1202 1504 majori
1226 1466 1290 1503 jure
1313 1463 1513 1502 Hippocratici
1530 1462 1647 1493 nomine
1672 1461 1813 1498 dignum,

301 1513 366 1549 quia
385 1514 419 1542 ad
438 1514 516 1542 illius
537 1514 658 1543 formam
680 1514 839 1551 simplicem
862 1515 983 1552 propius
1004 1517 1137 1546 accedere
1162 1517 1284 1547 videtur.

340 1564 475 1600 Inprimis
502 1565 531 1594 in
554 1565 606 1593 hac
632 1564 762 1594 machin&
788 1573 888 1594 auctor
916 1567 999 1596 etiam
1013 1588 1022 1603 ‚
1051 1568 1137 1597 sicuti
1157 1570 1350 1605 praecedens,
1373 1567 1568 1597 extensionem
1590 1565 1702 1595 humeri
1725 1565 1814 1594 luxati

301 1624 414 1645 curasse
432 1616 567 1652 videtur,
590 1616 733 1645 invenitur
748 1616 821 1646 enim
839 1617 869 1646 in
886 1625 969 1647 vecte
985 1619 1078 1648 medio
1096 1620 1183 1657 hujus
1208 1620 1389 1649 instrumenti
1409 1619 1590 1648 manubrium
1604 1638 1615 1653 ‚
1633 1616 1712 1654 quod
1722 1615 1816 1652 cylin-

300 1667 380 1696 drum
408 1674 503 1696 movet
526 1668 586 1696 axis
608 1676 664 1704 ope
688 1667 794 1696 dentati
814 1688 823 1704 ‚
854 1677 912 1704 quo
942 1669 1026 1699 funes
1055 1671 1207 1700 tendantur
1231 1673 1333 1701 luxato
1357 1671 1475 1699 humero
1505 1669 1625 1706 alligati.
1667 1668 1814 1705 Aegrotas

301 1724 393 1746 autem
412 1717 501 1746 >alteri
525 1719 611 1755 hujus
639 1719 729 1747 ambis
753 1718 844 1754 parti,
877 1720 934 1754 qua
959 1728 1023 1749 cum
1051 1722 1184 1757 superior
1203 1731 1268 1759 pars
1287 1730 1341 1759 per
1361 1720 1589 1750 articulationem
1613 1719 1751 1756 quandam
1773 1718 1813 1747 ita

299 1768 450 1806 jungitur,
473 1776 505 1797 ut
524 1778 584 1800 non
604 1771 697 1798 solum
719 1778 832 1798 sursum
859 1776 888 1799 et
910 1768 1064 1808 deorsum,
1094 1773 1144 1801 sed
1169 1773 1251 1803 etiam
1276 1773 1428 1803 lateraliter
1450 1781 1559 1802 moveri
1581 1771 1695 1809 possit,
1725 1771 1812 1800 sellae

1772 1829 1816 1850 m-

332 1900 415 1936 (56)
436 1903 453 1929 ¹.
470 1910 497 1930 c.
515 1911 540 1935 p.
555 1910 613 1934 393·
632 1910 656 1928 et
675 1911 693 1930 t.
708 1911 733 1936 3·
753 1904 795 1936 fig.
816 1910 840 1932 1.

332 1949 413 1984 (57)
432 1952 513 1979 Couf.
530 1953 552 1977 la
566 1952 693 1984 Chapelle
715 1953 826 1979 Hamart.
842 1952 930 1986 Epist.
945 1951 971 1977 in
988 1952 1081 1988 Journ.
1097 1953 1141 1978 des
1157 1953 1287 1987 Seavants.
1306 1953 1398 1980 octob.
1419 1954 1492 1987 1766.
1510 1960 1538 1986 p.
1555 1954 1613 1986 185.

333 1994 415 2030 (53)
433 1997 493 2025 Vici.
514 1999 581 2025 Phil.
599 1999 734 2025 Transact.
755 2000 772 2027 l.
790 2007 815 2026 c.
833 2007 861 2033 p.
875 2006 933 2032 393.
951 2005 976 2025 et
995 1999 1047 2026 tab.
1061 2007 1087 2033 4.
1106 1999 1148 2031 fig.
1166 2007 1190 2027 1.

333 2041 411 2075 (59)
430 2044 448 2070 1.
467 2051 491 2070 c.
510 2045 560 2071 [ab.
577 2051 601 2075 3.
620 2045 664 2076 fig.
681 2053 697 2078 4
880 2043 897 2078 (
909 2042 970 2080 σφ’)
989 2045 1007 2071 1.
1025 2046 1051 2073 e.
1069 2053 1094 2078 p.
1108 2052 1167 2080 394.
1375 2045 1456 2080 (61)
1475 2047 1494 2073 1.
1512 2053 1538 2073 c.
1555 2045 1644 2078 tab.3.

332 2086 417 2122 (62)
437 2090 455 2116 1.
474 2098 497 2117 c.
517 2097 536 2116 t.
553 2097 576 2116 ι.
594 2099 621 2123 p.
634 2092 690 2117 136.
878 2090 956 2124 (63)
975 2092 994 2118 l.
1007 2098 1035 2117 c.
1050 2098 1078 2123 p.
1087 2098 1133 2125 40¹
1153 2098 1209 2124 seq.

326 2134 340 2169 (
355 2135 411 2169 ⁶4)
433 2137 451 2162 l.
467 2143 491 2163 c.
510 2137 581 2162 conf.
600 2141 658 2163 tab.
676 2144 699 2168 3.
719 2136 762 2170 fig.
776 2143 802 2170 5.
1011 2135 1095 2170 (65)
1113 2138 1150 2164 La
1168 2138 1290 2171 chapelle
1305 2138 1420 2165 Hamart.
1438 2139 1455 2164 l.
1470 2146 1494 2165 c.
1513 2145 1540 2170 p.
1556 2143 1602 2169 9¹·

332 2181 413 2216 (66)
443 2183 543 2210 Philos.
569 2183 702 2211 Transact.
728 2192 753 2212 n.
771 2191 832 2217 470.
857 2184 915 2211 vol.
933 2191 976 2219 42.
1003 2190 1051 2211 art.
1071 2191 1111 2212 10.
1137 2193 1164 2218 p.
1181 2186 1240 2217 556.
