1919 2511
313 163 327 189 3
585 148 871 190 JoANNts
931 146 1245 178 HERMANI
1304 146 1527 178 KROON

315 242 413 277 Atque
436 237 521 267 istum
547 234 706 265 fabularum
726 240 840 262 suarum
865 230 974 260 fontem
1002 230 1186 267 praecipuum
1211 228 1311 260 habuit
1335 229 1504 267 Aesopum,
1525 229 1554 259 id
1575 235 1618 260 est
1638 229 1721 260 istam
1739 231 1832 262 Grae-

317 299 412 321 carum
435 288 594 317 fabularum
620 284 842 319 collectionem,
865 290 937 318 quae
958 283 1048 318 vulgo
1066 280 1176 316 Aesopi
1196 289 1302 311 nomen
1321 289 1388 317 prae
1408 290 1439 310 se
1455 281 1530 318 fert,
1553 289 1637 318 quam
1658 289 1752 312 tamen
1770 292 1828 313 ma-

318 343 362 380 gis
383 350 398 370 e
416 339 549 370 versione
572 336 675 366 Latina
702 344 765 364 eum
788 333 962 371 cognovisse
989 333 1054 363 inde
1083 332 1214 369 colligo,
1235 332 1314 368 quod
1335 340 1542 368 nonnunquam
1569 332 1662 369 ipsius
1687 334 1830 364 versionis

320 393 416 423 verbis
442 397 559 425 utatur,
591 387 743 423 aliquando
769 385 851 413 etiam
879 383 971 412 minus
997 389 1074 411 recte
1096 381 1125 410 in
1149 381 1251 411 Latina
1274 382 1408 411 versione
1434 391 1567 418 expressa
1593 383 1669 412 haud
1692 383 1829 420 corrigat.

320 447 386 474 Huc
410 444 539 478 accedit,
570 441 648 477 quod
668 445 778 476 praeter
803 437 936 471 fabulas,
962 443 1032 471 quae
1060 434 1089 462 in
1115 433 1226 469 vulgari
1251 433 1424 462 collectione
1447 433 1588 463 Planudea
1612 439 1743 470 exstant,
1764 433 1831 462 alias

319 504 435 532 quoque
457 495 583 523 Graecas
609 490 721 520 fabulas
743 486 939 526 expresserit,
961 493 1032 522 quae
1054 484 1115 520 ejus
1132 488 1221 510 aetate
1239 482 1329 512 adhuc
1348 484 1468 513 latentes
1479 483 1507 511 in
1521 483 1731 519 Bibliothecis,
1752 490 1835 520 post-

322 555 352 574 ea
379 545 490 574 demum
518 552 534 571 a
561 541 698 570 Niveleto
722 546 751 568 et
782 537 946 574 nuperrime
979 544 994 563 a
1018 534 1068 562 Fr.
1094 532 1128 560 de
1151 532 1237 561 Furia
1260 533 1350 563 editae
1369 540 1450 565 sunt.
1489 534 1612 563 Videtur
1630 533 1743 570 quidem
1764 534 1833 562 haec

319 594 527 633 argumentatio
554 590 727 621 eontrarium
746 589 869 627 probare
887 608 898 624 ,
920 586 969 615 sed
989 589 1183 622 praeterquam
1206 583 1285 619 quod
1309 583 1445 620 Aesopus
1464 585 1539 620 apud
1556 585 1644 613 Italos
1662 585 1711 613 diu
1729 583 1833 615 Latine

319 656 429 678 tantum
456 645 713 676 circumferebatur
740 642 827 680 (vid.
856 641 890 669 de
910 638 996 668 Furia
1017 638 1040 665 l.
1062 644 1090 664 c.
1114 642 1181 671 pag.
1203 635 1339 672 xxvix),
1365 634 1456 665 Hadr.
1485 635 1567 663 etiam
1587 635 1766 674 Barlandus,
1787 645 1833 666 se-

322 701 387 728 culo
411 707 464 728 xv.
493 684 606 732 clarus,
629 695 749 724 fabellas
772 691 885 728 Aesopi
908 689 1009 719 Latine
1032 685 1156 715 redditas
1179 686 1266 714 edidit
1281 695 1299 714 e
1313 686 1435 722 codice,
1453 686 1505 721 qui
1525 695 1540 714 a
1558 688 1675 723 vulgato
1689 689 1833 719 Planudeo

321 753 408 787 longe
428 751 560 779 diversus
580 755 642 776 esse
660 743 897 780 debuit,quippe
919 741 949 771 in
969 748 1026 776 quo
1040 738 1153 767 fabulae
1166 737 1416 773 exstabant,quae
1434 736 1462 765 in
1472 737 1638 773 vulgaribus
1649 739 1759 775 Aesopi
1775 740 1836 769 edi.

321 801 450 831 tionibus
461 809 519 830 non
530 804 689 836 apparent,
709 796 759 826 sed
779 803 849 832 quas
870 801 969 831 postea
982 791 1093 821 Graece
1109 798 1124 817 e
1144 788 1222 819 Cod.
1234 789 1405 819 Florentino
1419 789 1508 818 edidit
1518 789 1553 818 de
1564 789 1667 819 Furia:
1686 791 1742 828 Jam
1760 792 1835 822 inter

319 854 430 883 fabulas
455 850 554 881 Faerni
577 849 733 880 nonnullae
756 845 960 877 inveniuntur,
982 851 1053 879 quas
1076 841 1106 870 in
1126 839 1238 876 vulgari
1255 840 1428 869 collectione
1447 840 1606 869 fabularum
1624 840 1834 878 Aesopicarum

320 905 428 934 frustra
453 909 591 938 quae1·a5‚
619 901 670 930 sed
696 907 767 935 quae
797 903 896 927 nostra
919 901 1009 924 aetate
1032 902 1066 922 ex
1090 891 1153 921 alii-s
1179 891 1330 920 codicibus
1356 891 1467 921 Graece
1494 900 1611 927 quoque
1630 892 1720 921 editae
1743 900 1832 930 sunt,

320 955 411 992 qualis
431 960 473 983 est
493 963 524 982 v.
549 962 578 983 c.
600 950 699 981 Faerni
722 949 781 979 fab.
802 956 846 978 XI.
887 947 935 978 Sic
955 946 1042 983 igitur
1061 944 1205 979 arbitror,
1226 943 1368 973 Faernum
1385 943 1449 971 illas
1467 941 1596 977 fabulas,
1619 951 1691 978 quae
1707 943 1834 974 Graecae

315 1006 448 1043 ‘originis'
471 1010 558 1039 sunt,
586 1011 621 1031 ex
648 1000 788 1039 ejusmodi
816 997 999 1029 versionibus
1036 995 1150 1026 Latinis
1181 993 1333 1028 hausisse,
1365 993 1445 1028 quod
1468 992 1588 1022 omnIno
1610 1002 1641 1022 se
1667 994 1834 1026 Latinarum

322 1057 431 1094 magis,
461 1064 545 1091 quam
570 1054 742 1083 Graecarum
768 1050 930 1079 Literarutn
957 1048 1082 1084 peritum
1108 1045 1215 1080 ubique
1237 1043 1384 1079 ostendit,
1406 1050 1439 1071 ut
1460 1043 1511 1072 vix
1534 1051 1699 1080 exspectare
1715 1046 1833 1084 possis,

324 1117 387 1137 eum
406 1107 435 1137 in
453 1104 619 1136 evolvendis
637 1102 755 1133 Graecis
774 1101 865 1132 MSS.
887 1108 1001 1136 operam
1019 1106 1097 1126 suam
1115 1097 1285 1125 collocasse.

362 1158 512 1197 Quidquid
534 1165 602 1186 vero
621 1156 722 1184 horum
744 1154 800 1189 sit,
830 1152 860 1181 id
876 1158 984 1181 certum
1003 1156 1067 1184 est,
1098 1148 1236 1176 Faenium
1259 1148 1460 1183 plerarumque
1483 1145 1641 1175 fabularum
1668 1155 1833 1184 argumenta

324 1219 359 1239 ex
381 1208 525 1245 Aesopico
550 1208 600 1236 illo
617 1207 699 1236 fonte
718 1204 910 1240 desumsisse,
931 1202 981 1231 sed
999 1209 1047 1235 ea,
1069 1205 1101 1227 ut
1117 1200 1173 1236 jam
1192 1197 1298 1225 dictum
1319 1203 1383 1231 est,
1405 1205 1458 1231 pro
1471 1205 1524 1225 suo
1542 1197 1656 1234 ingenio
1670 1200 1762 1228 multo
1778 1201 1835 1229 ele-

325 1260 437 1297 gantius
470 1265 497 1287 et
521 1258 654 1287 festivius
677 1258 834 1292 tractasse,
866 1252 1005 1291 subjectis
1031 1249 1177 1279 maximam
1209 1255 1316 1285 partem
1342 1248 1507 1284 epimythiis
1533 1250 1619 1285 longe
1645 1250 1832 1287 melioribus,

324 1320 446 1348 quorum
463 1312 531 1340 loco
550 1318 634 1346 saepe
653 1317 724 1337 usus
749 1314 792 1336 est
814 1304 964 1335 sententiis
987 1311 1015 1331 et
1032 1300 1182 1331 versicuiis
1201 1299 1314 1335 Plauti,
1336 1298 1470 1334 Horatii,
1492 1298 1586 1327 Publii
1610 1300 1676 1336 Syri
1699 1301 1834 1331 aliorum-

324 1372 399 1399 que,
424 1370 545 1398 quorum
568 1367 644 1389 certe
665 1367 752 1396 opera
771 1357 883 1387 notiora
912 1361 997 1389 sunt,
1029 1350 1111 1388 quain
1139 1351 1217 1387 quod
1239 1350 1294 1379 hoc
1321 1349 1414 1385 aliqua
1437 1349 1537 1378 fraude
1560 1349 1664 1379 fecisse
1689 1353 1832 1388 putandus

323 1415 373 1443 sit.
414 1414 526 1441 Praeter
551 1412 600 1439 has
619 1409 779 1445 Aesopicae
802 1407 924 1443 originis
941 1405 1072 1438 fabulas,
1095 1410 1201 1438 paucae
1217 1409 1335 1437 quoque
1351 1400 1427 1436 apud
1445 1400 1582 1429 Faernum
1602 1401 1743 1431 habentur
1756 1403 1832 1433 alius

323 1464 442 1500 originis
461 1470 489 1492 et
508 1463 661 1491 nonnullae
681 1460 761 1488 etiam
776 1480 785 1495 ‚
810 1467 880 1494 quae
899 1457 990 1493 ipsius
1010 1460 1111 1491 poetae
1128 1452 1242 1489 ingenio
1259 1451 1354 1480 deberi
1368 1450 1519 1487 videntur,
1536 1452 1587 1479 sed
1603 1452 1636 1479 de
1650 1452 1835 1488 quibusdiffi..

323 1516 379 1543 cile
402 1515 479 1543 dictu
501 1523 584 1550 saepe
608 1520 670 1549 est,
700 1512 768 1547 quid
794 1518 834 1541 et¹
849 1517 986 1546 quantum
1010 1507 1039 1536 in
1059 1506 1093 1534 iis
1119 1506 1181 1542 ipse
1204 1502 1394 1541 praestiterit,
1418 1501 1487 1537 quid
1510 1501 1544 1529 ab
1569 1501 1632 1530 aliis
1649 1502 1830 1535 desumserit.

324 1566 390 1594 Nos
413 1572 505 1594 tamen
517 1585 527 1600 ,
549 1574 602 1601 pro
626 1564 737 1593 viribus
760 1562 869 1591 nostris
893 1561 922 1589 id
946 1561 1002 1598 jain
1021 1567 1102 1596 agere
1119 1557 1298 1595 aggredimur
1317 1562 1348 1585 ut
1366 1555 1395 1585 in
1415 1556 1628 1585 considerandis
1646 1557 1767 1594 singulis
1785 1558 1830 1587 fa·

321 1617 399 1645 bulis
422 1617 566 1653 cujusque
592 1615 700 1644 fontem
725 1613 912 1650 indagemus,
937 1610 1040 1640 additis
1065 1616 1192 1638 veterum
1222 1614 1372 1643 poetarum
1396 1607 1487 1642 locis,
1521 1616 1595 1642 quos
1620 1607 1747 1636 imitatus
1769 1617 1833 1639 esse

321 1667 411 1695 videri
438 1666 561 1702 poterit,
583 1666 656 1695 unde
680 1665 751 1693 illud
773 1671 849 1693 certe
874 1661 1055 1692 manifestum
1077 1660 1146 1695 fiet,
1168 1659 1307 1688 Faernum
1328 1657 1428 1686 merito
1445 1657 1564 1694 optimis
1585 1658 1679 1693 poetis
1695 1667 1833 1690 annume⁶

322 1718 375 1747 rari
401 1725 428 1746 et
449 1717 597 1746 verissima
623 1726 686 1745 esse
710 1715 794 1744 verba
816 1716 845 1752 J.
870 1714 915 1742 M.
940 1711 1069 1741 Toscani
1092 1711 1120 1739 in
1138 1710 1228 1745 Peplo
1249 1709 1344 1737 Italiae
1360 1707 1400 1736 lib
1429 1708 1486 1737 ΙΙΙ.
1509 1716 1576 1744 pag.
1590 1709 1638 1737 82.
1671 1710 1828 1745 „Fae‘rnus

326 1789 344 1805 „
365 1767 568 1797 Cremonensis
594 1768 662 1795 adeo
689 1766 821 1802 religiose
844 1765 963 1793 Latinas
988 1763 1085 1791 literas
1109 1760 1256 1795 excoluit,
1288 1766 1320 1787 ut
1345 1759 1405 1796 ejus
1423 1758 1541 1795 scriptis
1564 1759 1636 1789 nihil
1656 1761 1757 1796 purius
1781 1770 1830 1792 aut

325 1838 344 1854 „
366 1818 497 1848 mundius
514 1817 664 1846 desiderari
686 1816 823 1853 possit,”
846 1824 899 1845 nec
916 1815 1010 1843 minus
1028 1813 1074 1841 illa
1091 1809 1279 1840 Rittershusii
1297 1809 1348 1846 qui
1367 1809 1417 1846 (in
1438 1810 1524 1846 epist.
1546 1811 1675 1846 praelim.
1697 1812 1730 1840 ad
1744 1819 1827 1842 notas

320 1879 386 1900 suas
402 1870 430 1899 in
450 1869 606 1898 Phaedrum
634 1876 700 1904 pag.
722 1875 789 1903 152.
817 1866 886 1896 edit.
917 1864 1016 1895 tertiae
1040 1864 1140 1892 Burni.
1158 1863 1186 1891 in
1202 1862 1297 1898 Oct.)
1326 1881 1345 1897 „
1363 1861 1622 1898 Faerni„inquit,
1642 1870 1756 1892 centum
1785 1864 1827 1894 fa-

321 1941 341 1958 „
361 1921 444 1950 bulae
469 1927 547 1949 tanto
570 1918 711 1947 sermonis
737 1918 848 1950 nitore,
870 1923 947 1945 tanta
973 1913 1106 1944 carminis
1135 1919 1285 1943 venustate
1311 1912 1473 1948 descriptae
1500 1919 1590 1948 sunt,
1612 1919 1644 1942 ut
1661 1914 1686 1942 si
1702 1916 1828 1946 auctoris

322 1993 340 2008 „
361 1980 464 2001 nomen
491 1969 696 2006 praescriptum
720 1977 779 1997 non
805 1967 962 2002 haberent,
991 1967 1127 1996 vetustati
1152 1977 1182 1996 se
1207 1967 1333 1997 inserere
1357 1974 1444 2004 posse
1468 1965 1637 2004 videantur,
1665 1967 1736 1997 adeo
1762 1977 1826 1998 cum

318 2024 419 2060 quavis
444 2023 552 2051 erudita
575 2022 746 2057 antiquitate
770 2027 880 2050 certant
906 2020 1014 2050 incerta
1037 2030 1069 2050 ac
1095 2020 1180 2050 dubia
1202 2017 1333 2056 palma.”

351 2076 515 2110 Antequam
534 2081 625 2102 autem
645 2073 679 2101 ad
697 2073 773 2109 ipsas
793 2072 904 2101 fabulas
924 2072 1083 2100 tractandas
1107 2079 1303 2106 transeamus,
1324 2078 1385 2099 non
1407 2068 1527 2098 alienum
1548 2068 1660 2098 videtur
1675 2070 1762 2099 verbo
1784 2072 1827 2100 di-

313 2135 374 2155 cere
400 2126 434 2155 de
457 2125 543 2154 variis
573 2124 731 2153 fabularum
763 2121 865 2152 Faerni
883 2122 1081 2155 editionibus.
1122 2122 1163 2151 Et
1190 2121 1282 2158 pritno
1300 2120 1413 2157 quidem
1435 2120 1604 2156 prodierunt
1627 2120 1735 2150 Romae
1752 2124 1825 2159 1564

1797 2175 1827 2206 in
