1919 2511
429 114 658 147 RESPONSIO
678 122 720 144 AD
741 111 1052 152 QUAEST10NEM
1073 109 1357 142 LITERARIAM·
1618 119 1657 149 79

146 201 224 231 Met.
247 199 316 231 Lib.
335 199 389 230 IV.
410 206 457 228 vs-
475 196 523 227 26.

433 248 543 286 Quique
560 257 643 277 senex
654 246 756 284 ferula
774 245 929 275 titubantes
948 245 1041 274 ebrius
1062 252 1145 274 artus

427 299 564 329 Sustinet.

186 353 269 382 Male
290 351 428 380 multata.
470 350 518 379 Sic
539 350 569 379 in
591 349 676 378 codd.
702 348 815 386 saepius
839 347 889 377 sed
910 356 1060 385 perperam
1082 346 1137 383 legi
1161 355 1215 384 pro
1231 346 1370 376 mulctata
1387 345 1494 375 dudum
1514 354 1589 375 nunc
1608 354 1657 375 os-

147 404 300 433 tenderunt
320 402 375 432 viri
395 400 486 430 docti.
533 400 621 430 Vidd.
648 400 807 430 Ruhnken.
836 400 872 428 ad
897 399 1002 436 Venej.
1027 400 1137 429 Patere.
1167 398 1237 428 Lib.
1254 398 1292 427 ΙΙ.
1322 406 1388 434 cap.
1408 404 1453 434 270.
1481 398 1506 433 ἕ.
1524 406 1554 426 2.
1585 397 1655 426 Bur-

148 462 268 483 mannus
292 454 327 483 ad
351 452 473 482 Phaedr.
500 451 571 481 Lib.
589 453 616 481 I.
639 450 700 480 fab.
721 460 749 488 3.
776 458 805 480 et
830 450 880 486 qui
904 450 945 479 ibi
968 450 1097 480 laudatur
1119 449 1253 479 Gronov.
1281 449 1316 478 ad
1338 448 1406 478 Liv.
1431 447 1502 478 Lib.
1520 447 1655 477 XXVIII.

147 512 213 541 cap.
229 510 277 540 30.
305 502 543 533 Add.Drakenb.
570 503 606 532 ad
630 502 685 532 Sil.
712 501 778 532 Ital.
804 501 873 532 Lib.
891 502 931 532 X.
953 510 1000 533 vs.
1018 504 1089 538 463.

380 682 640 714 FABULA
699 681 1137 712 SEXAGESIMA
1195 679 1421 711 SEXTA.

650 778 836 798 VULPES
887 778 939 798 ET
989 777 1156 798 LARVA.

436 856 525 885 Mimi
543 852 670 893 inigressa
689 855 799 885 domum
819 855 933 893 vulpes,
954 853 1022 883 dum
1042 854 1155 892 singula
1174 861 1275 882 rerum

434 907 554 937 Visendi
573 906 665 936 studio
684 916 799 935 scaenae
818 907 1011 935 instrumenta
1032 906 1171 941 revolvit,

436 958 565 987 Formosi
584 958 697 986 larvam
717 957 902 986 simulacrum
923 958 1048 995 repperit
1068 957 1147 991 oris,

433 1008 525 1046 Inque
543 1016 644 1038 manus
661 1017 788 1044 sumens,
810 1009 980 1044 animoque,
1000 1013 1028 1035 et
1046 1006 1153 1034 lumine
1172 1005 1299 1033 lustrans
1313 1023 1326 1039 ,

436 1058 463 1087 Ο
482 1067 567 1096 quam
586 1059 696 1096 insigne
713 1065 819 1097 caput,
838 1058 925 1097 specie
943 1066 1030 1095 quam
1042 1078 1052 1093 ,
1072 1056 1170 1092 dixit,
1191 1055 1332 1091 honesta,

435 1108 494 1138 Sed
508 1111 631 1140 rationis
648 1111 747 1149 inops,
766 1118 895 1147 cassoque
913 1108 1036 1146 informe
1053 1107 1183 1136 cerebro.

437 1209 540 1240 sordet
558 1210 640 1241 honos
651 1210 788 1248 fbrmae,
808 1210 864 1239 m'si
880 1210 930 1239 cui
946 1208 1089 1248 sapientia
1099 1206 1212 1244 juncta>
1226 1210 1283 1234 esa

190 1310 293 1348 Vulpes
314 1316 342 1339 et
369 1309 482 1340 Lama.
530 1310 662 1340 Habetur
685 1310 760 1340 inter
783 1310 897 1349 Aesop.
922 1312 992 1340 coll.
1018 1309 1138 1340 Planud.
1171 1309 1235 1338 No·
1252 1313 1299 1336 11.
1326 1303 1406 1333 Flor.
1435 1303 1502 1332 item
1530 1302 1592 1331 No.
1613 1309 1660 1331 11,

153 1359 258 1390 Exstat
281 1361 364 1391 etiam
381 1362 459 1399 apud
474 1361 594 1391 Phaedr.
617 1361 689 1393 Lib.
708 1361 732 1391 Ι.
758 1361 819 1391 fab.
838 1370 868 1398 7.
889 1363 940 1392 sed
962 1362 1102 1391 Faernum
1122 1360 1199 1389 illam
1231 1358 1322 1386 multo
1342 1353 1477 1384 festivius
1504 1360 1531 1381 et
1553 1361 1660 1382 venus·

152 1411 210 1441 tius
233 1412 400 1443 tractavisse
425 1422 459 1442 ex
482 1414 543 1442 sola
565 1412 779 1450 comparatione
804 1412 889 1442 facile
913 1412 1053 1450 liquebit.

191 1461 292 1494 Mimi.
337 1464 386 1493 Sic
413 1472 479 1493 cum
502 1464 657 1500 interprete
683 1463 794 1493 Latino
815 1464 943 1493 Graecae
965 1463 1078 1492 fabulae
1097 1460 1184 1491 vertit
1211 1458 1374 1495 ὑποκρίτην,
1404 1455 1452 1492 (1¹2i
1477 1462 1568 1484 tamen
1597 1463 1658 1483 n0¹2

155 1514 257 1542 mimus
273 1520 405 1550 tantum,
427 1515 477 1543 sed
501 1523 619 1544 ommno
644 1515 826 1551 quicumque>
837 1521 917 1544 actor
933 1513 1084 1546 scenicus,
1105 1510 1208 1540 histrio
1234 1516 1290 1539 est.
1333 1508 1446 1536 Notum
1458 1513 1557 1552 *autem
1575 1505 1655 1542 quod

153 1571 264 1593 veteres
294 1565 447 1595 histriones
477 1565 564 1595 larvis
589 1567 636 1595 vel
661 1567 794 1603 personis
816 1565 860 1595 uti
884 1565 1034 1602 solebant,
1063 1571 1183 1601 quarum
1216 1561 1352 1591 inventor
1379 1557 1468 1587 fuisse
1491 1556 1658 1592 Aeschylus

150 1615 257 1649 dicitur
277 1616 381 1647 Honat.
401 1617 468 1647 Art.
489 1617 573 1647 Poet.
595 1626 642 1647 vs.
661 1619 736 1654 278.

348 1798 606 1829 FABULA
663 1793 1093 1827 SEXAGESIMA
1153 1790 1462 1824 SEPTIMA.

759 1891 909 1912 CANES
958 1890 1059 1912 Duo>-

444 1971 531 2001 Cam's
544 1968 631 2006 fuit,
651 1970 701 2007 qui
718 1974 840 2006 tempore
854 1967 952 2006 pluvio
969 1966 1045 1997 domi

443 2021 479 2049 Se
496 2020 673 2054 continebat,
693 2029 742 2048 nec
755 2017 852 2056 pedem
873 2027 1007 2056 umquam
1027 2027 1041 2047 e
1059 2017 1170 2046 limine.

446 2071 645 2109 Interrogatus
662 2070 707 2099 hie
727 2070 763 2099 ab
780 2070 895 2108 aequali
913 2078 980 2106 suo,

1606 2113 1668 2145 Cur
