1919 2511
300 156 582 187 RESPONSIO
614 163 663 184 AD
691 154 1073 193 QUAESTIONEM
1102 157 1360 188 MEDICAM.
1559 164 1600 195 45¹

83 240 118 270 iis
139 241 279 278 J'unctus,
307 248 335 270 et
361 241 395 270 ab
422 242 511 269 altero
538 241 625 277 hujus
651 239 797 268 machinae
828 240 960 275 corporis
990 248 1116 270 extremo
1140 247 1310 277 porrectus,
1339 240 1452 269 extendi
1476 241 1589 272 debeat.

77 291 110 321 In
134 295 223 322 altero
253 300 344 322 autem
370 294 429 322 axis
460 292 582 329 cylindri
604 299 732 320 extremo
763 290 865 320 lamina
890 290 982 321 ferrea
1010 299 1073 328 est,
1104 292 1256 321 denticulis
1284 292 1399 321 serratis
1424 292 1586 330 insu-ueta,

78 343 343 379 quibus-incumbit
359 344 445 380 ligula
468 343 577 379 ferrea,
605 345 662 379 qua
681 343 734 378 fit,
757 348 788 371 ut
806 342 922 372 minima
946 344 1069 381 cylindri
1089 344 1221 374 verstone
1243 343 1312 372 dens
1331 344 1450 372 laminae
1479 344 1587 392 ferreae

71 397 282 432 prehendatur,
307 404 335 426 et
355 398 528 426 retroversio
550 397 731 433 impediatur.
1377 432 1381 433 ⁷

111 446 195 475 Rami
220 447 281 477 sive
305 457 430 483 cornua,
455 457 526 484 quae
551 450 666 477 alteram
691 447 876 477 constituunt
892 446 1036 476 machinae
1054 454 1161 484 partem
1182 447 1380 484 superiorem,
1403 447 1588 478 hahentlon·

70 496 226 534 gitudinem
252 500 373 528 duorum
393 500 496 536 pedum
518 506 546 528 et
564 499 648 527 trium
667 499 828 535 pollicum,
851 505 920 527 sunt
939 507 1035 534 parum
1060 499 1220 535 incurvati,
1244 499 1307 528 ideo
1323 508 1382 529 non
1400 500 1588 536 aequabiliter

68 557 84 577 a
105 557 136 576 se
160 549 283 585 invicem
308 551 436 587 distaut3
468 552 684 588 conjunguntur
709 559 766 587 ope
790 550 862 587 tigni
893 550 967 579 firmi
998 551 1180 587 intermedii,
1209 552 1361 589 adjacentis
1385 559 1466 588 t1gno
1494 559 1587 581 trans-

68 608 155 630 verso
180 601 324 631 inferioris
351 603 439 639 partis
466 603 632 639 machinae,
661 603 794 640 corporis
823 602 956 637 scilicet,
987 609 1015 631 et
1041 602 1113 631 infra
1139 603 1212 631 illud
1236 603 1412 632 descendunt
1436 603 1505 632 rami
1528 604 1586 632 fere

65 660 118 687 per
140 652 269 689 quinque
294 656 340 683 vel
363 664 413 683 sex
438 655 579 691 pollices,
601 654 640 683 ita
659 661 691 683 ut
713 664 728 683 a
753 654 834 691 tigno
859 660 1022 682 transverso
1048 654 1251 691 comprehensi
1274 655 1352 692 tigna
1372 655 1504 691 longiora
1527 655 1584 693 ipsi

20 713 22 715 ’
65 704 325 741 comprehendant,
348 706 421 734 unde
443 706 475 734 fit
496 706 606 734 firmior
626 706 724 734 harum
747 705 869 741 partium
890 714 993 736 nexus.

103 755 170 785 Una
196 766 261 793 pars
287 757 490 793 instrumenti,
515 767 531 786 a
552 757 646 786 Petito
669 758 796 792 laudati,
816 765 923 793 corpus
940 758 1032 794 dicta,
1055 759 1238 787 solummoio
1261 759 1421 788 extensioni
1440 759 1580 788 inservire

61 805 194 843 videtur,
223 815 251 836 et
276 810 380 844 altera,
413 809 482 837 rami
509 817 632 844 nempe,
653 812 966 848 contra-extensioni,
987 813 1011 841 si
1037 813 1148 841 scilicet
1174 813 1257 842 addas
1282 814 1416 849 scapulae
1439 815 1582 843 retinacu-

63 858 123 886 lum
141 859 282 894 quoddam
306 861 498 898 (arcboutant
520 861 652 897 dictum)
674 861 844 896 robustum,
866 871 882 892 e
904 863 995 892 linteo
1020 862 1203 900 fortissimo,
1228 865 1308 893 cotio
1333 865 1480 900 obducto,
1500 873 1582 901 para-

56 913 129 939 tum.
171 911 236 939 Hoc
267 912 454 941 retinaculum
484 919 528 941 est
554 912 721 949 cingulum,
750 913 797 941 cui
822 915 879 943 duo
909 915 989 944 coeci
1017 915 1111 950 sacci,
1143 922 1176 944 ut
1200 917 1239 945 ita
1263 917 1374 951 dicam,
1402 918 1523 950 adsunt,
1549 918 1579 947 in

53 968 130 995 quos
154 969 206 997 per
232 971 378 999 aperturas
406 971 530 993 extrema
554 973 696 993 ramorum
724 964 929 995 immittuntur.
977 966 1113 1004 Trajecto
1142 967 1240 1002 itaque
1263 976 1314 1003 per
1338 967 1446 1005 cinguli
1469 969 1577 998 hiatum

53 1010 170 1041 brachio
200 1014 337 1044 clavicula
358 1021 385 1043 et
405 1017 521 1052 scapula
545 1015 673 1052 figuntur
690 1037 701 1052 ,
731 1023 883 1053 totumque
904 1027 1011 1054 corpus
1032 1018 1170 1047 retinetur
1191 1018 1289 1056 (50).

89 1063 196 1093 Monet
215 1066 328 1095 Auctor
348 1067 457 1104 (51),
488 1073 638 1102 antequam
664 1067 830 1104 imponatur
853 1064 987 1105 laqueum
1013 1069 1133 1098 humero
1157 1072 1277 1106 luxat0,
1307 1071 1503 1109 integumenta
1523 1082 1572 1102 ex-

46 1120 149 1153 ·terna,
173 1124 310 1151 quantum
338 1117 400 1146 fieri
423 1124 543 1154 potest,
565 1127 679 1148 sursum
704 1119 874 1156 trahantur,
895 1130 931 1149 ne
958 1121 1043 1150 nimis
1065 1121 1164 1151 stricta
1187 1123 1349 1152 extensioni
1377 1124 1565 1161 resisterent,

50 1171 79 1194 et
103 1175 187 1196 usum
209 1169 375 1207 machinae,
397 1178 590 1207 manuumque
612 1170 738 1208 chirurgi
759 1180 912 1210 parumper
942 1172 1056 1202 differre
1081 1173 1184 1202 debere
1205 1182 1259 1211 pro
1282 1174 1360 1204 varia
1383 1176 1562 1206 luxationum

47 1216 144 1252 specie
167 1220 270 1258 (52).

433 1301 461 1336 §.
485 1302 513 1330 6.
553 1302 597 1330 Le
617 1300 682 1332 Cat.
703 1302 831 1341 (1742)
846 1302 882 1340 J.
904 1303 995 1333 Freke
1014 1303 1118 1343 (1743
1130 1309 1157 1344 ).

82 1377 180 1408 Multa
200 1382 349 1411 commoda
371 1383 504 1412 concedit
526 1383 660 1413 lubenter
687 1385 800 1414 Petitus
824 1385 900 1415 ambi
923 1387 1132 1424 Hippocratis,
1152 1396 1211 1418 non
1229 1395 1324 1418 tamen
1348 1388 1427 1419 illlus
1447 1390 1556 1422 incom-

44 1431 128 1461 moda
151 1432 251 1462 reticet
272 1436 378 1472 (53),
400 1436 436 1464 ad
461 1444 533 1471 quae
555 1442 682 1464 attentus
712 1438 804 1473 (54)
825 1436 868 1465 Le
889 1436 944 1465 Cat
966 1439 1088 1467 tentavit
1113 1448 1246 1474 servare,
1279 1449 1351 1475 quae
1372 1441 1447 1471 bona
1470 1443 1558 1472 habe-

42 1479 92 1509 bat
117 1482 216 1519 ambe,
240 1490 267 1512 et
297 1486 465 1522 emendare,
495 1495 566 1522 quae
594 1486 699 1515 vitiosa
728 1486 860 1523 inerant,
883 1494 915 1515 ut
937 1487 1002 1516 inde
1026 1488 1106 1518 lieret
1129 1491 1286 1526 perfectius
1308 1492 1551 1530 instrumentum,

42 1532 122 1567 quod
145 1534 309 1572 huJusmodi
332 1544 375 1566 est
402 1540 511 1575 (55):
535 1538 611 1567 basis
635 1538 726 1567 totius
747 1539 892 1567 machinae
917 1546 960 1568 est
986 1541 1075 1575 sella,
1096 1541 1130 1569 ad
1151 1542 1341 1578 recipiendam
1363 1552 1470 1580 partem
1492 1554 1556 1574 ver-

41 1581 152 1613 ticalem
182 1587 272 1616 ambis
294 1588 434 1617 instructa
458 1589 604 1625 brachiis,
627 1599 698 1626 quae
719 1590 849 1619 foramen
871 1590 996 1626 habent,
1018 1598 1051 1619 ut
1077 1598 1105 1620 et
1130 1602 1218 1629 pars,
1241 1603 1313 1629 quae
1333 1595 1458 1625 brachiis
1479 1598 1550 1626 sub-

39 1634 132 1670 jacet,
153 1638 254 1674 plani,
275 1639 324 1667 cui
348 1639 452 1668 insidet
477 1649 581 1677 aeger;
603 1649 639 1670 ne
664 1647 755 1669 autem
779 1648 913 1678 aegrotus
935 1651 990 1678 pro
1019 1642 1105 1671 libitu
1122 1651 1222 1679 posset
1237 1652 1345 1673 mutare
1363 1648 1497 1683 corporis
1515 1649 1552 1677 si-

38 1688 119 1725 tuin,
145 1688 180 1718 ad
203 1697 287 1718 usum
303 1690 394 1720 ambis
416 1691 628 1728 necessarium,
659 1691 837 1728 excogitavit.
859 1698 960 1721 auctor
992 1693 1135 1728 quoddam
1157 1695 1346 1724 retinaculum
1373 1699 1390 1734 ζ
1399 1698 1447 1726 the
1471 1699 1554 1728 bodi-

1494 1751 1550 1788 ce)

72 1825 155 1861 (50)
185 1830 204 1855 l.
229 1837 253 1856 c.
278 1833 350 1859 conf.
378 1824 491 1861 He'ister.
514 1835 532 1861 1.
550 1841 577 1861 c.
593 1841 604 1861 1
624 1834 690 1861 deel.
714 1843 743 1868 p·
759 1834 821 1862 282.
844 1834 871 1859 in
889 1834 952 1860 nota
971 1833 1040 1869 (κ)
1065 1841 1140 1867 quam
1168 1834 1264 1867 adjecit
1283 1836 1416 1868 Ulhoorn,
1435 1845 1459 1864 et
1486 1840 1504 1865 l.
1522 1847 1549 1866 c.

37 1872 130 1900 2deel.
156 1875 205 1901 tab.
223 1882 249 1907 3.
275 1877 318 1909 fig.
339 1881 460 1906 12—16.

70 1917 151 1953 (5¹)
179 1922 196 1946 ¹·
215 1929 240 1948 c.
265 1930 292 1955 p.
310 1926 367 1952 218.
624 1925 702 1961 (52)
726 1927 744 1954 l.
762 1934 789 1954 c.
812 1935 840 1960 p.
853 1934 904 1960 224
922 1934 979 1960 seq.

66 1964 145 2000 (53)
166 1967 230 1993 Petit
250 1970 269 1995 1.
288 1978 314 1996 c.
334 1977 353 1996 t.
372 1979 397 2000 1.
415 1980 442 2005 p.
456 1973 503 2005 185
521 1981 577 2006 seq-

66 2010 144 2046 (54)
163 2013 201 2040 Le
217 2017 264 2041 Cat
281 2017 324 2042 the
339 2020 410 2044 ambe
425 2020 458 2046 of
471 2021 642 2053 Hippocrates
660 2021 702 2046 for
721 2019 850 2051 reducing
866 2020 995 2046 luxations
1013 2020 1048 2046 of
1059 2020 1103 2046 the
1124 2028 1174 2047 arm
1196 2021 1260 2048 with
1279 2023 1322 2049 the
1341 2023 1464 2050 Shoulder
1478 2026 1543 2051 teeti

37 2057 86 2083 fied
105 2059 131 2084 in
150 2061 246 2089 Philos.
264 2062 394 2093 Transact.
413 2068 465 2094 vol.
476 2076 520 2101 42.
538 2069 637 2102 n.469.
654 2074 699 2094 art·
712 2069 748 2096 11.
765 2075 794 2100 p.
807 2067 858 2100 389
877 2073 932 2098 seq.

69 2103 149 2139 (55)
170 2108 190 2134 1-
207 2115 230 2133 c.
250 2117 277 2141 p.
291 2116 354 2142 391·.
726 2136 729 2138 .

843 2170 866 2199 F
888 2178 904 2207 3
