1919 2511
344 168 363 197 4
751 156 1408 192 L.SURINGAR

348 255 553 299 Amplissimi
577 265 615 287 ac
638 257 840 287 Patruorum
864 249 1148 285 Gravissimorum
1177 248 1422 294 plurimumque
1445 249 1722 284 Venerandomm
1751 260 1808 281 ex·

350 313 489 356 emplas
506 312 535 345 ei
560 311 602 344 ad
628 311 829 344 curriculum
856 309 984 342 virtutis
1015 306 1114 338 alacri
1144 306 1255 338 animo
1283 304 1533 350 ingrediendum
1558 312 1591 340 et
1619 311 1809 339 constanter

349 367 611 412 persequendum
630 368 756 410 optima
773 366 906 398 fuerunt
925 363 1149 395 incitamenta.

390 425 488 456 Felici
515 424 683 467 praeditus
709 423 837 466 ingenio
859 431 918 464 per
942 428 1041 452 omne
1065 416 1163 458 illud,
1195 416 1283 460 quod
1304 418 1337 450 in
1364 417 1428 451 hac
1452 418 1634 452 Academia
1661 423 1810 452 versatus

349 485 418 521 est,
450 485 579 523 tempus
601 485 633 512 et
652 480 779 511 Literas
805 477 1029 510 Humaniores
1056 479 1089 506 et
1108 472 1251 518 singulas
1274 474 1476 517 Disciplinae
1501 473 1678 507 Sanctioris
1700 479 1812 518 partes

350 538 515 580 diligenter
539 537 621 570 adeo
646 538 816 577 tractavit,
847 541 944 578 atque
970 531 1170 566 indefessam
1196 530 1231 563 in
1257 529 1373 563 studiis
1398 529 1625 563 assiduitatem
1654 529 1810 574 singulari

348 593 505 626 modestia
530 604 569 626 ac
594 594 679 627 vitae
704 601 902 634 morumque.
927 589 1110 631 integritate
1134 588 1180 619 ita
1205 588 1355 629 ornavit,
1386 593 1422 620 ut
1446 586 1717 631 praeceptoribus
1740 598 1808 619 non

349 655 477 682 tantum
489 674 499 691 ,
523 649 582 681 sed
596 648 696 681 etiam
712 649 781 681 aliis
796 672 806 690 ‚
830 648 885 691 qui
902 645 1071 690 ingenium
1090 650 1186 688 atque
1211 645 1395 677 doctrinam
1420 649 1508 676 recte
1535 642 1710 676 aestimare
1734 653 1810 687 pos-

348 707 432 748 sint,
457 716 559 749 quam
583 706 727 737 maxime
748 704 916 748 placuerit.
961 704 1001 735 ln
1025 702 1186 733 exercitiis
1212 701 1410 734 academicis
1431 706 1527 744 atque
1540 700 1748 733 examinibus
1770 711 1811 732 ex

347 764 434 805 Lege
449 761 606 794 institutis
623 767 693 793 tam
718 761 888 804 praeclara
915 757 1064 791 exhibuit
1089 756 1282 789 eruditionis
1307 758 1398 791 haud
1423 758 1564 801 vulgaris
1592 757 1810 799 documenta,

346 824 383 850 ut
399 816 633 861 communibus
659 817 810 851 omnium
833 814 996 857 suffragiis
1020 819 1052 846 et
1077 823 1155 847 vero
1178 815 1277 846 etiam
1301 815 1464 858 applausu
1479 815 1680 847 Candidatus
1699 814 1814 847 Theo-

347 874 448 917 logiae
474 875 516 906 sit
532 873 734 912 declaratus,
758 872 867 905 addita
893 869 1045 904 facultate
1069 880 1218 903 summos
1245 869 1279 903 in
1302 870 1367 903 hac
1391 871 1561 914 disciplina
1583 871 1726 904 honores
1750 882 1812 915 pe—

349 930 447 962 tendi.
496 929 587 961 Idem
616 929 709 963 brevi
732 934 807 972 post
831 939 849 960 a
869 928 1077 960 Venerandis
1100 929 1268 960 Ecclesiae
1291 928 1502 961 Reformatae
1530 929 1564 961 in
1584 928 1649 961 hac
1667 929 1812 972 Regione

347 986 546 1027 Praefectis,
567 985 680 1018 habito
708 985 878 1026 examine,
903 983 937 1017 in
966 987 998 1017 S.
1025 984 1201 1017 Ministcrii
1226 984 1485 1018 Candidatorum
1511 995 1691 1017 numerum
1719 990 1810 1018 tanta

351 1052 428 1074 cum
453 1042 548 1074 laude
575 1042 635 1074 suit
658 1042 829 1085 receptus,
853 1046 889 1073 ut
915 1052 1010 1084 spem
1034 1052 1053 1073 a
1075 1041 1170 1074 nobis
1192 1041 1232 1073 de
1252 1043 1323 1085 ipso
1343 1047 1536 1084 conceptam
1552 1041 1811 1074 cumulatissime

351 1098 518 1141 impleret3
542 1098 629 1141 quod
657 1098 739 1130 adeo
769 1100 839 1138 Te,
875 1096 1085 1131 Nobilissime
1115 1110 1304 1130 LYNDENE
1321 1121 1330 1139 ,
1362 1103 1495 1130 nostrae
1520 1100 1660 1130 Curator
1681 1097 1812 1131 Acade-

351 1154 458 1195 miae,
481 1155 663 1196 permovit,
687 1161 723 1187 ut
741 1165 836 1188 sacro
853 1167 930 1188 eum
947 1154 1079 1188 muneri
1099 1155 1188 1198 apud
1213 1158 1455 1187 Isemmenses
1474 1161 1547 1188 tuos
1564 1155 1768 1198 praefeceris.

323 1250 326 1252 -
397 1210 445 1241 Ita
461 1215 595 1252 peracto
620 1221 733 1244 severa
752 1211 818 1255 lege
837 1212 1019 1244 studiorum
1039 1211 1314 1244 Academicorum
1331 1222 1432 1244 cursu
1448 1211 1649 1244 Candidatus
1667 1209 1816 1243 elabora·

351 1263 397 1297 vit
415 1265 586 1307 Specimen
606 1267 794 1310 inaugurale
817 1266 860 1300 cle
879 1269 1008 1300 Coetus
1023 1258 1584 1313 Christianoram'Philippensis
1608 1267 1815 1301 condicione

346 1320 562 1364 primaeva,
586 1334 631 1355 ex
647 1324 816 1367 Epislolcc
836 1325 881 1358 iis
901 1326 945 1358 ab
960 1327 1138 1369 Apostolo
1158 1326 1278 1358 Paulo
1296 1325 1435 1368 εει-ἱρέα
1446 1324 1652 1369 praecipue
1678 1322 1815 1365 dijudi-

352 1377 499 1423 canda,
521 1379 663 1422 illudque
687 1391 763 1412 cum
794 1381 958 1413 Thesibus
975 1384 1111 1414 annexis
1131 1382 1165 1415 in
1192 1381 1310 1425 majori
1328 1382 1527 1415 Academiae
1551 1382 1721 1414 Auditorio
1743 1387 1813 1416 tam

349 1434 452 1475 perite
479 1445 519 1466 ac
544 1440 677 1475 strenue
705 1436 866 1478 defendit,
896 1444 932 1470 ut
956 1438 1107 1471 omnium
1121 1464 1130 1480 ,
1161 1444 1320 1481 quotquot
1342 1449 1462 1481 magno
1486 1448 1627 1470 numero
1646 1437 1809 1479 aderant,

349 1489 568 1532 Auditorum,
590 1492 708 1532 plausu
727 1499 881 1536 exceptus
903 1505 921 1526 a
939 1496 1108 1528 Facultate
1133 1494 1328 1538 Theologica
1352 1500 1384 1527 et
1408 1495 1563 1528 universo
1585 1496 1706 1526 Senatu
1727 1495 1813 1528 Am-

348 1543 495 1586 plissimo
511 1540 626 1587 dignus
643 1553 849 1589 censeretur,
874 1550 947 1591 qui,
973 1556 1009 1581 ut
1030 1551 1100 1591 ipse
1126 1551 1278 1592 antiquos
1305 1561 1415 1582 mores
1441 1556 1472 1582 et
1496 1552 1666 1593 antiquam
1688 1550 1813 1584 doctri-

350 1610 429 1633 nam
447 1600 561 1641 refert,
586 1601 629 1632 ita
649 1595 864 1634 Academicos
880 1603 1022 1636 honores
1042 1607 1207 1647 majorum
1221 1616 1313 1638 more
1332 1612 1598 1649 consequeretur.

391 1656 491 1699 Quod
508 1661 544 1688 ut
562 1656 632 1688 fieri
652 1659 718 1698 jam
736 1660 839 1700 possit
860 1661 899 1691 iis
920 1661 1054 1702 ritibus,
1086 1672 1168 1705 quos
1194 1661 1362 1705 ingeniosa
1388 1664 1556 1704 Majorum
1581 1663 1677 1697 nobis
1705 1665 1813 1698 tradi-

349 1712 395 1744 dit
409 1711 514 1755 pietas
526 1737 535 1753 ,
559 1723 636 1755 rogo
652 1715 701 1745 Te
713 1738 722 1755 ,
747 1713 956 1748 Nobilissime
974 1717 1174 1759 Candidate,
1196 1723 1232 1751 ut
1248 1719 1283 1751 in
1298 1718 1490 1753 cathedram
1514 1719 1603 1754 hanc
1625 1722 1810 1756 adscendas

348 1766 552 1812 superiorem
561 1793 572 1811 ‚
595 1780 734 1813 meoque
753 1773 802 1803 Te
817 1771 909 1805 lateri
924 1774 1049 1817 jungas.

393 1880 491 1921 Quod
515 1880 612 1924 igitur
634 1882 710 1915 felix
726 1883 935 1927 faustumque
951 1896 1022 1918 esse
1040 1885 1152 1928 jubeat
1171 1890 1264 1921 Deus
1289 1891 1328 1921 O.
1344 1890 1391 1921 M.
1404 1913 1413 1930 ‚
1435 1890 1587 1934 quodque
1607 1897 1639 1924 et
1655 1894 1808 1929 societati

348 1934 574 1979 Christianae,
599 1944 629 1970 et
651 1941 805 1981 Patriae,
814 1944 860 1972 et
880 1941 1034 1974 Leidensi
1060 1944 1257 1977 Academiae
1285 1945 1505 1979 honorificum
1524 1948 1566 1980 sit
1586 1953 1617 1980 et
1639 1950 1805 1993 salutare,

348 2001 388 2023 ex
412 1962 602 2025 auctorita'te
630 1994 779 2027 Rectoris
805 1998 993 2040 Magnifici,
1017 2010 1058 2032 ex
1080 2002 1286 2034 venerandae
1309 2003 1487 2035 Facultatis
1515 2003 1733 2049 Theologicae
1749 2007 1805 2040 de-

350 2040 438 2081 creto
461 2053 493 2081 et
511 2049 716 2094 Amplissimi
737 2053 876 2087 Senatus
898 2054 1087 2089 Academici
1113 2066 1297 2099 consensu,
1327 2068 1385 2101 ego
1411 2061 1460 2091 Te
1488 2073 1677 2095 JoANNEM
1698 2076 1807 2096 11000

1714 2121 1795 2152 Do}
1795 2138 1810 2146 ο
