1919 2511
303 210 343 238 70
597 199 800 231 PETRI
859 197 1213 230 ABRAHAMI
1267 198 1519 238 JELTES

306 285 344 314 rit
365 283 464 313 inferri
482 283 546 318 vis,
570 284 626 319 qua
648 284 719 312 male
741 281 884 319 applicata
904 289 932 311 et
949 282 1076 317 directa,
1098 282 1211 318 pej0res
1232 280 1297 310 inde
1313 282 1368 311 orti
1386 281 1443 311 sint
1461 282 1579 311 effectus
1592 302 1602 318 ‚
1623 290 1741 312 necesse
1757 289 1815 313 est.

345 335 376 366 Si
398 342 491 364 autem
519 334 774 363 instrumentorum
801 333 981 363 Auctoribus
1008 332 1091 361 fidem
1116 332 1290 368 habeamus,
1311 333 1424 362 videtur
1446 333 1576 362 extensio
1601 331 1694 362 fuisse
1711 342 1818 363 conve·

306 387 410 422 niens,
433 394 497 414 cum
520 384 580 414 fere
608 386 732 422 quisque
757 385 867 421 magnis
892 385 1025 414 laudibus
1048 392 1126 412 suam
1151 385 1268 412 extollat
1293 384 1468 420 machinam,
1502 383 1676 421 aptissimam
1705 384 1816 414 scilicet

306 439 342 467 ad
366 439 513 467 humerum
533 438 659 466 luxatum
686 436 904 473 reponendum,
929 444 981 466 nec
1006 435 1035 463 id
1059 434 1215 463 dubitando
1242 434 1311 470 quid
1333 435 1368 463 de
1389 435 1480 472 gloria
1500 434 1534 464 iis
1557 435 1704 464 detrahere
1723 437 1815 473 volo,

306 490 375 519 licet
404 488 502 517 forsan
533 488 621 516 multa
653 487 730 515 casui
759 487 904 522 fortuito,
940 486 1117 515 extensionis
1147 485 1332 514 directionem
1359 485 1566 515 administranti
1597 486 1715 515 attribui
1745 495 1816 524 pos.

307 547 383 570 sent.
426 539 459 568 Id
484 545 577 567 autem
608 537 710 566 Galeni
737 538 767 567 in
798 538 985 576 dijudicandis
1006 536 1207 566 instrumentis
1226 545 1285 566 non
1311 536 1496 565 omittendum
1523 536 1657 568 videtur:
1701 558 1719 574 „
1738 546 1819 577 opor·

306 591 375 621 tebit
401 589 548 619 excidendi
567 588 652 625 finem
675 590 852 628 principium
879 599 933 618 esse
957 588 1136 624 revertendi,
1166 594 1251 625 atque
1280 586 1345 616 inde
1370 596 1471 616 rursus
1496 586 1539 616 ad
1563 587 1709 617 excidendi
1730 592 1819 628 prin.

306 643 411 681 cipium
435 639 597 680 procedere.
651 640 721 670 Cum
747 633 859 670 humeri
885 647 992 679 caput,
1020 650 1069 670 suo
1092 641 1146 670 loco
1170 646 1294 675 motum,
1318 641 1350 668 in
1370 641 1496 678 priorem
1518 646 1634 678 partem
1662 642 1758 678 venit,
1787 641 1819 671 ob

306 692 413 732 pondus
439 691 564 721 deorsum
575 690 699 728 ,ἴεν-ίαν,
719 690 818 721 deinde
834 693 865 720 in
883 694 1066 730 posteriorem
1083 698 1195 730 partem
1215 690 1257 720 ad
1276 691 1374 726 latus,
1397 693 1426 720 νὶ
1450 691 1638 720 musculorum
1662 690 1704 719 ad
1723 701 1751 720 se
1773 700 1819 721 re-

307 745 486 774 currentium
509 743 703 771 contrahitur.
754 742 824 770 Cum
846 751 911 779 ergo
938 744 1045 772 reverti
1067 742 1108 771 ad
1125 750 1205 770 suam
1229 741 1316 770 sedem
1345 741 1442 778 debet,
1471 742 1602 771 inchoari
1630 751 1650 770 a
1668 744 1820 781 posteriore*

308 796 421 833 regione
445 802 547 822 necesse
571 799 628 827 est,
656 800 777 831 tuncque
796 794 891 831 primo
917 794 949 821 in
971 795 1098 832 priorem
1122 799 1234 831 partem
1267 793 1397 830 impelli,
1426 800 1525 831 postea
1553 801 1665 821 sursum
1691 792 1819 831 adduci,

307 845 389 876 cet.’'
410 845 479 882 (9)
500 852 586 880 cum,
608 843 633 872 si
651 844 716 873 huic
731 845 842 873 monito
860 844 954 880 possit
972 844 1145 881 respondere
1167 843 1407 879 instrumentum,
1429 851 1527 879 magna
1547 843 1639 871 totius
1661 843 1822 873 restitutio-

308 897 354 927 nis
380 905 445 934 pars
467 896 654 931 absolvetur,
676 895 762 924 simul
786 895 824 923 ita
844 895 975 924 relaxatis
995 895 1135 924 musculis
1155 895 1229 924 ossis
1250 893 1338 923 luxati
1356 894 1551 931 adjacentibus
1566 914 1576 930 ,
1599 900 1627 923 et
1647 894 1820 930 contractis,

308 955 342 977 ut
365 947 458 977 minor
480 947 616 975 offeratur
634 945 811 975 restitutioni
837 946 1017 982 resistentia,
1040 953 1067 975 et
1089 946 1244 975 facilitetur
1263 945 1394 974 reductio
1415 946 1512 984 (ιο).

346 999 445 1028 Nemo
466 1004 543 1026 certe
566 1003 630 1031 est,
653 996 702 1032 qui
727 996 858 1032 dubitet,
882 997 952 1033 quin
973 999 1021 1027 hic
1040 997 1121 1026 etiam
1143 996 1265 1033 simplex
1287 996 1326 1026 sit
1348 997 1474 1033 sigillum
1496 996 1574 1033 veri;
1599 996 1716 1026 exulent
1734 995 1821 1033 igitur

310 1049 407 1081 omnia
427 1050 635 1083 instrumenta,
659 1056 782 1083 quotum
801 1055 945 1077 structura
965 1049 1003 1077 ob
1023 1048 1242 1085 complicatam,
1275 1055 1303 1076 et
1323 1047 1480 1076 intricatam
1501 1047 1744 1084 compositionem
1765 1046 1822 1076 dif-

309 1101 416 1131 ficilius
434 1098 639 1135 comprehendi
655 1104 772 1134 potest,
793 1106 846 1127 nec
865 1098 958 1128 minus
980 1098 1128 1127 difficilem
1153 1107 1253 1128 eorum
1273 1106 1356 1126 usum
1381 1106 1462 1130 esse,
1491 1098 1556 1127 inde
1584 1098 1687 1126 merito
1704 1099 1822 1127 conclu-

310 1153 377 1184 dere
395 1151 437 1180 fas
456 1156 510 1179 est.
553 1148 728 1184 Simplicitas
749 1148 882 1178 nimirum
908 1156 935 1178 et
961 1146 1163 1186 applicationis
1182 1149 1305 1178 facilitas
1330 1157 1389 1178 non
1408 1157 1494 1185 parva
1516 1149 1586 1177 mihi
1609 1148 1742 1178 videntur
1760 1157 1824 1177 mo-

309 1210 425 1239 menta,
447 1209 519 1238 quae
535 1208 624 1229 unum
641 1199 863 1228 instrumentum
881 1201 960 1228 alteri
976 1207 1170 1238 praeponunt.

349 1254 394 1284 20.
416 1251 462 1281 De
478 1251 774 1281 contra-extensione.
817 1252 895 1279 Inter
915 1251 968 1281 alia
993 1257 1075 1280 notat
1099 1249 1195 1286 Boyer
1215 1249 1297 1287 (11)
1324 1248 1359 1277 de
1382 1249 1484 1285 ambe,
1513 1249 1636 1285 aliisque
1661 1248 1822 1285 reponendi

312 1305 405 1336 modis
423 1306 560 1337 locutus,
580 1310 760 1338 nequaquam
782 1304 949 1339 scapulam,
970 1303 996 1331 si
1011 1301 1151 1340 ejusmodi
1173 1300 1364 1329 instrumento
1380 1299 1489 1335 utaris,
1509 1300 1582 1337 figi,
1602 1300 1642 1329 ita
1663 1305 1694 1328 ut
1709 1300 1821 1329 nullum

312 1364 428 1394 paretur
448 1354 701 1390 impedimentum,
723 1353 878 1389 quominus
896 1353 969 1382 illud
985 1362 1019 1382 os
1035 1355 1122 1382 latum
1138 1352 1196 1381 vim
1215 1357 1352 1388 sequatur
1366 1351 1401 1380 ab
1420 1353 1586 1382 extensione
1604 1352 1709 1381 illatam
1727 1351 1819 1388 (γης

312 1408 392 1444 quod
409 1405 466 1436 nisi
483 1404 627 1440 evitetur,
654 1403 820 1433 difficillima
837 1404 871 1433 fit
893 1403 1046 1440 repositio.
1096 1402 1265 1431 Necessaria
1288 1410 1357 1439 ergo
1383 1409 1426 1432 est
1453 1403 1733 1439 contra-extensio,
1764 1403 1822 1437 qua

312 1459 428 1494 scapula
448 1462 476 1484 et
497 1454 636 1484 clavicula
658 1455 696 1484 ita
717 1455 898 1490 retinentur,
921 1461 952 1483 ut
970 1461 1107 1490 punctum
1127 1454 1214 1482 fixum
1235 1453 1409 1488 praebeant,
1439 1453 1468 1482 in
1494 1454 1573 1490 quod
1591 1454 1727 1482 humerus
1743 1454 1823 1482 luxa-

314 1517 362 1538 tus
378 1516 460 1545 agere
478 1512 597 1543 potest,
619 1512 669 1540 et,
692 1505 851 1534 sufficienti
867 1505 1057 1540 extensione,
1081 1504 1221 1541 repositio
1240 1503 1313 1533 fieri.
1358 1503 1418 1533 Ubi
1433 1512 1533 1533 manus
1553 1504 1729 1534 extensionis
1747 1513 1822 1541 opus

311 1560 487 1592 absolvunt,
508 1555 622 1592 saepius
642 1555 725 1585 etiam
741 1563 858 1585 contra·
873 1556 1066 1584 extensionem
1086 1564 1137 1592 per
1155 1563 1253 1584 manus
1280 1555 1372 1583 curari
1387 1555 1530 1585 videmus.
1572 1555 1650 1584 Tum
1670 1555 1746 1585 enim
1762 1555 1824 1584 chi-

314 1610 395 1647 rurgi
417 1607 622 1645 repositionem
641 1607 803 1642 operantis,
833 1608 880 1635 vel
904 1606 1081 1635 amanuensis
1101 1614 1201 1635 manus
1220 1607 1353 1641 scapulae
1373 1606 1557 1641 processibus
1577 1606 1711 1642 imposita
1729 1605 1824 1642 ipsius

318 1668 362 1691 est
387 1659 594 1694 retinaculum,
625 1666 662 1686 ne
685 1656 783 1686 irritus
815 1656 863 1686 fiat
888 1656 1066 1686 extensionis
1094 1656 1200 1690 labor,
1229 1656 1321 1691 qualis
1347 1656 1630 1692 contra-extensio,
1661 1656 1824 1686 extensioni

315 1710 444 1748 aequalis
467 1708 580 1746 saepius
600 1707 631 1738 in
654 1707 812 1737 macilentis
833 1707 1019 1743 hominibus,
1043 1715 1165 1743 quorum
1184 1715 1285 1736 recens
1305 1713 1364 1736 erat
1381 1705 1508 1744 laxatio,
1528 1713 1601 1737 teste
1618 1707 1822 1745 Hippocrate,

316 1762 441 1793 sufficit.

353 1812 413 1842 Hic
436 1817 529 1841 autem
551 1808 645 1840 notari
664 1815 809 1846 meretur,
834 1809 912 1846 quod
936 1809 979 1839 vis
1002 1809 1177 1839 extensionis
1202 1816 1229 1839 et
1251 1807 1556 1838 contra-extensionis
1582 1817 1666 1846 quam
1693 1809 1825 1846 proxime

1768 1868 1825 1898 1p51

352 1943 416 1979 (9)
445 1944 505 1970 Gal.
526 1943 552 1968 in
569 1943 651 1976 Hipp.
674 1941 707 1968 de
729 1949 775 1969 art.
798 1943 839 1971 ed.
864 1943 932 1976 apud
957 1943 1028 1978 Junt.
1055 1943 1130 1970 class.
1147 1950 1173 1977 7.
1197 1950 1222 1976 p.
1236 1949 1294 1975 252.
1319 1941 1394 1968 conf.
1418 1942 1525 1975 Caspari
1552 1941 1569 1968 1.
1588 1948 1613 1968 c.
1639 1950 1668 1976 p.
1687 1948 1744 1975 103.

355 1991 441 2028 (ιο)
470 1990 550 2016 Conf.
571 1990 695 2016 Memoir.
716 1989 749 2016 de
771 1990 873 2017 l'Acad.
889 1989 987 2023 Royal.
1007 1990 1039 2015 de
1061 1990 1138 2016 Chir.
1162 1996 1180 2016 t.
1194 1996 1218 2021 5.
1242 1997 1270 2021 p.
1287 1989 1346 2014 812.
1367 1993 1426 2021 4t0‚

353 2038 369 2070 (
383 2045 409 2065 11
424 2037 439 2072 )
458 2037 562 2070 Lecons
581 2043 623 2062 sur
639 2037 677 2061 les
694 2036 784 2064 malad.
801 2036 845 2062 des
866 2044 895 2062 os
910 2043 954 2069 par
969 2034 1136 2062 Richerand,
1156 2042 1175 2063 t.
1187 2043 1212 2061 2.
1230 2043 1255 2068 p.
1272 2036 1312 2061 86.
1330 2035 1409 2061 Paris.
1430 2035 1504 2066 ¹803.

355 2083 435 2120 (12)
455 2083 630 2115 Hippocrates
642 2100 651 2114 ‚
675 2083 701 2108 in
719 2084 817 2109 auxilio
836 2083 944 2109 manuali
969 2083 1044 2109 etiam
1062 2083 1352 2108 contra-extensionem
1370 2079 1564 2113 quodammodo
1581 2086 1685 2106 curasse
1702 2080 1826 2111 videtur.

321 2131 423 2157 locutus
441 2128 474 2156 de
492 2128 576 2160 capite
594 2128 725 2161 chirurgi,
743 2129 833 2161 digitis
850 2130 897 2156 sub
914 2130 976 2156 alam
993 2129 1127 2160 immissis,
1146 2127 1176 2154 ad
1194 2134 1317 2153 summum
1333 2127 1468 2154 humerum
1484 2126 1616 2154 affirmato.
1635 2126 1710 2154 conf.
1723 2127 1824 2154 sect.6.

322 2175 477 2203 Mochlicus
495 2182 523 2208 p.
540 2181 599 2202 122.
615 2175 678 2202 edit.
692 2176 792 2203 Foe‘sii.
