2912 4368
1271 1040 1308 1070 C.
1364 1035 1547 1068 PRUYS'
1574 1045 1654 1069 vAN
1685 1047 1766 1071 nnn
1798 1038 2028 1073 HOEVEN

924 1129 1014 1163 enim
1039 1125 1178 1161 candido
1202 1124 1271 1159 viro
1295 1135 1334 1157 00
1357 1124 1498 1167 simplici
1521 1134 1578 1168 ego
1610 1124 1728 1167 collega
1753 1124 1850 1157 datus
1876 1135 1971 1168 sum,
2001 1126 2158 1171 simplicis
2182 1129 2339 1173 cujusque
2360 1133 2393 1162 et

926 1186 995 1219 veri
1024 1183 1186 1217 laudator.
1232 1182 1301 1223 Ego
1336 1179 1520 1213 medicinae
1545 1180 1710 1223 practicae
1738 1181 1853 1214 doctor
1883 1188 1914 1216 et
1936 1183 2090 1217 historiae
2115 1184 2298 1219 medicinae
2322 1187 2396 1219 cul-

928 1248 978 1274 tor
1008 1246 1038 1272 te
1066 1240 1221 1279 colis-gam
1247 1241 1365 1268 nactus
1395 1247 1491 1277 sum,
1522 1236 1705 1269 medicinae
1740 1239 1906 1281 practicae
1937 1240 2106 1274 doctorem
2138 1247 2170 1274 01
2195 1242 2324 1274 fidelem
2348 1244 2397 1275 si-

930 1298 1001 1329 mul
1035 1297 1112 1328 artis
1144 1293 1350 1325 historicum.
1413 1295 1482 1325 Nos
1512 1293 1632 1335 igitur,
1671 1294 1733 1326 Vir
1755 1297 1892 1337 optime!
1924 1302 2083 1339 perpetua
2115 1299 2227 1341 jungat
2251 1298 2395 1331 fraterna

929 1352 1050 1385 caritas
1065 1376 1074 1392 ,
1098 1350 1273 1392 nostrAque
1300 1353 1331 1381 et
1352 1349 1452 1391 opera
1476 1354 1506 1380 et
1532 1348 1676 1382 amicitiai
1699 1350 1813 1385 floreat
1837 1351 2005 1396 vigeatque
2028 1353 2138 1396 prisca
2164 1355 2247 1388 haec
2280 1361 2312 1388 et
2341 1367 2396 1389 ce-

930 1408 1123 1448 leberrima,
1157 1417 1258 1449 quam
1288 1406 1482 1437 immortalis
1514 1405 1566 1437 1110
1596 1419 1843 1450 nonmmmws,
1867 1414 1978 1441 noster
2006 1409 2194 1452 quondam,
2227 1412 2397 1454 condidit,

928 1464 1139 1496 Medicorum
1166 1465 1370 1495 Batavorum
1392 1461 1531 1493 Schola!

975 1523 1088 1561 Quam
1125 1519 1241 1552 vellem
1269 1523 1301 1550 et
1333 1517 1387 1550 hic
1418 1522 1627 1560 praesentem
1653 1516 1774 1551 intueri
1803 1519 1884 1553 mihi
1915 1520 2024 1553 liceret
2057 1526 2205 1554 vestrum
2230 1522 2399 1566 quondam

931 1589 1131 1611 BERNARDUM
1149 1602 1158 1618 ,
1192 1578 1302 1610 virum
1327 1581 1358 1609 et
1383 1582 1452 1608 arte
1476 1582 1507 1608 et
1531 1576 1685 1609 facundia
1707 1577 1889 1619 insignem,
1927 1577 1979 1609 eui
2008 1587 2085 1609 cum
2117 1583 2148 1609 et
2182 1589 2220 1610 eo
2247 1580 2397 1621 cupiente

932 1644 1104 1666 successor
1141 1633 1237 1665 datus
1269 1633 1355 1673 siin,
1394 1632 1547 1675 equidem
1576 1644 1643 1666 non
1676 1634 1793 1665 melius
1822 1639 1878 1666 aut
1907 1635 2014 1676 aptius
2044 1645 2099 1666 me
2129 1635 2232 1677 ipsius
2262 1636 2399 1669 rationis

931 1700 1002 1722 esse
1032 1690 1287 1730 admiratorem,
1311 1687 1495 1732 significare
1520 1691 1664 1731 potuisse
1686 1688 1819 1733 putavi,
1842 1700 1943 1733 quam
1964 1691 2013 1731 si,
2037 1692 2132 1733 cujus
2153 1692 2181 1724 is
2203 1692 2307 1724 cultor
2326 1698 2373 1725 cst
2387 1717 2399 1735 ,

929 1747 1077 1781 oratione
1109 1746 1396 1779 commendassem
1421 1744 1676 1788 simplicitatem.

972 1806 1075 1836 Hunc
1097 1802 1255 1846 simplicis
1280 1804 1411 1846 verique
1435 1813 1593 1844 sensum,
1625 1804 1652 1835 si
1679 1804 1748 1846 ipse
1776 1803 1918 1847 aliquem
1943 1802 2106 1846 habeam,
2129 1804 2275 1848 primum
2295 1803 2399 1838 debeo

930 1860 1098 1893 excultum
1123 1872 1302 1901 1101301110,
1326 1860 1532 1903 praeceptori
1551 1858 1720 1903 quondam
1741 1870 1837 1900 meo,
1860 1859 1916 1892 diu
1943 1862 2011 1902 jam
2036 1860 2137 1894 eheu!
2161 1861 2257 1894 nobis
2281 1860 2403 1894 rebus-

931 1928 996 1960 que
1018 1916 1175 1949 humanis
1200 1923 1311 1960 erepto
1320 1930 1332 1957 5
1354 1917 1431 1949 dein
1452 1918 1487 1949 in
1514 1916 1602 1957 hac,
1629 1927 1729 1959 quam
1749 1916 1905 1959 profiteor
1931 1923 2021 1959 arte,
2053 1918 2139 1960 patri
2166 1919 2312 1961 optimo,
2342 1929 2403 1950 cu-

930 1975 983 2016 jus
1008 1979 1054 2007 tot
1082 1978 1238 2016 tantaque
1262 1974 1296 2006 in
1322 1984 1376 2005 me
1400 1979 1531 2006 exstant
1559 1973 1676 2006 collata
1701 1972 1877 2014 beneficia,
1908 1978 1944 2005 ut
1966 1974 2005 2005 iis
2030 1974 2266 2006 enumerandis
2294 1974 2404 2016 impar

932 2030 973 2064 sit
997 2032 1101 2064 oratio
1127 2041 1216 2064 mea.
1261 2031 1388 2073 Quodsi
1416 2031 1530 2074 aliquis
1560 2029 1642 2061 mihi
1673 2029 1715 2061 sit
1740 2030 1820 2061 artis
1840 2039 1943 2070 usus,
1973 2039 2039 2072 quo
2068 2029 2269 2072 quibusdam
2292 2031 2406 2073 opitu-

933 2086 1013 2126 lari,
1039 2087 1118 2119 alios
1143 2096 1273 2119 servare
1301 2087 1447 2129 possim,
1471 2085 1551 2118 illud
1571 2096 1693 2126 omne,
1718 2085 1875 2129 quidquid
1894 2085 1954 2127 sit,
1978 2084 2056 2118 huic
2079 2085 2183 2119 debeo
2209 2086 2402 2119 Auditores!

932 2145 982 2176 Te
1007 2143 1121 2186 igitur,
1144 2146 1244 2176 Pater
1267 2145 1411 2188 optime,
1445 2155 1465 2177 a
1499 2154 1565 2188 quo
1590 2145 1653 2177 nisi
1676 2154 1771 2188 aegre
1794 2142 1911 2175 abesse
1934 2153 1988 2175 me
2014 2142 2142 2185 patiar,
2163 2147 2196 2175 te
2217 2142 2316 2184 hujus
2334 2141 2407 2176 for-

932 2206 1033 2233 tunae
1053 2209 1148 2232 meae
1172 2200 1305 2233 fabrum
1336 2211 1496 2244 agnosco,
1522 2204 1659 2245 Deoque
1681 2202 1814 2244 Optimo
1832 2201 1983 2233 Maximo
2001 2201 2122 2243 gratias
2147 2211 2208 2243 ago
2232 2199 2407 2243 habeoque

932 2257 1098 2289 maximas
1110 2280 1120 2297 ,
1143 2257 1217 2300 qui,
1242 2267 1322 2289 cum
1342 2267 1397 2289 me
1415 2258 1480 2291 1100
1498 2269 1636 2292 munere
1656 2258 1746 2301 fungi
1763 2257 1874 2298 vellet,
1899 2262 1930 2289 te
1950 2256 2032 2289 mihi
2053 2255 2180 2290 dederit
2204 2256 2283 2289 artis
2303 2265 2405 2298 prac-

934 2318 1113 2357 ceptorem.

974 2373 1046 2404 Vos
1074 2369 1235 2413 denique,
1256 2371 1397 2404 Juvenes
1424 2368 1658 2410 Ornatissimi,
1680 2367 1866 2401 Medicinae
1889 2365 2049 2399 Studiosi!
2079 2377 2133 2400 me
2162 2365 2310 2399 habeatis
2338 2377 2405 2400 non

935 2432 1066 2460 tantum
1091 2426 1278 2458 studiorum
1300 2425 1443 2466 ducem,
1466 2425 1524 2457 sed
1547 2434 1660 2457 rerum
1685 2424 1783 2457 simul
1807 2430 1994 2459 vestrarum
2021 2423 2301 2457 studiosissimum
2315 2449 2325 2466 ,
2348 2425 2407 2458 sed

936 2482 1083 2515 amicum
1107 2482 1273 2514 sincerum
1287 2506 1297 2522 ,
1320 2480 1379 2513 sed
1404 2486 1552 2515 vestrum
1573 2479 1738 2524 imprimis
1761 2480 1993 2513 inservientem
2019 2481 2202 2514 commodis
2226 2486 2259 2513 et
2283 2481 2409 2513 utilita-

937 2538 1045 2580 tibus,
1066 2539 1119 2571 cui
1139 2537 1220 2570 nihil
1233 2538 1337 2581 magis
1355 2547 1453 2570 curae
1471 2536 1550 2578 erit,
1575 2548 1675 2581 quam
1692 2543 1729 2569 ut
1744 2546 1857 2570 veram
1878 2537 2127 2579 consequamini
2144 2535 2313 2568 doctrinae
2333 2535 2408 2566 lau-

936 2594 1014 2627 dem
1037 2599 1070 2627 et
1094 2595 1253 2638 gloriam,
1283 2594 1489 2637 optimosque
1518 2591 1639 2636 ingenii
1666 2590 1833 2635 animique
1854 2591 1945 2624 dotes
1972 2592 2077 2635 pulcri
2105 2591 2269 2623 exornetis
2297 2590 2406 2623 studio

940 2657 971 2682 et
995 2652 1064 2685 veri
1089 2653 1247 2694 cujusque
1278 2651 1502 2693 simplicisque
1528 2659 1654 2690 sensu,
1686 2659 1752 2691 quo
1779 2646 1808 2679 si
1837 2647 1954 2679 imbuti
1981 2647 2069 2680 hanc
2094 2653 2244 2680 nostram
2269 2645 2404 2679 fideliter

943 2706 1116 2740 didiceritis
1141 2713 1245 2740 artem
1258 2732 1267 2749 ,
1292 2713 1323 2740 et
1343 2717 1401 2741 vos
1419 2707 1540 2749 peritos
1559 2706 1660 2741 vestri
1680 2703 1894 2738 celebrabunt
1917 2704 2062 2738 medicos
2075 2728 2086 2745 ,
2108 2709 2139 2736 et
2151 2704 2291 2746 optimos
2308 2711 2407 2735 ama-

938 2761 1022 2795 bunt
1044 2763 1264 2807 candidosque
1289 2765 1386 2798 viros.

980 2821 1067 2851 Rem
1088 2820 1246 2861 arduam,
1271 2820 1395 2861 fateor,
1424 2825 1456 2852 et
1482 2817 1708 2863 perdifficilem
1733 2815 1964 2862 aggredimini,
1994 2814 2241 2848 commilitones
2266 2810 2401 2855 optimi!

939 2875 994 2919 qui
1015 2885 1114 2907 omne
1142 2875 1288 2908 studium
1308 2882 1339 2908 et
1362 2887 1498 2908 omnem
1519 2875 1666 2908 laborem
1687 2880 1833 2908 vestrum
1855 2875 1889 2906 in
1910 2872 2069 2905 medicina
2097 2868 2323 2903 collocandum
2346 2878 2400 2900 es-

941 2941 977 2963 se
1002 2941 1042 2963 ac
1065 2931 1257 2974 ponendum
1282 2931 1412 2964 ducitis.
1458 2934 1545 2964 Nam
1576 2933 1642 2963 vita
1668 2930 1801 2972 brevis,
1832 2940 1887 2962 ars
1908 2929 2028 2972 longa,
2059 2926 2190 2959 occasio
2218 2935 2402 2968 praeceps,

942 2988 1144 3032 experientia
1166 2988 1285 3029 fallax,
1314 2989 1474 3030 iudicium
1506 2987 1648 3021 dillieile.
1696 2987 1759 3020 Sed
1783 2996 1902 3030 magna
1928 2995 1985 3019 vos
2010 2987 2146 3016 manent
2174 2980 2326 3014 laborum
2358 2992 2399 3013 ac

2326 3041 2401 3071 stu-
