1919 2511
262 154 300 183 34
550 141 834 181 JOANNIS
895 141 1206 174 HERMANI
1264 143 1486 175 KROON

302 225 439 254 Animam
459 224 588 263 reliquit.
630 224 678 253 Sic
699 231 727 253 et
748 224 868 257 Terent.
888 225 1016 263 Adelph.
1038 226 1105 257 Act.
1122 225 1175 256 111.
1197 225 1248 256 Se.
1262 236 1294 263 4.
1315 236 1359 260 vs.
1376 234 1424 264 52.

551 275 687 304 Animam
708 276 868 313 relinquam
885 278 1000 315 potius,
1020 286 1105 316 quam
1125 278 1207 307 illam
1227 278 1332 308 desero.

301 327 412 357 Datum
431 328 463 355 in
482 333 666 366 conspectum.
706 326 821 356 Rursus
842 336 876 357 ex
897 327 1017 358 Terent.
1038 330 1156 360 Phorm.
1180 329 1247 359 Act.
1267 331 1309 360 11.
1329 329 1380 361 Sc,
1402 338 1429 360 ι.
1451 339 1496 361 vs.
1514 339 1561 369 31.

909 380 998 416 ipsum
1015 381 1104 417 gestio

590 430 671 458 Dari
692 429 762 457 mihi
781 430 812 457 in
831 435 1015 471 conspectum.

264 481 338 517 apud
362 488 444 516 quem
467 479 567 509 similis
586 479 645 508 fere
662 486 705 508 est
721 481 804 508 locus
820 480 850 509 in
865 480 992 517 Adelph.
1020 481 1090 511 Act.
1108 482 1164 512 111.
1185 483 1234 512 Sc.
1253 493 1279 513 2.
1310 491 1357 512 vs·
1376 491 1422 520 13.

494 531 584 561 Nihil
597 537 636 559 est
650 530 725 568 quod
737 532 853 567 malim,
874 541 958 570 quam
978 532 1059 562 illam
1079 539 1168 563 totam
1180 533 1331 570 familiam
1351 535 1421 563 mihi
1440 534 1509 564 dari
1528 535 1647 566 obviam.

303 582 464 612 Comemsit.
505 580 625 611 Leniori
649 590 736 611 sensu
761 583 958 620 accipiendum
983 593 1036 621 pro
1060 594 1113 614 non
1137 587 1246 615 timuit.
1297 586 1407 615 Eodem
1432 587 1540 624 m0d0‚
1571 589 1639 618 licet
1669 590 1721 620 alia
1743 591 1772 620 in

263 643 312 669 re,
332 634 388 663 hoc
411 633 501 663 verbo
527 633 618 661 utitur
634 632 701 664 cic.
725 634 786 665 Off.
806 635 876 664 Lib·
896 635 920 664 1.
943 644 1007 673 cap.
1030 645 1056 666 1.
1102 657 1120 673 ,.,
1137 636 1261 675 Quorum
1281 644 1397 675 uterque
1412 648 1460 667 suo
1482 639 1573 669 studio
1591 640 1765 678 delectatus,

270 705 286 721 ‚‚
306 685 451 714 contemsit
470 684 620 714 altemm'’
642 684 663 713 i.
685 693 713 715 e.
734 686 828 714 uomit
846 693 978 716 tractare.

300 734 475 765 Adsuetudo.
514 735 582 764 Vox
607 735 720 773 saepius
743 737 819 774 apud
836 736 955 768 Livium
972 737 1076 777 obvia,
1097 748 1152 777 pro
1178 747 1233 777 qua
1256 739 1343 770 ceteri
1365 740 1462 776 Latini
1487 744 1644 780 scriptores
1670 745 1769 781 potius

262 785 425 816 consuetudo
445 793 632 824 usurparunt,

966 910 1085 922 —-—.

581 1009 840 1040 FABULA
902 987 1452 1043 UNDEVIGESrMA.

809 1120 989 1139 VULPES
1041 1118 1093 1138 ΕΤ
1145 1121 1243 1141 υνΑ.

553 1207 656 1245 Vulpes
676 1207 822 1244 esuriens,
841 1208 905 1237 alta
925 1207 960 1236 de
977 1209 1035 1238 vite
1054 1216 1175 1237 racemos

549 1258 705 1287 Pandantes
724 1258 804 1287 nulla
822 1267 909 1297 quum
928 1266 1066 1297 prensare
1084 1265 1150 1288 arte
1168 1259 1298 1295 valeret⁹

551 1309 615 1337 Nec
633 1308 748 1347 pedibus
766 1315 902 1346 tantum,
923 1317 977 1339 aut
995 1310 1069 1348 agili
1087 1320 1114 1339 se
1133 1310 1232 1339 tollere
1250 1311 1347 1346 saltu,

550 1359 594 1388 Re
612 1359 720 1396 infecta
740 1359 904 1397 abscedens,
924 1361 995 1391 haec
1012 1370 1122 1397 secum,
1144 1361 1208 1399 Age
1225 1361 1340 1399 desine,
1360 1360 1458 1398 dixit,

555 1409 720 1440 Immatura
740 1419 797 1440 uva
817 1417 872 1446 est,
890 1419 1030 1450 gustuque
1049 1413 1176 1442 insuavis
1194 1412 1304 1443 acerbo.

557 1511 727 1541 Consuevere
745 1512 867 1543 homines
879 1533 891 1551 ‚
911 1521 1011 1545 eventu
1031 1515 1056 1543 si
1074 1523 1133 1552 qua
1153 1516 1268 1544 sinistro

551 1563 627 1592 Vota
646 1563 773 1602 cadunt,
794 1567 830 1594 iis
849 1573 877 1594 se
895 1575 924 1595 se
941 1566 1047 1597 alienos
1066 1567 1136 1596 velle
1154 1566 1257 1597 vlderi.

309 1661 410 1701 Vulpes
430 1669 456 1692 et
477 1662 552 1693 Uva.
592 1665 625 1695 In
649 1665 771 1696 Planud.
796 1668 867 1697 coll.
894 1675 955 1698 non
984 1667 1125 1704 reperitur
1152 1668 1204 1697 sed
1227 1673 1320 1697 exstat
1340 1669 1416 1707 apud
1438 1667 1573 1699 Gabriam
1601 1667 1664 1699 No.
1685 1670 1730 1699 18.
1753 1677 1782 1698 et

269 1713 336 1750 bis,
367 1720 473 1743 mutata
496 1721 606 1744 tantum
631 1717 777 1753 paulisper
798 1719 930 1748 narrandi
953 1720 1118 1755 suavitate,
1141 1720 1218 1756 apud
1240 1720 1275 1748 de
1297 1720 1369 1750 Fur.
1392 1720 1456 1752 No.
1473 1728 1493 1759 5
1515 1726 1544 1750 et
1561 1727 1627 1756 170.
1653 1720 1688 1749 ad
1711 1728 1782 1756 quas

274 1763 402 1794 conferri
427 1772 572 1795 merentur
598 1773 683 1796 notae
704 1767 842 1804 editoris;
865 1776 910 1799 est
939 1778 1055 1807 quoque
1079 1770 1149 1800 haec
1172 1769 1270 1800 fabula
1293 1771 1449 1802 FaErniana
1466 1771 1540 1802 inter
1559 1779 1686 1809 paucaS,
1709 1779 1779 1807 quas

272 1816 416 1852 expressit
438 1816 521 1846 etiam
548 1817 693 1847 Phaedrus
718 1818 789 1849 Lib.
804 1818 858 1849 lV.
881 1819 942 1851 fab.
961 1829 993 1853 2.
1016 1822 1068 1852 sed
1093 1829 1165 1859 quae
1190 1821 1278 1852 simul
1299 1823 1446 1861 ostendit,
1466 1823 1604 1856 Faernum
1621 1821 1708 1861 plagii
1726 1822 1782 1851 cri-

273 1867 350 1896 mine
369 1876 492 1905 prorsus
513 1876 576 1897 esse
596 1868 733 1899 liberum.

309 1917 387 1950 Vota
412 1918 530 1950 cadunt.
571 1920 696 1951 Imitatio
721 1921 908 1960 Propertiana
931 1932 971 1954 ex»
989 1923 1058 1956 Lib.
1074 1924 1102 1958 1.
1125 1927 1200 1965 eleg.
1223 1934 1270 1964 17.
1299 1935 1344 1958 vs.
1362 1935 1405 1965 4.,

274 2003 281 2008 ¹
563 1970 721 2011 Omniaque
739 1975 856 2014 ingrato
874 1976 959 2007 litore
977 1983 1044 2008 vota
1062 1976 1195 2008 cadunt..

277 2020 327 2052 nbi
345 2019 409 2053 vid.
428 2018 620 2057 Burmannus.

1717 2131 1741 2161 F
1750 2131 1794 2163 A-
