1919 2511
665 176 1065 208 ORATIO.
1206 174 1209 175 ’
1552 173 1600 210 ’15

121 264 202 297 ¹talis
219 262 308 296 enim
323 262 504 307 disquisitio
519 263 648 307 ingenio
664 257 756 306 longe
773 261 924 295 alacriori
942 261 1111 306 indigeret.
1158 263 1189 294 Si
1201 286 1210 304 ,
1233 261 1325 295 verbi
1341 273 1458 305 causa,
1482 274 1599 297 omnes

116 330 248 353 causas
261 331 378 363 ,quae
392 321 425 352 in
439 326 547 352 terrae
569 318 801 362 atmosphaera
829 324 1032 351 concurrunt
1053 318 1096 350 ad
1120 324 1330 361 tempestates
1355 320 1597 361 moderandas,

114 387 190 421 ·pro
209 378 271 409 loci
299 381 331 408 et
354 376 512 418 temporis
537 374 723 408 conditione
755 369 1052 418 cognosceremus,
1081 375 1177 417 quale
1203 373 1371 418 ingenium
1397 380 1467 407 tam
1494 385 1600 418 capax

114 432 331 466 inveniretur
345 457 356 473 ,
390 432 478 475 quod
505 431 739 463 determinaret
761 436 809 463 tot
832 441 1012 466 causarum
1040 430 1174 463 effectus
1191 434 1208 463 ’Ζ
1256 431 1462 463 Fraudulosa
1492 436 1541 463 est
1567 430 1600 463 in

114 487 362 531 :Meteorologia
379 498 492 520 eorum
509 487 685 530 jactantia,
710 487 767 529 qui
785 483 821 518 se
845 487 954 519 varias
974 492 1005 519 et
1029 486 1205 519 mutabiles
1229 492 1462 530 tempestatum
1485 487 1601 520 condi-

113 544 233 577 >tiones
260 549 358 577 antea
385 544 531 577 indicare
553 541 742 587 gloriantur.
791 544 964 584 Attamen,
987 554 1030 575 ne
1050 553 1125 586 spes
1148 543 1235 575 alma
1259 542 1410 586 effugiat,
1433 554 1494 576 nos
1512 549 1603 576 tam-

114 601 204 634 ,dem
227 606 444 644 perventuros
469 600 512 632 ad
531 598 749 643 cognitionem
779 599 908 642 legum,
933 610 1076 642 quarum
1102 598 1263 631 hactenus
1287 599 1391 641 ignari
1411 610 1528 632 sumus
1542 612 1552 639 ;
1575 600 1602 632 si

113 658 218 691 -enim
244 656 280 690 in
303 656 437 689 luminis
460 661 572 689 motus
594 654 786 697 Philosophi
817 665 887 687 non
911 655 1035 688 frustra
1063 655 1325 698 inquisivermit,
1358 660 1392 687 et
1413 657 1603 698 nuperrime

112 714 377 757 experimentis,
406 718 476 745 tam
494 709 712 744 electricitatis
738 721 843 754 quam
860 710 1071 754 magnetismi
1083 735 1093 752 ,
1121 712 1332 743 attractiones
1351 717 1382 743 et
1400 712 1604 754 repulsiones

112 769 266 813 (eandem
291 770 394 813 legem
417 779 494 800 cum
524 768 734 811 planetarum
762 768 956 800 attractione
986 769 1103 811 sequi3
1133 766 1162 800 si
1187 767 1328 810 denique
1357 766 1603 799 Illustrissimus

124 837 348 871 annAmus
370 826 454 869 leges
469 824 669 867 singulares,
693 822 813 866 quibus
830 824 981 856 attractio
1002 825 1037 856 in
1052 823 1141 856 tubis
1161 822 1372 865 eapillaribus
1393 823 1604 865 moderatur,

109 881 262 915 >sublimi
288 886 357 913 arte
377 880 540 919 definivit3
565 879 650 923 quid'
663 878 824 918 obstaret,
846 881 927 924 quin
943 879 1079 913 ulterius
1092 879 1392 923 progrederemur,
1407 890 1475 912 non
1491 879 1604 921 video,

114 937 289 982 siquidem
308 942 434 969 rectam
447 935 537 969 viam
551 934 774 978 ingrediamur
787 939 797 967 t

110 1129 115 1132 -
134 1120 144 1141 ῖ
166 1108 231 1143 His
252 1108 352 1153 igitur
385 1108 673 1150 commemoratis,
707 1108 746 1141 A.
770 1110 810 1142 A.
827 1133 836 1151 ,
867 1107 912 1142 ad
936 1118 1008 1141 rem
1033 1107 1238 1151 propositam
1262 1105 1471 1150 probandam
1507 1115 1605 1137 acce.-

110 1165 258 1198 eamus.
304 1166 450 1197 Multum
470 1166 505 1198 in
519 1165 583 1198 hac
606 1163 799 1209 quaestione
823 1164 946 1206 refert,
964 1163 1187 1208 quorumdam
1204 1160 1382 1198 verborum
1398 1161 1607 1205 significatio-

127 1220 369 1255 nemdefinire.
417 1222 521 1264 Sunt,
544 1220 601 1265 qui
631 1222 744 1254 omnia
766 1221 1006 1254 Phaenomena
1033 1225 1065 1252 et
1089 1225 1262 1263 praeterea
1279 1220 1379 1252 totius
1401 1217 1522 1251 Mundi
1538 1216 1609 1249 for-

125 1278 337 1319 mationem,
350 1277 477 1312 viribus
497 1283 637 1310 naturae
665 1282 697 1309 et
716 1277 1037 1310 Phaenomenorum-
1059 1286 1242 1317 concursu,
1258 1274 1301 1308 'id
1317 1281 1366 1307 est
1389 1285 1430 1307 ex
1451 1273 1524 1317 ipsa
1542 1283 1608 1305 na-

107 1339 204 1366 -tura
213 1351 229 1373 ‚1
252 1335 416 1377 explicare
442 1339 624 1372 conentur;
656 1338 688 1365 et
721 1343 838 1367 revera
869 1332 1118 1366 concedendum
1150 1337 1199 1364 est
1215 1356 1226 1374 7
1257 1332 1360 1363 multa
1390 1339 1607 1370 concurrere,

111 1389 246 1434 ¹‘quibus
265 1392 375 1432 multi,
398 1391 516 1434 ingenii
534 1390 702 1421 alacritate
722 1388 873 1432 abrepti,
898 1388 1054 1432 falsisque
1080 1388 1262 1420 ratiociniis
1290 1384 1440 1428 decepti,
1463 1384 1497 1417 in
1517 1384 1609 1418 hunc

110 1456 274 1479 errorem
297 1446 495 1478 inciderint:
517 1444 662 1488 quotidie
683 1443 774 1483 enim
798 1446 990 1488 experimur
1007 1469 1017 1485 ,
1047 1445 1160 1476 onmia
1190 1449 1331 1476 naturae
1359 1441 1483 1484 legibus
1505 1451 1608 1484 quam

126 1503 375 1535 accuratissime
389 1503 481 1544 regi,
500 1507 532 1533 et
555 1511 725 1544 nusquam
733 1501 785 1533 ille
802 1501 884 1533 ordo
904 1499 1105 1534 invariabilis
1123 1500 1227 1543 magis
1244 1503 1400 1531 constans
1420 1508 1490 1530 esse
1517 1497 1607 1531 vide-

109 1563 198 1599 tur,
221 1568 323 1601 quam
341 1559 392 1590 ille
403 1581 417 1598 ,.
435 1558 492 1600 qui
519 1560 687 1589 astrorum
717 1566 834 1589 cursus
850 1561 941 1588 tanta
962 1556 1147 1589 constantia
1168 1554 1379 1593 moderatur;
1403 1552 1457 1586 illa
1477 1564 1608 1587 succes·
1645 1544 1650 1549 ’

107 1630 114 1648 s
126 1612 229 1647 sionis
258 1623 371 1646 rerum
402 1613 606 1646 naturalium
639 1614 835 1645 constantia.
858 1610 1017 1655 decepti,
1049 1617 1164 1644 totam
1188 1612 1231 1643 M
1236 1609 1607 1645 (alelmumczclzinczm

107 1679 205 1703 :esse
228 1669 403 1711 credunt,
428 1679 525 1713 qaae
546 1674 622 1701 sais
644 1679 725 1713 ipsa
743 1668 878 1702 veribus
895 1667 1041 1711 agitur,-
1062 1672 1114 1708 et,
1137 1677 1217 1700 cum
1237 1666 1315 1699 illud
1332 1666 1532 1709 principium
1550 1676 1607 1709 po·

125 1729 265 1771 suerunt
283 1750 298 1767 ,
323 1724 448 1758 omnia
472 1735 517 1759 ex
545 1724 626 1768 ipsa
644 1731 782 1768 notura
804 1722 1029 1768 explicanda
1047 1734 1124 1756 esse
1146 1748 1155 1766 ‚
1180 1723 1242 1766 ipsi
1268 1731 1412 1754 omnem
1429 1720 1607 1754 Divinam

110 1781 217 1827 sim
236 1787 272 1814 et
289 1784 454 1820 Numen,
476 1787 631 1824 excepta
649 1781 731 1824 ipsa
749 1787 886 1814 natura
899 1805 910 1822 ,
935 1779 1062 1812 mandi
1084 1789 1213 1819 caccscz,
1238 1780 1451 1810 Creatorem
1472 1783 1508 1809 et
1525 1779 1605 1810 Mo-

130 1837 342 1871 deratorem
367 1848 389 1871 e
409 1843 546 1870 namra
573 1838 703 1870 tollere
735 1836 935 1878 videtztar3
967 1836 1010 1869 ad
1030 1846 1176 1880 quorum
1199 1835 1381 1867 sententias
1407 1837 1444 1865 ut
1465 1843 1607 1865 accura—

128 1893 194 1928 tius
212 1894 492 1937 respondeamus,
515 1893 598 1927 mihi
618 1896 761 1926 statuere
779 1895 894 1935 liceat,
911 1891 1042 1925 utillud
1056 1891 1246 1925 Naturale.
1260 1891 1327 1924 sive
1341 1889 1526 1923 secundum
1545 1900 1610 1921 na-

129 1956 241 1983 turam
259 1949 447 1992 nominem,
472 1950 561 1993 quod
580 1949 661 1993 ipsis
670 1955 811 1983 naturae
821 1948 946 1992 legibus
959 1952 1057 1991 atque
1074 1947 1387 1980 Phaenomenorum
1401 1947 1609 1978 successione

116 2006 285 2049 ,explicari
309 2007 437 2048 possit3
466 2006 564 2050 idque
583 2014 607 2045 ‚·
626 2006 872 2050 'theologorum
895 2014 989 2036 more
1006 2027 1016 2045 ,
1038 2002 1260 2046 Prodigium
1278 2026 1289 2042 ‚
1317 2001 1407 2045 quod
1426 2002 1515 2034 nulla
1540 2002 1607 2044 lege

131 2067 272 2096 naturae
288 2067 345 2094 aut
362 2061 676 2098 Phaenomenorum
694 2071 860 2096 concursu
874 2066 907 2094 et
924 2060 1134 2101 successione
1144 2057 1254 2102 ,possit
1267 2058 1432 2101 explicari.

173 2121 262 2153 Inter
295 2118 417 2151 multas
445 2108 675 2162 quaestiones,
700 2128 785 2162 quae
811 2115 907 2155 nobis
929 2117 965 2148 in
992 2116 1057 2149 hac
1093 2114 1377 2159 argumentatione
1404 2117 1606 2154 occurrunt,

889 2174 918 2204 B
941 2174 961 2204 5
1538 2178 1610 2201 ma-
