<?xml version="1.0" encoding="UTF-8"?>
<!DOCTYPE html PUBLIC "-//W3C//DTD XHTML 1.0 Transitional//EN"
    "http://www.w3.org/TR/xhtml1/DTD/xhtml1-transitional.dtd">
<html xmlns="http://www.w3.org/1999/xhtml" xml:lang="en" lang="en">
 <head>
  <title>
</title>
<meta http-equiv="Content-Type" content="text/html;charset=utf-8" />
  <meta name='ocr-system' content='tesseract 3.04.00' />
  <meta name='ocr-capabilities' content='ocr_page ocr_carea ocr_par ocr_line ocrx_word'/>
</head>
<body>
  <div class='ocr_page' id='page_1' title='image "annalesacademiae24rijk_0528.png"; bbox 0 0 1919 2511; ppageno 0'>
   <div class='ocr_carea' id='block_1_1' title="bbox 287 139 1510 184">
    <p class='ocr_par' dir='ltr' id='par_1_1' title="bbox 287 139 1510 184">
     <span class='ocr_line' id='line_1_1' title="bbox 287 139 1510 184; baseline -0.002 -9"><span class='ocrx_word' id='word_1_1' title='bbox 287 154 322 184; x_wconf 81' lang='lat'><em>74</em></span> <span class='ocrx_word' id='word_1_2' title='bbox 572 141 859 183; x_wconf 85' lang='lat' dir='ltr'>JOANNIS</span> <span class='ocrx_word' id='word_1_3' title='bbox 917 139 1229 171; x_wconf 89' lang='lat' dir='ltr'>HERMANI</span> <span class='ocrx_word' id='word_1_4' title='bbox 1286 140 1510 172; x_wconf 87' lang='lat' dir='ltr'>KROON</span> 
     </span>
    </p>
   </div>
   <div class='ocr_carea' id='block_1_2' title="bbox 283 220 1795 1081">
    <p class='ocr_par' dir='ltr' id='par_1_2' title="bbox 283 220 1795 1081">
     <span class='ocr_line' id='line_1_2' title="bbox 288 220 1795 263; baseline -0.001 -7"><span class='ocrx_word' id='word_1_5' title='bbox 288 228 310 256; x_wconf 91' lang='lat' dir='ltr'>F</span> <span class='ocrx_word' id='word_1_6' title='bbox 314 228 354 256; x_wconf 85' lang='lat' dir='ltr'><em>in.</em></span> <span class='ocrx_word' id='word_1_7' title='bbox 377 226 451 257; x_wconf 90' lang='lat' dir='ltr'><em>Bon.</em></span> <span class='ocrx_word' id='word_1_8' title='bbox 475 233 503 255; x_wconf 88' lang='lat' dir='ltr'><em>et</em></span> <span class='ocrx_word' id='word_1_9' title='bbox 526 225 601 256; x_wconf 87' lang='lat' dir='ltr'><strong>Mal.</strong></span> <span class='ocrx_word' id='word_1_10' title='bbox 629 235 693 262; x_wconf 89' lang='lat' dir='ltr'><em>cap.</em></span> <span class='ocrx_word' id='word_1_11' title='bbox 712 234 762 262; x_wconf 79' lang='lat'><em>24.</em></span> <span class='ocrx_word' id='word_1_12' title='bbox 804 246 823 262; x_wconf 84' lang='lat'>„</span> <span class='ocrx_word' id='word_1_13' title='bbox 839 225 926 263; x_wconf 82' lang='lat' dir='ltr'><em>Quem</em></span> <span class='ocrx_word' id='word_1_14' title='bbox 953 224 1029 254; x_wconf 84' lang='lat' dir='ltr'><em>enim</em></span> <span class='ocrx_word' id='word_1_15' title='bbox 1051 220 1176 252; x_wconf 81' lang='lat' dir='ltr'><em>deditam</em></span> <span class='ocrx_word' id='word_1_16' title='bbox 1199 223 1412 262; x_wconf 70' lang='lat' dir='ltr'><em>voluptatibus,</em></span> <span class='ocrx_word' id='word_1_17' title='bbox 1442 222 1634 263; x_wconf 78' lang='lat' dir='ltr'><em>cupiditatum</em></span> <span class='ocrx_word' id='word_1_18' title='bbox 1658 224 1795 255; x_wconf 80' lang='lat' dir='ltr'><em>incendiis</em></span> 
     </span>
     <span class='ocr_line' id='line_1_3' title="bbox 292 275 1312 316; baseline 0.001 -11"><span class='ocrx_word' id='word_1_19' title='bbox 292 299 310 313; x_wconf 87' lang='lat'>„</span> <span class='ocrx_word' id='word_1_20' title='bbox 330 277 539 314; x_wconf 81' lang='lat' dir='ltr'><em>inflammatum</em></span> <span class='ocrx_word' id='word_1_21' title='bbox 557 291 593 300; x_wconf 89' lang='lat'><em>-—</em></span> <span class='ocrx_word' id='word_1_22' title='bbox 608 284 693 306; x_wconf 81' lang='lat' dir='ltr'><em>tanta</em></span> <span class='ocrx_word' id='word_1_23' title='bbox 719 277 833 306; x_wconf 80' lang='lat' dir='ltr'><em>laetitia</em></span> <span class='ocrx_word' id='word_1_24' title='bbox 846 276 987 316; x_wconf 82' lang='lat' dir='ltr'><em>perfimdi</em></span> <span class='ocrx_word' id='word_1_25' title='bbox 1013 275 1227 305; x_wconf 78' lang='lat' dir='ltr'><em>arbitramur&#39;’</em></span> <span class='ocrx_word' id='word_1_26' title='bbox 1254 282 1312 307; x_wconf 82' lang='lat' dir='ltr'><em>cet.</em></span> 
     </span>
     <span class='ocr_line' id='line_1_4' title="bbox 328 327 903 365; baseline 0.003 -9"><span class='ocrx_word' id='word_1_27' title='bbox 328 328 482 358; x_wconf 71' lang='lat' dir='ltr'><em>Involavit.</em></span> <span class='ocrx_word' id='word_1_28' title='bbox 524 327 594 358; x_wconf 83' lang='lat' dir='ltr'><em>Vid.</em></span> <span class='ocrx_word' id='word_1_29' title='bbox 619 328 693 356; x_wconf 86' lang='lat' dir='ltr'><em>dicta</em></span> <span class='ocrx_word' id='word_1_30' title='bbox 716 328 750 357; x_wconf 87' lang='lat' dir='ltr'><em>ad</em></span> <span class='ocrx_word' id='word_1_31' title='bbox 776 328 835 358; x_wconf 88' lang='lat' dir='ltr'>fab.</span> <span class='ocrx_word' id='word_1_32' title='bbox 855 337 903 365; x_wconf 77' lang='lat'><em>31·</em></span> 
     </span>
     <span class='ocr_line' id='line_1_5' title="bbox 327 376 1717 415; baseline -0.001 -7"><span class='ocrx_word' id='word_1_33' title='bbox 327 380 398 408; x_wconf 73' lang='lat' dir='ltr'><em>foco</em></span> <span class='ocrx_word' id='word_1_34' title='bbox 418 388 509 408; x_wconf 79' lang='lat' dir='ltr'><em>sacro.</em></span> <span class='ocrx_word' id='word_1_35' title='bbox 550 378 637 407; x_wconf 83' lang='lat' dir='ltr'><em>Focus</em></span> <span class='ocrx_word' id='word_1_36' title='bbox 657 388 710 414; x_wconf 90' lang='lat' dir='ltr'><em>pro</em></span> <span class='ocrx_word' id='word_1_37' title='bbox 737 388 793 407; x_wconf 85' lang='lat' dir='ltr'><em>ara</em></span> <span class='ocrx_word' id='word_1_38' title='bbox 819 379 926 414; x_wconf 82' lang='lat' dir='ltr'><em>passim</em></span> <span class='ocrx_word' id='word_1_39' title='bbox 946 378 1023 414; x_wconf 85' lang='lat' dir='ltr'><em>apud</em></span> <span class='ocrx_word' id='word_1_40' title='bbox 1047 383 1169 414; x_wconf 88' lang='lat' dir='ltr'><em>poetas,</em></span> <span class='ocrx_word' id='word_1_41' title='bbox 1192 377 1281 407; x_wconf 86' lang='lat' dir='ltr'><strong>Ovid.</strong></span> <span class='ocrx_word' id='word_1_42' title='bbox 1307 376 1382 408; x_wconf 84' lang='lat' dir='ltr'><em>Met.</em></span> <span class='ocrx_word' id='word_1_43' title='bbox 1406 376 1476 408; x_wconf 88' lang='lat' dir='ltr'><strong>Lib.</strong></span> <span class='ocrx_word' id='word_1_44' title='bbox 1497 377 1552 408; x_wconf 88' lang='lat' dir='ltr'><em>IV.</em></span> <span class='ocrx_word' id='word_1_45' title='bbox 1581 386 1624 408; x_wconf 85' lang='lat' dir='ltr'><em>vs.</em></span> <span class='ocrx_word' id='word_1_46' title='bbox 1648 386 1717 415; x_wconf 73' lang='lat'><em>759..</em></span> 
     </span>
     <span class='ocr_line' id='line_1_6' title="bbox 576 428 1305 468; baseline -0.001 -9"><span class='ocrx_word' id='word_1_47' title='bbox 576 431 631 459; x_wconf 79' lang='lat' dir='ltr'><em>Dis</em></span> <span class='ocrx_word' id='word_1_48' title='bbox 650 430 741 459; x_wconf 74' lang='lat' dir='ltr'><em>tribus</em></span> <span class='ocrx_word' id='word_1_49' title='bbox 761 430 808 458; x_wconf 83' lang='lat' dir='ltr'><em>illo</em></span> <span class='ocrx_word' id='word_1_50' title='bbox 819 429 897 465; x_wconf 87' lang='lat' dir='ltr'><em>focos</em></span> <span class='ocrx_word' id='word_1_51' title='bbox 916 430 1029 458; x_wconf 75' lang='lat' dir='ltr'><em>totidem</em></span> <span class='ocrx_word' id='word_1_52' title='bbox 1047 428 1082 457; x_wconf 80' lang='lat' dir='ltr'><em>de</em></span> <span class='ocrx_word' id='word_1_53' title='bbox 1099 430 1198 468; x_wconf 80' lang='lat' dir='ltr'><em>cespite</em></span> <span class='ocrx_word' id='word_1_54' title='bbox 1214 430 1305 467; x_wconf 82' lang='lat' dir='ltr'><em>ponit.</em></span> 
     </span>
     <span class='ocr_line' id='line_1_7' title="bbox 288 480 820 520; baseline -0.006 -7"><span class='ocrx_word' id='word_1_55' title='bbox 288 485 376 520; x_wconf 88' lang='lat' dir='ltr'><em>Prop.</em></span> <span class='ocrx_word' id='word_1_56' title='bbox 398 481 468 511; x_wconf 87' lang='lat' dir='ltr'><strong>Lib.</strong></span> <span class='ocrx_word' id='word_1_57' title='bbox 485 480 539 511; x_wconf 94' lang='lat' dir='ltr'><em>IV.</em></span> <span class='ocrx_word' id='word_1_58' title='bbox 561 482 633 517; x_wconf 82' lang='lat' dir='ltr'><em>eleg.</em></span> <span class='ocrx_word' id='word_1_59' title='bbox 654 488 684 516; x_wconf 76' lang='lat'><em>5.</em></span> <span class='ocrx_word' id='word_1_60' title='bbox 707 489 754 509; x_wconf 77' lang='lat' dir='ltr'><em>vs-</em></span> <span class='ocrx_word' id='word_1_61' title='bbox 771 482 820 515; x_wconf 85' lang='lat'><em>64.</em></span> 
     </span>
     <span class='ocr_line' id='line_1_8' title="bbox 572 529 1366 569; baseline 0.003 -10"><span class='ocrx_word' id='word_1_62' title='bbox 572 531 630 560; x_wconf 86' lang='lat' dir='ltr'><em>Sed</em></span> <span class='ocrx_word' id='word_1_63' title='bbox 646 538 715 569; x_wconf 83' lang='lat' dir='ltr'><em>cape</em></span> <span class='ocrx_word' id='word_1_64' title='bbox 732 536 904 568; x_wconf 76' lang='lat' dir='ltr'><em>torquatac,</em></span> <span class='ocrx_word' id='word_1_65' title='bbox 926 529 957 558; x_wconf 89' lang='lat' dir='ltr'><em>V</em></span> <span class='ocrx_word' id='word_1_66' title='bbox 954 538 1020 558; x_wconf 77' lang='lat' dir='ltr'><em>enus</em></span> <span class='ocrx_word' id='word_1_67' title='bbox 1039 539 1053 559; x_wconf 90' lang='lat' dir='ltr'><em>o</em></span> <span class='ocrx_word' id='word_1_68' title='bbox 1073 531 1194 568; x_wconf 79' lang='lat' dir='ltr'><em>regina,</em></span> <span class='ocrx_word' id='word_1_69' title='bbox 1216 529 1366 562; x_wconf 75' lang='lat' dir='ltr'><em>columbae</em></span> 
     </span>
     <span class='ocr_line' id='line_1_9' title="bbox 613 582 1302 621; baseline -0.001 -7"><span class='ocrx_word' id='word_1_70' title='bbox 613 585 654 614; x_wconf 79' lang='lat' dir='ltr'><em>Ob</em></span> <span class='ocrx_word' id='word_1_71' title='bbox 673 586 806 613; x_wconf 75' lang='lat' dir='ltr'><em>meritam</em></span> <span class='ocrx_word' id='word_1_72' title='bbox 826 590 892 613; x_wconf 84' lang='lat' dir='ltr'><em>ante</em></span> <span class='ocrx_word' id='word_1_73' title='bbox 909 590 970 614; x_wconf 83' lang='lat' dir='ltr'><em>tuos</em></span> <span class='ocrx_word' id='word_1_74' title='bbox 985 589 1111 621; x_wconf 80' lang='lat' dir='ltr'><em>guttura</em></span> <span class='ocrx_word' id='word_1_75' title='bbox 1129 588 1203 611; x_wconf 85' lang='lat' dir='ltr'><em>secta</em></span> <span class='ocrx_word' id='word_1_76' title='bbox 1214 582 1302 620; x_wconf 82' lang='lat' dir='ltr'><em>focos.</em></span> 
     </span>
     <span class='ocr_line' id='line_1_10' title="bbox 292 636 824 672; baseline -0.004 -6"><span class='ocrx_word' id='word_1_77' title='bbox 292 637 407 666; x_wconf 85' lang='lat' dir='ltr'><strong>Tibull.</strong></span> <span class='ocrx_word' id='word_1_78' title='bbox 429 636 499 666; x_wconf 85' lang='lat' dir='ltr'>Lib.</span> <span class='ocrx_word' id='word_1_79' title='bbox 518 636 540 666; x_wconf 91' lang='lat'><em>1.</em></span> <span class='ocrx_word' id='word_1_80' title='bbox 563 637 637 672; x_wconf 64' lang='lat' dir='ltr'><em>eleg.</em></span> <span class='ocrx_word' id='word_1_81' title='bbox 658 636 686 665; x_wconf 93' lang='lat'><em>8.</em></span> <span class='ocrx_word' id='word_1_82' title='bbox 711 644 757 665; x_wconf 88' lang='lat' dir='ltr'><em>vs.</em></span> <span class='ocrx_word' id='word_1_83' title='bbox 775 644 824 672; x_wconf 83' lang='lat'><em>70.</em></span> 
     </span>
     <span class='ocr_line' id='line_1_11' title="bbox 575 685 1201 724; baseline -0.002 -9"><span class='ocrx_word' id='word_1_84' title='bbox 575 687 638 715; x_wconf 84' lang='lat' dir='ltr'><em>Nec</em></span> <span class='ocrx_word' id='word_1_85' title='bbox 653 685 766 724; x_wconf 81' lang='lat' dir='ltr'><em>prodest</em></span> <span class='ocrx_word' id='word_1_86' title='bbox 785 687 888 715; x_wconf 86' lang='lat' dir='ltr'><em>sanctis</em></span> <span class='ocrx_word' id='word_1_87' title='bbox 908 692 979 715; x_wconf 83' lang='lat' dir='ltr'><em>tura</em></span> <span class='ocrx_word' id='word_1_88' title='bbox 997 685 1103 714; x_wconf 79' lang='lat' dir='ltr'><em>dedisse</em></span> <span class='ocrx_word' id='word_1_89' title='bbox 1113 685 1201 722; x_wconf 66' lang='lat' dir='ltr'><em>focis.</em></span> 
     </span>
     <span class='ocr_line' id='line_1_12' title="bbox 326 736 1795 776; baseline 0 -8"><span class='ocrx_word' id='word_1_90' title='bbox 326 740 424 768; x_wconf 86' lang='lat' dir='ltr'><em>Coorto</em></span> <span class='ocrx_word' id='word_1_91' title='bbox 452 736 620 767; x_wconf 77' lang='lat' dir='ltr'><em>commodum</em></span> <span class='ocrx_word' id='word_1_92' title='bbox 644 744 735 766; x_wconf 75' lang='lat' dir='ltr'><em>vento.</em></span> <span class='ocrx_word' id='word_1_93' title='bbox 785 736 960 766; x_wconf 75' lang='lat' dir='ltr'><em>Commodum</em></span> <span class='ocrx_word' id='word_1_94' title='bbox 985 737 1051 767; x_wconf 79' lang='lat' dir='ltr'><em>sciL</em></span> <span class='ocrx_word' id='word_1_95' title='bbox 1077 737 1113 766; x_wconf 86' lang='lat' dir='ltr'><em>ad</em></span> <span class='ocrx_word' id='word_1_96' title='bbox 1142 744 1257 774; x_wconf 81' lang='lat' dir='ltr'><em>tempus</em></span> <span class='ocrx_word' id='word_1_97' title='bbox 1287 736 1309 767; x_wconf 79' lang='lat' dir='ltr'><em>i.</em></span> <span class='ocrx_word' id='word_1_98' title='bbox 1336 745 1362 767; x_wconf 88' lang='lat' dir='ltr'><em>e.</em></span> <span class='ocrx_word' id='word_1_99' title='bbox 1391 743 1554 776; x_wconf 81' lang='lat' dir='ltr'><em>opportune.</em></span> <span class='ocrx_word' id='word_1_100' title='bbox 1596 737 1643 767; x_wconf 90' lang='lat' dir='ltr'><em>Sic</em></span> <span class='ocrx_word' id='word_1_101' title='bbox 1675 737 1795 768; x_wconf 83' lang='lat' dir='ltr'>Terent.</span> 
     </span>
     <span class='ocr_line' id='line_1_13' title="bbox 285 788 821 825; baseline -0.004 -6"><span class='ocrx_word' id='word_1_102' title='bbox 285 791 423 820; x_wconf 86' lang='lat' dir='ltr'><strong>Eunuch.</strong></span> <span class='ocrx_word' id='word_1_103' title='bbox 444 790 514 819; x_wconf 79' lang='lat' dir='ltr'><em>Act.</em></span> <span class='ocrx_word' id='word_1_104' title='bbox 533 789 571 818; x_wconf 88' lang='grc' dir='ltr'><em>ΙΙ.</em></span> <span class='ocrx_word' id='word_1_105' title='bbox 594 788 642 818; x_wconf 93' lang='lat' dir='ltr'><em>Sc.</em></span> <span class='ocrx_word' id='word_1_106' title='bbox 658 797 686 825; x_wconf 82' lang='lat'><em>3.</em></span> <span class='ocrx_word' id='word_1_107' title='bbox 708 798 754 818; x_wconf 85' lang='lat' dir='ltr'><em>vs.</em></span> <span class='ocrx_word' id='word_1_108' title='bbox 771 797 821 825; x_wconf 84' lang='lat'><em>51.</em></span> 
     </span>
     <span class='ocr_line' id='line_1_14' title="bbox 572 839 1291 871; baseline 0 -2"><span class='ocrx_word' id='word_1_109' title='bbox 572 839 630 869; x_wconf 84' lang='lat' dir='ltr'><em>Illa</em></span> <span class='ocrx_word' id='word_1_110' title='bbox 648 849 701 868; x_wconf 82' lang='lat' dir='ltr'><em>sese</em></span> <span class='ocrx_word' id='word_1_111' title='bbox 720 841 830 868; x_wconf 78' lang='lat' dir='ltr'><em>interea</em></span> <span class='ocrx_word' id='word_1_112' title='bbox 849 840 1019 869; x_wconf 82' lang='lat' dir='ltr'><em>commodum</em></span> <span class='ocrx_word' id='word_1_113' title='bbox 1038 840 1092 869; x_wconf 77' lang='lat' dir='ltr'><em>huc</em></span> <span class='ocrx_word' id='word_1_114' title='bbox 1112 839 1291 871; x_wconf 45' lang='lat' dir='ltr'><em>adverteram</em></span> 
     </span>
     <span class='ocr_line' id='line_1_15' title="bbox 284 889 1794 929; baseline -0.002 -5"><span class='ocrx_word' id='word_1_115' title='bbox 284 895 403 924; x_wconf 85' lang='lat' dir='ltr'><em>Phorm.</em></span> <span class='ocrx_word' id='word_1_116' title='bbox 437 892 503 922; x_wconf 78' lang='lat' dir='ltr'><em>Act.</em></span> <span class='ocrx_word' id='word_1_117' title='bbox 523 892 579 922; x_wconf 87' lang='lat' dir='ltr'><em>IV.</em></span> <span class='ocrx_word' id='word_1_118' title='bbox 615 892 663 920; x_wconf 91' lang='lat' dir='ltr'><em>Sc.</em></span> <span class='ocrx_word' id='word_1_119' title='bbox 684 900 713 928; x_wconf 86' lang='lat'><em>3.</em></span> <span class='ocrx_word' id='word_1_120' title='bbox 745 901 790 921; x_wconf 86' lang='lat' dir='ltr'><em>vs.</em></span> <span class='ocrx_word' id='word_1_121' title='bbox 809 901 838 929; x_wconf 88' lang='lat'><em>9.</em></span> <span class='ocrx_word' id='word_1_122' title='bbox 888 912 906 928; x_wconf 85' lang='lat'>„</span> <span class='ocrx_word' id='word_1_123' title='bbox 924 891 981 920; x_wconf 84' lang='lat' dir='ltr'><em>Sed</em></span> <span class='ocrx_word' id='word_1_124' title='bbox 1005 892 1054 921; x_wconf 83' lang='lat' dir='ltr'><em>hoc</em></span> <span class='ocrx_word' id='word_1_125' title='bbox 1085 900 1147 921; x_wconf 80' lang='lat' dir='ltr'><em>cum</em></span> <span class='ocrx_word' id='word_1_126' title='bbox 1179 891 1316 929; x_wconf 69' lang='lat' dir='ltr'><em>augebam</em></span> <span class='ocrx_word' id='word_1_127' title='bbox 1343 890 1550 922; x_wconf 84' lang='lat' dir='ltr'><em>commodum.’&#39;</em></span> <span class='ocrx_word' id='word_1_128' title='bbox 1589 890 1682 920; x_wconf 84' lang='lat' dir='ltr'><strong>Plaut.</strong></span> <span class='ocrx_word' id='word_1_129' title='bbox 1715 889 1794 921; x_wconf 82' lang='lat' dir='ltr'>Rud.</span> 
     </span>
     <span class='ocr_line' id='line_1_16' title="bbox 284 941 1288 981; baseline -0.003 -8"><span class='ocrx_word' id='word_1_130' title='bbox 284 949 352 975; x_wconf 81' lang='lat' dir='ltr'><em>Act.</em></span> <span class='ocrx_word' id='word_1_131' title='bbox 370 945 426 974; x_wconf 86' lang='grc' dir='ltr'><strong>ΙΙΙ.</strong></span> <span class='ocrx_word' id='word_1_132' title='bbox 448 944 496 973; x_wconf 88' lang='lat' dir='ltr'><em>Sc.</em></span> <span class='ocrx_word' id='word_1_133' title='bbox 517 946 547 974; x_wconf 89' lang='lat'><em>6.</em></span> <span class='ocrx_word' id='word_1_134' title='bbox 573 952 621 973; x_wconf 77' lang='lat' dir='ltr'><em>vs·</em></span> <span class='ocrx_word' id='word_1_135' title='bbox 639 950 693 979; x_wconf 80' lang='lat'><em>35,</em></span> <span class='ocrx_word' id='word_1_136' title='bbox 726 963 744 978; x_wconf 65' lang='lat'><em>2,</em></span> <span class='ocrx_word' id='word_1_137' title='bbox 763 952 861 981; x_wconf 75' lang='lat' dir='ltr'><em>easque</em></span> <span class='ocrx_word' id='word_1_138' title='bbox 880 952 925 972; x_wconf 86' lang='lat' dir='ltr'><em>res</em></span> <span class='ocrx_word' id='word_1_139' title='bbox 944 942 1060 980; x_wconf 80' lang='lat' dir='ltr'><em>agebam</em></span> <span class='ocrx_word' id='word_1_140' title='bbox 1078 941 1288 971; x_wconf 74' lang='lat' dir='ltr'><em>commodtun.”</em></span> 
     </span>
     <span class='ocr_line' id='line_1_17' title="bbox 320 992 1792 1031; baseline -0.001 -8"><span class='ocrx_word' id='word_1_141' title='bbox 320 995 491 1026; x_wconf 72' lang='lat' dir='ltr'><em>Involucres.</em></span> <span class='ocrx_word' id='word_1_142' title='bbox 530 995 637 1023; x_wconf 86' lang='lat' dir='ltr'>Exstat</span> <span class='ocrx_word' id='word_1_143' title='bbox 658 1003 715 1023; x_wconf 77' lang='lat' dir='ltr'><em>vox</em></span> <span class='ocrx_word' id='word_1_144' title='bbox 730 994 806 1030; x_wconf 87' lang='lat' dir='ltr'><em>apud</em></span> <span class='ocrx_word' id='word_1_145' title='bbox 821 993 900 1023; x_wconf 84' lang='lat' dir='ltr'><strong>Gell.</strong></span> <span class='ocrx_word' id='word_1_146' title='bbox 925 993 996 1026; x_wconf 85' lang='lat' dir='ltr'><strong>Lib.</strong></span> <span class='ocrx_word' id='word_1_147' title='bbox 1010 993 1051 1024; x_wconf 89' lang='grc' dir='ltr'><em>Π.</em></span> <span class='ocrx_word' id='word_1_148' title='bbox 1070 1001 1137 1030; x_wconf 86' lang='lat' dir='ltr'><em>cap.</em></span> <span class='ocrx_word' id='word_1_149' title='bbox 1156 1002 1206 1031; x_wconf 85' lang='lat'><em>29.</em></span> <span class='ocrx_word' id='word_1_150' title='bbox 1229 1001 1314 1030; x_wconf 88' lang='lat' dir='ltr'><em>quam</em></span> <span class='ocrx_word' id='word_1_151' title='bbox 1332 992 1444 1023; x_wconf 86' lang='lat' dir='ltr'>Noster</span> <span class='ocrx_word' id='word_1_152' title='bbox 1460 992 1535 1023; x_wconf 84' lang='lat' dir='ltr'>infra</span> <span class='ocrx_word' id='word_1_153' title='bbox 1551 992 1698 1029; x_wconf 87' lang='lat' dir='ltr'>imitatur,</span> <span class='ocrx_word' id='word_1_154' title='bbox 1721 992 1792 1023; x_wconf 80' lang='lat' dir='ltr'>alias</span> 
     </span>
     <span class='ocr_line' id='line_1_18' title="bbox 283 1045 889 1081; baseline -0.002 -7"><span class='ocrx_word' id='word_1_155' title='bbox 283 1054 341 1075; x_wconf 87' lang='lat' dir='ltr'><em>non</em></span> <span class='ocrx_word' id='word_1_156' title='bbox 362 1046 477 1074; x_wconf 88' lang='lat' dir='ltr'><em>videtur</em></span> <span class='ocrx_word' id='word_1_157' title='bbox 497 1053 648 1073; x_wconf 83' lang='lat' dir='ltr'><em>occurrere</em></span> <span class='ocrx_word' id='word_1_158' title='bbox 668 1045 745 1081; x_wconf 82' lang='lat' dir='ltr'><em>apud</em></span> <span class='ocrx_word' id='word_1_159' title='bbox 764 1051 889 1073; x_wconf 82' lang='lat' dir='ltr'><em>veteres.</em></span> 
     </span>
    </p>
   </div>
   <div class='ocr_carea' id='block_1_3' title="bbox 286 1093 1792 1184">
    <p class='ocr_par' dir='ltr' id='par_1_3' title="bbox 286 1093 1792 1184">
     <span class='ocr_line' id='line_1_19' title="bbox 322 1093 1792 1133; baseline -0.001 -9"><span class='ocrx_word' id='word_1_160' title='bbox 322 1096 478 1125; x_wconf 79' lang='lat' dir='ltr'><em>Ustulatos.</em></span> <span class='ocrx_word' id='word_1_161' title='bbox 520 1095 770 1131; x_wconf 87' lang='lat' dir='ltr'><em>Frequentativum</em></span> <span class='ocrx_word' id='word_1_162' title='bbox 793 1095 849 1123; x_wconf 89' lang='lat' dir='ltr'><em>hoc</em></span> <span class='ocrx_word' id='word_1_163' title='bbox 875 1095 958 1124; x_wconf 84' lang='lat' dir='ltr'><em>valde</em></span> <span class='ocrx_word' id='word_1_164' title='bbox 980 1095 1108 1133; x_wconf 72' lang='lat' dir='ltr'><em>probatis</em></span> <span class='ocrx_word' id='word_1_165' title='bbox 1139 1095 1329 1133; x_wconf 81' lang='lat' dir='ltr'>scriptoribus</span> <span class='ocrx_word' id='word_1_166' title='bbox 1358 1100 1532 1133; x_wconf 79' lang='lat' dir='ltr'>usurpatur,</span> <span class='ocrx_word' id='word_1_167' title='bbox 1561 1096 1613 1125; x_wconf 86' lang='lat' dir='ltr'><em>sed</em></span> <span class='ocrx_word' id='word_1_168' title='bbox 1637 1095 1712 1124; x_wconf 79' lang='lat' dir='ltr'><em>haud</em></span> <span class='ocrx_word' id='word_1_169' title='bbox 1732 1093 1792 1124; x_wconf 77' lang='lat' dir='ltr'><em>fre·</em></span> 
     </span>
     <span class='ocr_line' id='line_1_20' title="bbox 286 1146 1243 1184; baseline 0 -8"><span class='ocrx_word' id='word_1_170' title='bbox 286 1148 397 1183; x_wconf 80' lang='lat' dir='ltr'><em>quentis</em></span> <span class='ocrx_word' id='word_1_171' title='bbox 423 1157 490 1177; x_wconf 86' lang='lat' dir='ltr'><em>usus</em></span> <span class='ocrx_word' id='word_1_172' title='bbox 521 1154 584 1184; x_wconf 86' lang='lat' dir='ltr'><em>est,</em></span> <span class='ocrx_word' id='word_1_173' title='bbox 608 1153 640 1176; x_wconf 92' lang='lat' dir='ltr'><em>ut</em></span> <span class='ocrx_word' id='word_1_174' title='bbox 664 1156 701 1176; x_wconf 79' lang='lat' dir='ltr'><em>ex</em></span> <span class='ocrx_word' id='word_1_175' title='bbox 717 1146 945 1183; x_wconf 75' lang='lat' dir='ltr'><em>Lexicographis</em></span> <span class='ocrx_word' id='word_1_176' title='bbox 971 1147 1111 1184; x_wconf 87' lang='lat' dir='ltr'>cognosci</span> <span class='ocrx_word' id='word_1_177' title='bbox 1134 1153 1243 1184; x_wconf 80' lang='lat' dir='ltr'><em>potest.</em></span> 
     </span>
    </p>
   </div>
   <div class='ocr_carea' id='block_1_4' title="bbox 979 1248 1104 1263">
    <p class='ocr_par' dir='ltr' id='par_1_4' title="bbox 979 1248 1104 1263">
     <span class='ocr_line' id='line_1_21' title="bbox 979 1248 1104 1263; baseline 0.016 -2"><span class='ocrx_word' id='word_1_178' title='bbox 979 1248 1104 1263; x_wconf 63' lang='grc'><em>1-</em></span> 
     </span>
    </p>
   </div>
   <div class='ocr_carea' id='block_1_5' title="bbox 524 1326 1547 1359">
    <p class='ocr_par' dir='ltr' id='par_1_5' title="bbox 524 1326 1547 1359">
     <span class='ocr_line' id='line_1_22' title="bbox 524 1326 1547 1359; baseline -0.001 -1"><span class='ocrx_word' id='word_1_179' title='bbox 524 1326 780 1358; x_wconf 74' lang='lat' dir='ltr'>FABULA</span> <span class='ocrx_word' id='word_1_180' title='bbox 837 1326 1274 1359; x_wconf 87' lang='lat' dir='ltr'>SEXAGESIMA</span> <span class='ocrx_word' id='word_1_181' title='bbox 1329 1326 1547 1358; x_wconf 83' lang='lat' dir='ltr'><strong>PRIMA.</strong></span> 
     </span>
    </p>
   </div>
   <div class='ocr_carea' id='block_1_6' title="bbox 948 1423 1143 1443">
    <p class='ocr_par' dir='ltr' id='par_1_6' title="bbox 948 1423 1143 1443">
     <span class='ocr_line' id='line_1_23' title="bbox 948 1423 1143 1443; baseline -0.01 0"><span class='ocrx_word' id='word_1_182' title='bbox 948 1423 1143 1443; x_wconf 75' lang='lat' dir='ltr'>vuLPEs.</span> 
     </span>
    </p>
   </div>
   <div class='ocr_carea' id='block_1_7' title="bbox 566 1498 1316 2098">
    <p class='ocr_par' dir='ltr' id='par_1_7' title="bbox 566 1498 1264 1639">
     <span class='ocr_line' id='line_1_24' title="bbox 567 1498 1264 1538; baseline -0.001 -10"><span class='ocrx_word' id='word_1_183' title='bbox 567 1498 770 1537; x_wconf 74' lang='lat' dir='ltr'><em>Comprehensa</em></span> <span class='ocrx_word' id='word_1_184' title='bbox 788 1499 885 1537; x_wconf 77' lang='lat' dir='ltr'><em>laqueo</em></span> <span class='ocrx_word' id='word_1_185' title='bbox 904 1499 934 1527; x_wconf 80' lang='lat' dir='ltr'><em>in</em></span> <span class='ocrx_word' id='word_1_186' title='bbox 954 1505 1014 1537; x_wconf 79' lang='lat' dir='ltr'><em>sepe</em></span> <span class='ocrx_word' id='word_1_187' title='bbox 1032 1499 1127 1538; x_wconf 70' lang='lat' dir='ltr'><em>vulpes</em></span> <span class='ocrx_word' id='word_1_188' title='bbox 1146 1498 1264 1536; x_wconf 79' lang='lat' dir='ltr'><em>abdito,</em></span> 
     </span>
     <span class='ocr_line' id='line_1_25' title="bbox 570 1549 1238 1588; baseline 0.001 -10"><span class='ocrx_word' id='word_1_189' title='bbox 570 1549 729 1588; x_wconf 76' lang='lat' dir='ltr'><em>Implexam</em></span> <span class='ocrx_word' id='word_1_190' title='bbox 747 1551 778 1578; x_wconf 83' lang='lat' dir='ltr'><em>in</em></span> <span class='ocrx_word' id='word_1_191' title='bbox 798 1550 937 1579; x_wconf 77' lang='lat' dir='ltr'><em>evadendo</em></span> <span class='ocrx_word' id='word_1_192' title='bbox 957 1549 1078 1578; x_wconf 79' lang='lat' dir='ltr'><em>caudam</em></span> <span class='ocrx_word' id='word_1_193' title='bbox 1095 1549 1238 1587; x_wconf 76' lang='lat' dir='ltr'><em>perdidit.</em></span> 
     </span>
     <span class='ocr_line' id='line_1_26' title="bbox 566 1600 1190 1639; baseline 0 -10"><span class='ocrx_word' id='word_1_194' title='bbox 566 1600 605 1629; x_wconf 86' lang='lat' dir='ltr'><em>Id</em></span> <span class='ocrx_word' id='word_1_195' title='bbox 622 1602 648 1629; x_wconf 81' lang='lat' dir='ltr'><em>ei</em></span> <span class='ocrx_word' id='word_1_196' title='bbox 666 1601 806 1630; x_wconf 76' lang='lat' dir='ltr'><em>molestiae</em></span> <span class='ocrx_word' id='word_1_197' title='bbox 825 1610 859 1629; x_wconf 88' lang='lat' dir='ltr'><em>ac</em></span> <span class='ocrx_word' id='word_1_198' title='bbox 876 1600 981 1639; x_wconf 61' lang='lat' dir='ltr'><em>pudori</em></span> <span class='ocrx_word' id='word_1_199' title='bbox 1001 1608 1083 1630; x_wconf 78' lang='lat' dir='ltr'><em>tanto</em></span> <span class='ocrx_word' id='word_1_200' title='bbox 1103 1608 1166 1629; x_wconf 87' lang='lat' dir='ltr'><em>erat</em></span> <span class='ocrx_word' id='word_1_201' title='bbox 1178 1619 1190 1636; x_wconf 75' lang='lat'>²</span> 
     </span>
    </p>

    <p class='ocr_par' dir='ltr' id='par_1_8' title="bbox 567 1651 1316 2098">
     <span class='ocr_line' id='line_1_27' title="bbox 567 1651 1173 1682; baseline 0 -2"><span class='ocrx_word' id='word_1_202' title='bbox 567 1652 620 1680; x_wconf 76' lang='lat' dir='ltr'><em>Uti</em></span> <span class='ocrx_word' id='word_1_203' title='bbox 638 1653 692 1680; x_wconf 82' lang='lat' dir='ltr'><em>sibi</em></span> <span class='ocrx_word' id='word_1_204' title='bbox 710 1662 764 1681; x_wconf 80' lang='lat' dir='ltr'><em>esse</em></span> <span class='ocrx_word' id='word_1_205' title='bbox 783 1654 874 1682; x_wconf 73' lang='lat' dir='ltr'><em>vitam</em></span> <span class='ocrx_word' id='word_1_206' title='bbox 894 1652 1025 1681; x_wconf 78' lang='lat' dir='ltr'><em>acerbam</em></span> <span class='ocrx_word' id='word_1_207' title='bbox 1046 1651 1173 1680; x_wconf 73' lang='lat' dir='ltr'><em>duceret.</em></span> 
     </span>
     <span class='ocr_line' id='line_1_28' title="bbox 567 1702 1228 1741; baseline 0.002 -11"><span class='ocrx_word' id='word_1_208' title='bbox 567 1702 692 1730; x_wconf 68' lang='lat' dir='ltr'><em>Tandem</em></span> <span class='ocrx_word' id='word_1_209' title='bbox 712 1704 760 1731; x_wconf 71' lang='lat' dir='ltr'><em>boe</em></span> <span class='ocrx_word' id='word_1_210' title='bbox 780 1703 897 1732; x_wconf 82' lang='lat' dir='ltr'><em>remedii</em></span> <span class='ocrx_word' id='word_1_211' title='bbox 915 1706 1104 1741; x_wconf 72' lang='lat' dir='ltr'><em>excogitavit,</em></span> <span class='ocrx_word' id='word_1_212' title='bbox 1126 1704 1228 1732; x_wconf 77' lang='lat' dir='ltr'><em>ceteris</em></span> 
     </span>
     <span class='ocr_line' id='line_1_29' title="bbox 569 1753 1198 1791; baseline 0.002 -11"><span class='ocrx_word' id='word_1_213' title='bbox 569 1753 610 1780; x_wconf 83' lang='lat' dir='ltr'><em>Ut</em></span> <span class='ocrx_word' id='word_1_214' title='bbox 629 1753 756 1791; x_wconf 71' lang='lat' dir='ltr'><em>vulpibus</em></span> <span class='ocrx_word' id='word_1_215' title='bbox 775 1754 926 1790; x_wconf 76' lang='lat' dir='ltr'><em>suaderet,</em></span> <span class='ocrx_word' id='word_1_216' title='bbox 947 1761 979 1783; x_wconf 78' lang='lat' dir='ltr'><em>ut</em></span> <span class='ocrx_word' id='word_1_217' title='bbox 998 1754 1105 1783; x_wconf 67' lang='lat' dir='ltr'><em>caudas</em></span> <span class='ocrx_word' id='word_1_218' title='bbox 1125 1753 1178 1782; x_wconf 82' lang='lat' dir='ltr'><em>sibi</em></span> <span class='ocrx_word' id='word_1_219' title='bbox 1188 1773 1198 1788; x_wconf 91' lang='lat'>‚</span> 
     </span>
     <span class='ocr_line' id='line_1_30' title="bbox 570 1802 1316 1841; baseline 0 -10"><span class='ocrx_word' id='word_1_220' title='bbox 570 1803 650 1831; x_wconf 77' lang='lat' dir='ltr'><em>Onus</em></span> <span class='ocrx_word' id='word_1_221' title='bbox 668 1804 811 1832; x_wconf 76' lang='lat' dir='ltr'><em>molestum</em></span> <span class='ocrx_word' id='word_1_222' title='bbox 830 1804 1083 1841; x_wconf 72' lang='lat' dir='ltr'><em>ineommodumque</em></span> <span class='ocrx_word' id='word_1_223' title='bbox 1101 1802 1296 1832; x_wconf 70' lang='lat' dir='ltr'><em>abscinderent</em></span> <span class='ocrx_word' id='word_1_224' title='bbox 1301 1811 1316 1838; x_wconf 91' lang='lat'><em>;</em></span> 
     </span>
     <span class='ocr_line' id='line_1_31' title="bbox 570 1853 1185 1893; baseline 0.003 -11"><span class='ocrx_word' id='word_1_225' title='bbox 570 1853 619 1882; x_wconf 84' lang='lat' dir='ltr'><em>Ita</em></span> <span class='ocrx_word' id='word_1_226' title='bbox 635 1854 743 1893; x_wconf 84' lang='lat' dir='ltr'><em>publico</em></span> <span class='ocrx_word' id='word_1_227' title='bbox 763 1854 893 1883; x_wconf 73' lang='lat' dir='ltr'><em>dedecore</em></span> <span class='ocrx_word' id='word_1_228' title='bbox 910 1862 1014 1884; x_wconf 65' lang='lat' dir='ltr'><em>tectum</em></span> <span class='ocrx_word' id='word_1_229' title='bbox 1031 1856 1073 1883; x_wconf 84' lang='lat' dir='ltr'><em>iri</em></span> <span class='ocrx_word' id='word_1_230' title='bbox 1092 1863 1185 1884; x_wconf 74' lang='lat' dir='ltr'><em>sumn.</em></span> 
     </span>
     <span class='ocr_line' id='line_1_32' title="bbox 573 1905 1124 1944; baseline 0 -11"><span class='ocrx_word' id='word_1_231' title='bbox 573 1905 656 1942; x_wconf 78' lang='lat' dir='ltr'><em>Ergo</em></span> <span class='ocrx_word' id='word_1_232' title='bbox 675 1905 814 1935; x_wconf 69' lang='lat' dir='ltr'><em>advocata</em></span> <span class='ocrx_word' id='word_1_233' title='bbox 833 1908 958 1934; x_wconf 79' lang='lat' dir='ltr'><em>concione</em></span> <span class='ocrx_word' id='word_1_234' title='bbox 976 1906 1102 1944; x_wconf 67' lang='lat' dir='ltr'><em>volpium</em></span> <span class='ocrx_word' id='word_1_235' title='bbox 1114 1925 1124 1940; x_wconf 87' lang='lat'>,</span> 
     </span>
     <span class='ocr_line' id='line_1_33' title="bbox 571 1956 1225 1987; baseline 0.002 -3"><span class='ocrx_word' id='word_1_236' title='bbox 571 1956 699 1985; x_wconf 80' lang='lat' dir='ltr'><em>Hortari</em></span> <span class='ocrx_word' id='word_1_237' title='bbox 720 1957 761 1985; x_wconf 86' lang='lat' dir='ltr'><em>ad</em></span> <span class='ocrx_word' id='word_1_238' title='bbox 777 1957 811 1985; x_wconf 91' lang='lat' dir='ltr'><em>id</em></span> <span class='ocrx_word' id='word_1_239' title='bbox 826 1958 999 1987; x_wconf 71' lang='lat' dir='ltr'><em>‘vehementer</em></span> <span class='ocrx_word' id='word_1_240' title='bbox 1020 1957 1087 1986; x_wconf 83' lang='lat' dir='ltr'><em>illas</em></span> <span class='ocrx_word' id='word_1_241' title='bbox 1106 1957 1225 1985; x_wconf 75' lang='lat' dir='ltr'><em>institit.</em></span> 
     </span>
     <span class='ocr_line' id='line_1_34' title="bbox 577 2006 1222 2046; baseline 0.002 -12"><span class='ocrx_word' id='word_1_242' title='bbox 577 2006 630 2034; x_wconf 71' lang='lat' dir='ltr'><em>Cat⁴</em></span> <span class='ocrx_word' id='word_1_243' title='bbox 649 2013 716 2036; x_wconf 74' lang='lat' dir='ltr'><em>tunc</em></span> <span class='ocrx_word' id='word_1_244' title='bbox 736 2008 865 2036; x_wconf 78' lang='lat' dir='ltr'><em>renidens</em></span> <span class='ocrx_word' id='word_1_245' title='bbox 886 2018 944 2036; x_wconf 81' lang='lat' dir='ltr'><em>mm</em></span> <span class='ocrx_word' id='word_1_246' title='bbox 963 2008 996 2036; x_wconf 87' lang='lat' dir='ltr'><em>de</em></span> <span class='ocrx_word' id='word_1_247' title='bbox 1011 2007 1196 2046; x_wconf 73' lang='lat' dir='ltr'><em>popularibus</em></span> <span class='ocrx_word' id='word_1_248' title='bbox 1211 2026 1222 2041; x_wconf 83' lang='lat'><strong>‚</strong></span> 
     </span>
     <span class='ocr_line' id='line_1_35' title="bbox 572 2056 1250 2098; baseline 0 -12"><span class='ocrx_word' id='word_1_249' title='bbox 572 2058 622 2086; x_wconf 83' lang='lat' dir='ltr'><em>An</em></span> <span class='ocrx_word' id='word_1_250' title='bbox 641 2065 693 2095; x_wconf 76' lang='lat' dir='ltr'><em>tu,</em></span> <span class='ocrx_word' id='word_1_251' title='bbox 715 2060 784 2096; x_wconf 70' lang='lat' dir='ltr'><em>quia</em></span> <span class='ocrx_word' id='word_1_252' title='bbox 802 2058 882 2088; x_wconf 74' lang='lat' dir='ltr'><em>istud</em></span> <span class='ocrx_word' id='word_1_253' title='bbox 899 2059 1009 2098; x_wconf 82' lang='lat' dir='ltr'><em>expedit</em></span> <span class='ocrx_word' id='word_1_254' title='bbox 1022 2079 1032 2095; x_wconf 67' lang='lat'>2</span> <span class='ocrx_word' id='word_1_255' title='bbox 1053 2067 1152 2095; x_wconf 75' lang='lat' dir='ltr'><em>soror,</em></span> <span class='ocrx_word' id='word_1_256' title='bbox 1174 2056 1250 2093; x_wconf 66' lang='lat' dir='ltr'><em>tibi,</em></span> 
     </span>
    </p>
   </div>
   <div class='ocr_carea' id='block_1_8' title="bbox 1740 2107 1786 2137">
    <p class='ocr_par' dir='ltr' id='par_1_9' title="bbox 1740 2107 1786 2137">
     <span class='ocr_line' id='line_1_36' title="bbox 1740 2107 1786 2137; baseline -0.022 0"><span class='ocrx_word' id='word_1_257' title='bbox 1740 2107 1786 2137; x_wconf 84' lang='lat' dir='ltr'><em>Id-</em></span> 
     </span>
    </p>
   </div>
  </div>
 </body>
</html>
