1919 2511
349 95 579 134 RESPONSIO
606 106 651 129 An
677 87 1349 137 ·QUAEST10NEM³FHEOLGGICHM;
1510 72 1513 74 ’
1586 102 1613 132 a

96 187 304 228 expeditionem
321 195 382 217 uno
398 185 499 223 capite
507 184 736 220 complectatur,
755 178 909 208 rationem
918 177 1031 208 ordinis
1048 180 1226 215 temporum
1239 178 1343 206 habere
1371 185 1436 208 non
1449 176 1612 215 petuisse,

96 249 159 270 eum
187 248 257 269 vero
281 244 326 267 res
343 236 442 267 Caroli
463 244 529 265 cum
553 234 716 264 Saxonibus
741 238 835 269 gestas
858 231 982 266 omnes,-
989 238 1092 260 unum
1112 229 1142 259 in
1163 230 1260 258 locum
1280 227 1361 264 quasi
1382 235 1613 266 congregantem

95 297 226 320 coactum
250 289 360 325 fuisse,
385 293 418 316 ut
443 288 500 324 {am
525 286 609 315 initio
643 288 815 322 propagatae
840 280 988 318 religionis
1012 280 1189 310 mentionem
1214 279 1358 317 injiceret.
1399 278 1491 317 Quam
1512 286 1607 308 tamen

94 341 165 371 belli
187 339 331 378 principio
351 359 364 374 ,
388 347 424 367 re
446 339 515 368 vera
533 359 542 371 ,
570 335 808 366 communicata-m
837 340 901 361 esse
923 340 987 360 cum
1013 331 1198 366 Saxonibus,
1228 329 1344 359 minime
1366 336 1499 359 testatur.
1548 329 1608 366 Qui

97 392 293 430 Eginhardum
317 390 472 427 sequitur,
494 389 668 418 Saxonicum
692 388 831 424 poetam,
861 383 1000 420 temporis
1024 383 1131 412 ordine
1148 382 1225 411 facta>
1245 381 1321 418 regis
1340 380 1495 417 persequi,
1515 389 1609 416 neque

97 443 199 481 prius,
221 451 306 480 quam
330 443 365 471 ad
385 449 493 471 annum
518 438 720 469 DCCLXXV
735 458 747 473 ,
774 434 988 466 Christianismi
1023 435 1195 464 meminisse.
1222 433 1389 463 Saxonibus
1424 432 1611 466 annunciati,

97 496 256 534 modeim
269 493 408 524 diximus.v
446 492 528 521 Illius
546 483 666 528 {festigia
683 495 776 518 autem
803 494 902 516 omnes
918 488 1020 523 legunt
1045 485 1202 521 scriptores
1224 484 1387 519 annalium,
1411 492 1485 520 quos
1501 482 1610 512 Semo.-

96 548 179 577 ckius
204 545 316 576 citavit.
356 544 495 573 Mosei-us
515 543 606 580 Eigili
629 540 737 585 Abbati
755 546 862 568 temere
888 538 1027 574 credidit,
1049 537 1198 573 simulquev
1217 545 1282 566 cum
1307 535 1470 565 Schriickio
1492 535 1522 564 in
1541 542 1611 563 eun-

97 600 161 628 dem
175 597 277 627 incidit
292 605 428 626 errorem.
468 594 540 624 Non
559 593 633 623 vidit
655 593 750 627 enim,
777 589 939 626 Nibelungi
966 589 1138 617 Chronicon
1166 588 1255 626 (1),
1286 596 1344 623 quo
1370 587 1494 616 Carolus
1519 585 1610 614 Saxo-

97 649 173 679 niam
197 647 329 677 divisisse
350 647 443 676 fertur
465 645 655 683 presbyteros
677 643 752 672 inter
783 641 939 678 episcopos
963 640 1161 675 e‘t'abbates,
1177 640 1229 676 qui
1250 638 1430 675 baptizarent
1452 643 1480 665 et
1504 635 1613 665 doctri-

98 708 163 730 nam
178 698 300 728 divinam
322 699 433 734 populo
449 697 611 732 traderent,
632 695 701 723 haec
724 693 858 730 retulisse
887 692 922 721 ad
948 700 1054 721 annum
1078 691 1291 721 DCCLXXX.
1331 688 1466 724 Denique
1487 687 1615 723 Dippol·

99 752 153 780 dus
167 771 178 787 ,
201 758 285 786 quem
299 749 389 784 adiit,
408 748 518 777 fontem
536 740 595 777 non
616 744 802 782 significavit.
842 745 882 773 At
900 743 1065 773 avidissime
1091 751 1156 771 eum
1180 742 1338 778 scriptores
1359 740 1522 770 insecutum
1548 745 1613 766 esse

99 801 265 838 superiores
286 800 440 837 suspicor,
463 799 529 835 quia
544 797 702 827 certissime
725 795 780 824 sibi
802 804 971 832 persuasum
992 803 1054 823 esse
1076 794 1217 828 fateatur,
1237 801 1297 822 non
1315 792 1355 820 ita
1378 790 1493 827 quidem
1519 788 1613 818 fuisse

100 852 200 882 Caroli
229 851 333 888 Magni
357 850 520 887 praedicare
552 848 715 877 Saxonibus
749 847 928 883 euangelium
948 866 958 882 ,
989 854 1075 881 quam
1101 844 1236 880 quidem,
1266 851 1329 872 eum
1353 842 1404 879 pio
1438 850 1470 870 ac
1501 839 1614 869 sincero

100 903 261 934 Christiani
284 901 409 931 hominis
425 901 520 930 animo
543 901 573 929 id
593 909 668 937 opus
685 899 851 936 perfecisse
866 898 944 935 (2).
985 897 1079 934 Quam
1093 904 1151 924 rem
1173 903 1261 931 quum
1276 894 1342 924 inde
1358 892 1514 927 conficiat,
1537 891 1616 926 quod

101 956 227 985 Carolus
245 949 282 983 ex?
297 953 435 990 pontifice
448 952 601 988 aliquando
616 950 789 987 quaesierit,
810 951 844 978 de
867 949 955 985 lapsis
983 947 1153 977 Saxonibus
1173 946 1244 982 quid
1268 945 1412 974 videretur
1428 941 1611 975 faciendum,

101 1008 233 1045 equidem
245 1027 256 1043 ,
276 1006 333 1035 nisi
348 1005 425 1041 alia,
447 1013 517 1040 quae
534 1005 596 1041 ejus
617 1002 786 1032 sententiam
809 1000 1002 1036 confirment,
1026 1004 1198 1035 argumenta.
1217 995 1423 1034 proferantur,
1445 993 1488 1023 illi
1506 1001 1616 1028 nequa-2

103 1068 187 1096 quam
204 1057 333 1097 adjiciam
347 1057 488 1086 calculum
509 1054 589 1093 (3).

528 1157 557 1194 ἕ.
582 1165 611 1194 3.
652 1156 725 1185 Belli
745 1156 880 1185 Saxonici
893 1153 968 1191 fata
988 1157 1183 1191 exponuntur.

139 1261 227 1293 Haud
245 1261 306 1291 scio
324 1268 368 1289 an*
382 1267 472 1289 errem
495 1258 560 1289 Viri
586 1258 767 1288 Clarissimi!
802 1265 889 1293 quum
914 1255 953 1284 ita
987 1253 1129 1288 sentiam,
1157 1258 1217 1281 non
1241 1249 1399 1286 exspectari
1423 1257 1439 1277 a
1462 1248 1547 1276 nobis
1569 1255 1615 1275 ac-

100 1313 330 1348 curatissimam,
350 1311 386 1341 ad
402 1311 539 1340 rationem
562 1318 702 1338 annorum
728 1307 810 1338 anxie
837 1312 983 1340 exactam,
1013 1304 1205 1333 narrationem
1226 1301 1376 1337 omniurn,
1398 1308 1469 1336 quae
1492 1297 1615 1327 Carolus

101 1365 229 1401 Magnus
244 1363 275 1392 in
292 1362 416 1392 Saxonia
439 1361 632 1396 commiserit,
659 1360 853 1396 praeliorum,
883 1356 1033 1391 omnium,
1059 1364 1128 1391 quas
1152 1353 1314 1388 habuerit,
1332 1351 1525 1385 concionum,
1555 1357 1617 1376 om·

99 1416 200 1451 11111111,
224 1423 294 1451 quas
309 1415 436 1443 Saxones
459 1413 622 1449 moverint,
644 1412 830 1441 seditionum.
873 1410 952 1446 Quas
971 1416 1038 1442 res,
1060 1415 1094 1435 ex
1109 1404 1335 1439 vetustissimis,
1359 1403 1435 1439 apud
1457 1400 1615 1430 Chesnium

101 1474 129 1496 et
142 1466 336 1503 Bouquetium
355 1465 469 1498 obviis,
491 1464 685 1500 scriptoribus
704 1463 845 1497 haustas,
868 1468 954 1496 atque
970 1460 1157 1495 depromtas,
1181 1461 1377 1492 exposuerunt
1394 1452 1613 1490 diligentissime

97 1521 156 1556 jam
174 1527 217 1547 ac
222 1523 386 1546 enarrarunt
404 1515 562 1545 novissime
580 1515 609 1544 in
625 1514 724 1550 primis
741 1511 919 1543 Sclnoekius
937 1510 1001 1548 (4)
1021 1516 1048 1537 et
1064 1503 1231 1545 Dippoldus
1249 1506 1326 1543 (5).
1368 1505 1460 1541 Quam
1476 1504 1513 1531 ob
1531 1510 1613 1530 caus-

99 1578 159 1599 sam
178 1568 272 1599 nostri
289 1576 351 1597 esse
368 1567 492 1603 opinor,
511 1573 544 1595 ut
562 1565 708 1601 vividam,
731 1565 765 1593 ad
785 1564 907 1592 formam
930 1561 1079 1596 veritatis,
1101 1565 1239 1596 quantum
1259 1555 1427 1593 possimus,
1448 1562 1610 1589 expressam

101 1622 251 1658 imaginem
277 1620 408 1656 effingere
437 1619 619 1654 studeamus,
650 1617 707 1653 quii
730 1623 758 1645 et
782 1615 925 1644 Saxonica
947 1611 1095 1650 religionis
1119 1610 1212 1640 avitae
1232 1607 1397 1666 tenacitas,
1428 1612 1457 1633 et
1483 1605 1561 1640 regio
1585 1604 1629 1631 in.

100 1672 299 1717 persequendo
328 1670 452 1700 consilio
473 1669 635 1698 constantia
652 1667 853 1705 perspiciatur.
1275 1668 1277 1671 ’

136 1724 236 1762 Quum
253 1724 376 1753 Carolus
394 1722 519 1759 Magnus
532 1742 543 1759 ,
564 1729 634 1760 post
658 1722 776 1759 primam
806 1718 1017 1757 expeditionem
1033 1737 1043 1754 ,
1068 1716 1125 1753 qua
1151 1712 1232 1744 falsi
1243 1711 1378 1749 aiicujus·
1373 1708 1445 1739 -De'r
1458 1708 1505 1745 (6
1511 1707 1612 1744 >tem2

1535 1764 1619 1798 plum:

134 1838 147 1863 (
164 1836 200 1871 1)
218 1837 248 1863 In
264 1835 367 1861 Chesnii
382 1836 547 1868 scriptoribus
564 1843 647 1861 rerum
667 1837 836 1868 Gallicarum,
855 1841 875 1862 t.
889 1828 931 1860 112⁷
944 1841 971 1860 c·
985 1841 1032 1860 22.

132 1886 153 1918 (Γ.
150 1886 199 1918 32)
219 1892 244 1917 p.
258 1890 303 1917 73.
327 1883 375 1908 Er
382 1884 466 1909 wollt&
476 1891 500 1909 es
512 1884 552 1908 als
568 1885 608 1909 ein
626 1882 733 1915 eifriger
744 1881 840 1908 Christ.

132 1932 195 1965 (3)
215 1931 298 1956 Nobis
318 1930 473 1961 aliquatenus
490 1929 579 1955 favere
594 1929 694 1954 videtur
708 1930 826 1961 SpittIer.
847 1929 884 1954 Gr
886 1914 983 1953 undriss
996 1926 1041 1953 der
1062 1924 1174 1950 Chris-:L
1198 1923 1290 1949 Kioeh
1284 1921 1398 1954 ngesch.
1415 1940 1424 1953 ,
1443 1927 1541 1955 p.179.
1559 1926 1613 1944 nec:

100 1986 149 2005 nnn
167 1977 320 2005 Eichhorn‚
340 1975 503 2001 Geschichte
519 1975 563 2000 der
580 1976 721 2006 metatur,
735 1982 761 2001 t.
776 1975 798 2000 1.
810 1982 842 2006 p.
857 1981 918 2007 722.

136 2023 240 2057 (4)l.
254 2024 273 2050 1.
291 2028 311 2048 t.
323 2022 395 2048 XRX.
412 2029 442 2054 p.
452 2026 500 2054 255
516 2028 577 2054 sqq,
679 2019 742 2055 (5)
761 2021 779 2045 l.
792 2021 811 2047 i.
829 2020 882 2047 vid.
893 2021 974 2047 etiam
993 2020 1072 2046 Gaulo.
1074 2018 1119 2050 r‚d
1137 2019 1177 2043 vie
1193 2017 1223 2043 de
1241 2018 1432 2047 Charlemague.

133 2068 209 2105 (ὁ)
217 2069 344 2098 Irmensul
361 2069 511 2102 plerumque
532 2075 640 2095 vocatur
656 2067 720 2094 illud
741 2067 846 2094 idolum.
881 2067 910 2093 In
930 2067 1004 2098 cuius
1016 2066 1096 2092 honor
1100 2072 1136 2091 em
1156 2071 1279 2090 constitu
1283 2071 1322 2089 um
1341 2062 1433 2093 fuerit,
1448 2058 1537 2086 erufflti
1551 2056 1614 2082 ᾶῖει

897 2111 935 2142 Β,
1554 2112 1622 2130 seu-⁷
