1919 2511
249 165 284 193 50
511 150 798 191 JOANNIS
856 148 1172 179 HERMANI
1235 147 1464 178 KRooN

533 235 602 264 Tum
622 233 742 272 donique
762 233 843 262 illum
862 232 978 261 bestiam
998 239 1169 270 agnoscens,
1191 233 1270 261 truci

534 286 600 315 Salo
619 283 808 314 hauriendum
821 305 831 320 .,
847 283 1035 322 fluctibusque
1054 283 1197 314 reddidit.

534 387 598 425 ‘Qui
617 388 797 416 mentiuntur
816 384 1014 423 impudenter,
1036 387 1067 415 hi
1085 386 1142 413 suis

531 437 675 474 Rcfeclcrc
695 438 749 475 ipsi
769 445 795 464 se
814 436 901 465 solem
920 435 1085 466 mendaciis.

283 541 389 570 Simius
406 545 435 567 ct
447 537 585 576 Delphus.
627 537 734 566 Fabula
751 543 844 565 exstat
861 537 934 565 inter
949 535 1061 572 Aesop.
1075 536 1196 565 Planud.
1214 538 1283 565 coil.
1304 535 1367 566 No.
1389 537 1437 565 88.
1459 536 1581 565 Gravem
1601 525 1670 566 vero
1691 547 1763 567 cum*

248 592 310 622 aliis
329 592 359 621 in
386 592 438 620 hac
461 588 556 618 fabula
578 597 702 617 errorem
728 588 854 617 Faernus
880 587 1003 622 erravit,
1026 595 1040 614 e
1067 586 1195 626 delphino
1221 588 1318 625 pisce,
1343 589 1391 625 qui
1413 589 1442 618 in
1464 588 1574 617 Graeca
1594 587 1691 618 fabuia
1717 589 1767 617 in·

247 643 410 680 telligitur,
428 643 515 670 civem
539 640 706 677 Delphicum
729 639 861 674 faciens,
884 645 915 667 ut
943 638 1020 673 quod
1050 637 1134 667 simio
1158 639 1188 668 in
1212 639 1263 668 hae
1288 639 1384 669 fabula
1407 639 1529 673 accidit,
1551 639 1679 668 Piraeum
1707 641 1760 668 ho-

246 693 331 723 minis
347 701 451 722 nomen
474 700 537 720 esse
556 691 751 726 existimanti,
774 691 845 719 idem
868 689 1014 726 plerisque
1034 690 1120 726 hujus
1134 690 1246 720 fabulae
1262 692 1468 728 interpretibus
1484 691 1641 728 acciderit,
1662 699 1762 721 notan-

247 752 276 773 te
295 743 478 779 Heusingero
505 741 535 770 in
559 741 638 770 notis
659 741 693 770 ad
711 742 786 770 issam
805 741 927 769 fabulam
939 759 951 775 ,
972 739 1022 775 qui
1050 740 1184 770 observat
1199 741 1341 772 Tzetzem
1355 744 1409 781 jam
1428 743 1456 772 in
1474 743 1530 771 hoc
1550 751 1643 771 errore
1660 742 1763 773 fuisse.

250 794 340 824 Addit
363 801 454 823 autem
481 799 577 826 recte,
599 792 692 829 perire
717 800 828 821 omnem
854 791 966 820 fabulae
992 791 1130 828 gratiam,
1151 792 1208 821 nisi
1227 793 1386 832 Delphinus
1408 793 1604 829 intelligatur,
1627 793 1676 828 qui
1700 795 1764 822 lon-

247 849 310 885 gius
339 849 430 878 adhuc
461 857 477 877 a
497 855 571 877 terra
595 847 706 877 natanti
734 846 823 875 simio
842 846 1008 880 succurrit,
1038 846 1154 874 dorsum
1185 846 1343 881 supposuit
1374 851 1402 873 et
1432 844 1556 874 innatam
1584 844 1682 880 generi
1710 852 1763 873 suo

247 902 456 939 φιλανθρωπίαν
482 900 644 936 praestitit,
677 908 761 935 quam
789 897 1035 937 tot-scriptorum
1065 896 1239 925 testimoniis
1267 895 1405 924 celebrari
1429 894 1571 924 videmus.
1595 895 1661 925 Ael.
1687 893 1764 925 Hist.

244 952 344 981 Anim.
376 952 447 980 Lib.
465 951 519 980 VI.
547 960 613 988 cap.
635 958 680 986 15.
713 950 790 980 Plin.
819 949 861 978 H.
879 950 920 978 N.
944 948 1016 977 Lib.
1035 948 1087 978 IX.
1109 957 1174 985 cap.
1192 950 1220 976 8.
1256 947 1334 976 Plin.
1350 948 1421 985 Jun.
1445 945 1515 974 Lib.
1532 945 1581 974 IX.
1611 945 1696 981 epist.
1715 953 1764 982 33.

247 1002 333 1032 Gen.
359 1002 428 1032 Lib.
445 1003 528 1032 XVI.
551 1012 617 1039 cap.
638 1011 684 1039 19.
709 1001 864 1038 Spanhem.
885 1001 919 1029 de
939 1008 993 1028 usu
1010 1006 1037 1028 et
1054 999 1226 1035 praestantia
1240 998 1404 1028 numismat.
1424 997 1554 1026 Dissert.
1577 995 1631 1024 lV.
1650 1005 1682 1032 p.
1697 1004 1766 1033 224.

293 1054 366 1083 Cum
390 1054 514 1083 morione
538 1054 629 1082 simio.
675 1053 706 1082 Id
728 1059 772 1081 est
793 1053 904 1087 stulto,
925 1051 1028 1087 fatuo;
1051 1058 1152 1080 vocem
1176 1056 1322 1079 mutuatus
1347 1054 1391 1077 est
1409 1057 1425 1077 a
1450 1047 1584 1076 Martiale
1608 1046 1676 1076 Lib.
1696 1048 1765 1077 VII.

250 1106 344 1142 epigr.
363 1113 408 1142 13.
434 1124 452 1141 ‚‚
468 1105 564 1134 Mm’o
586 1105 677 1133 dictus
698 1110 779 1133 crat:
798 1104 902 1141 viginti
923 1102 1047 1131 millibus
1065 1101 1148 1130 emi”
1174 1102 1221 1130 vel
1240 1101 1274 1129 ab
1290 1099 1459 1136 Augustino
1480 1097 1567 1134 epist.
1587 1099 1635 1126 18.
1668 1116 1686 1133 ,‚
1701 1099 1766 1134 qui·

254 1178 271 1192 „
290 1156 357 1185 dum
380 1163 480 1184 tantae
504 1163 570 1184 suut
587 1154 766 1191 fatuitatis,
787 1160 820 1181 ut
841 1162 895 1181 non
922 1153 1042 1181 multum
1065 1160 1084 1180 a
1101 1151 1248 1189 pecoribus
1268 1149 1426 1188 differant,
1448 1158 1513 1187 quos
1530 1149 1666 1178 moriones
1681 1149 1765 1186 vulgo

254 1229 273 1244 ‚,
294 1207 430 1237 vocant?
471 1206 526 1235 Est
552 1213 644 1235 autem
671 1214 687 1234 a
711 1205 768 1235 Gr.
796 1204 884 1241 μωρὸς
910 1203 989 1240 quod
1013 1202 1108 1239 ipsum
1129 1203 1248 1232 Plautus
1273 1200 1426 1238 usurpavit
1451 1200 1482 1230 in
1509 1199 1536 1228 T
1540 1199 1598 1231 rin.
1626 1199 1771 1230 Act.111..

252 1261 302 1289 Sc.
320 1267 349 1288 2.
374 1267 416 1288 vs.
432 1266 483 1295 43,

540 1311 632 1339 Amor
651 1318 740 1339 mores
759 1309 901 1339 hominum
922 1316 1013 1338 moros
1033 1313 1060 1336 ct
1078 1314 1196 1336 morosos
1217 1305 1307 1344 efficit.

255 1364 331 1394 unde
354 1362 510 1401 morologus
531 1371 586 1400 pro
607 1362 788 1399 stultiloquus
810 1360 885 1396 apud
911 1360 1031 1389 eundem
1055 1358 1086 1388 in
1107 1358 1190 1387 Pers.
1217 1357 1284 1386 Act.
1303 1355 1329 1385 1.
1357 1354 1408 1384 Sc.
1430 1361 1455 1383 1.
1478 1360 1590 1391 vs..50.

541 1413 656 1442 Amoris
674 1413 743 1442 vitio
755 1431 766 1447 ,
789 1419 843 1439 non
862 1419 941 1447 mco,
963 1419 1038 1439 nunc
1058 1409 1112 1438 tibi
1132 1407 1288 1445 morologus
1303 1405 1363 1441 fio..

252 1465 343 1497 Conf.
366 1465 476 1494 Graev.
499 1464 535 1492 ad
555 1464 638 1493 Suet.
661 1462 735 1492 Tib.
755 1471 821 1499 cap.
836 1469 888 1498 45.

291 1517 357 1545 Salo
381 1514 572 1544 hauriendum
597 1529 634 1537 —
655 1511 794 1544 reddidit.
837 1514 906 1544 Vid.
932 1514 1007 1543 dicta
1027 1512 1062 1541 ad
1082 1511 1144 1541 fab.
1163 1510 1216 1540 XI.

293 1567 350 1605 Qui
373 1567 553 1596 mentiuntur
574 1565 764 1605 impudenter.
808 1586 827 1601 ,‚
852 1565 984 1594 Homines
1003 1563 1099 1601 inflati
1123 1558 1297 1600 opinionibus
1324 1559 1452 1597 turpiter
1472 1555 1660 1593 irridentur,
1690 1562 1719 1584 ci
1741 1555 1774 1583 in

259 1638 277 1654 7,
297 1618 429 1647 maximis
447 1623 603 1648 versantur
623 1615 797 1647 erroribus'’
820 1615 886 1646 Cic.
909 1615 944 1645 de
963 1614 1025 1645 off.
1043 1614 1115 1644 Lib.
1136 1613 1163 1642 1.
1185 1620 1252 1648 cap.
1272 1610 1330 1640 26..

956 1717 1070 1730 nn·-

481 1796 742 1827 FABULA
800 1792 1187 1826 TRIGESIMA
1245 1787 1562 1822 SEPTLMA..

761 1890 891 1911 RANAB.
924 1888 1029 1909 DUAE
1063 1885 1285 1907 slrlssN-Tsss·

550 1967 586 1998 In
604 1967 752 2003 siccitate,
773 1973 801 1996 et
819 1973 930 1996 summa
949 1972 1043 2003 aquae
1058 1963 1209 2003 penuria,

589 2019 693 2048 Ranae
712 2018 898 2057 vagabantur
915 2016 993 2047 duae
1003 2035 1016 2053 ,

555 2069 650 2099 Sicubi
666 2069 819 2108 profundis
838 2070 1002 2101 invenirent
1021 2067 1145 2100 vamba,

593 2121 719 2160 Aliquid
735 2122 854 2160 liquoris
873 2120 978 2153 abdiu·-
1707 2162 1731 2193 T

1729 2171 1783 2192 an·
