1919 2511
327 133 365 162 50
572 122 575 124 ’
655 121 831 153 ANTONII
850 119 1028 150 HENRICI
1049 127 1115 149 νΛΝ
1134 128 1201 150 nnn
1220 119 1335 150 BOON
1354 119 1500 150 MESCH

332 215 403 242 quae
424 206 495 235 hanc
516 204 684 234 sententiam
708 205 876 234 confirmare
897 203 1042 232 videntur.
1085 201 1180 238 Nam,
1202 209 1234 230 ut
1251 203 1310 240 jam*
1323 202 1510 239 probavimus
1523 222 1532 238 ,
1554 203 1610 233 hoc
1629 205 1707 235 humi
1726 213 1835 238 extrac-

329 264 389 285 tum
417 258 491 292 aquil
514 257 638 284 solutum
667 264 683 283 a
707 257 866 291 plantarum
899 252 1040 281 radicibus
1065 251 1256 288 absorbetur,
1285 259 1312 281 et
1338 253 1392 281 hoc
1434 253 1506 282 idem
1534 261 1687 284 extractum
1704 277 1714 293 ,
1745 265 1776 287 ut
1803 260 1836 289 in

330 308 421 335 altero
444 306 537 343 capite
560 305 703 341 vidimus,
730 313 790 334 non
814 305 907 333 solum
932 303 1071 340 ejusmodi
1092 302 1232 339 principia
1257 304 1514 340 comminuantur,
1546 306 1597 333 sed
1620 307 1703 336 etiam
1732 310 1833 346 maJ'ori

329 357 433 393 copia,
458 366 540 393 quam
569 356 617 385 illa
646 356 726 384 humi
752 364 836 392 pars,
859 362 930 389 quae
954 354 989 381 ab
1015 354 1087 388 aqua
1110 360 1169 383 non
1195 353 1354 389 suscipitur
1382 354 1475 390 (1),
1506 355 1634 391 adeoque
1659 359 1769 393 plantas
1792 360 1836 389 jn,

326 415 400 436 trare
424 407 535 443 nequit.
577 406 684 434 Verum
713 406 899 442 probavimus
927 403 1009 431 etiam
1029 413 1151 439 aquam,
1178 403 1203 432 si
1226 404 1256 432 in
1282 404 1399 432 humum
1427 403 1603 438 effundatur,
1633 408 1718 443 hujus
1744 411 1837 438 susci·

327 467 394 495 pere
419 459 492 487 sales
514 463 542 486 et
568 457 680 493 quidem
708 457 864 492 paucillum
892 461 1027 482 terrarum
1051 454 1132 482 etiam
1149 474 1159 489 ‚
1187 460 1220 482 ut
1242 454 1342 484 calcis.
1383 454 1543 484 Probabilis
1567 456 1654 492 igitur
1679 458 1764 488 nobis
1793 461 1835 489 vi.
1880 480 1887 486 ,

326 510 409 537 detur
435 507 574 537 sententia
593 528 603 543 ,
640 516 671 537 ea
702 507 811 535 ratione
845 506 913 534 haee
944 504 1086 540 principia
1115 506 1224 540 plantas
1258 505 1390 541 intrare;
1430 506 1508 541 quod
1538 506 1619 535 etiam
1649 509 1836 545 aliquomodo

325 559 465 596 probatur
495 558 638 587 Bullionis
663 558 875 595 experimento,
903 556 953 592 qui
981 554 1011 583 in
1036 555 1112 582 terra
1137 556 1260 584 arenosa
1282 556 1354 584 nihil
1374 556 1491 585 nitratis¹
1508 563 1640 592 potassae
1670 560 1836 590 continente

324 610 474 639 seminavit
495 609 680 639 Helian-thum
703 617 848 644 annuum,
873 607 903 636 in
929 614 984 642 qua
1009 606 1105 641 planta
1123 605 1257 641 deinceps
1280 606 1361 634 etiam
1391 608 1500 636 nullum
1525 608 1611 645 hujus
1639 609 1706 639 salis
1733 611 1838 648 reperi-¹-

321 661 494 698 vestigium;
521 669 619 689 verum
646 668 734 696 quum
757 659 872 691 eandem
890 665 992 686 terram
1017 656 1132 684 eandem
1152 658 1276 692 plantam
1293 657 1429 686 ferentem
1455 659 1664 688 humectaverat
1689 662 1764 696 aqua
1782 663 1836 691 sal-

324 721 354 740 sa
381 712 492 741 nitratis
518 717 671 747 potassae‚
702 710 821 738 eundem
848 710 932 737 salem
959 707 989 735 in
1015 705 1171 735 Heliantho
1198 716 1293 736 annuo
1315 709 1447 745 reperit3,
1475 710 1553 745 quod
1579 710 1722 740 Bullionis
1751 701 1838 749 eupe-

320 764 475 792 rimentum·
492 762 591 791 eodem
614 766 717 790 eventu
736 759 871 796 repetivit
895 764 924 787 et
944 757 1007 786 aliis
1029 756 1210 787 confirmavit
1231 759 1407 795 Schraderus
1429 761 1510 797 (2).

360 817 468 844 Verum
491 814 559 843 licet
583 813 664 842 humi
689 820 803 849 magnas
830 819 893 840 esse
919 816 1013 847 partes
1036 815 1151 838 constet
1170 809 1199 838 in
1218 809 1262 838 his
1283 809 1436 846 principiis
1455 809 1563 846 plantis
1580 811 1771 848 praebendis,
1794 820 1835 844 ta.-

321 874 386 894 men
418 865 486 894 haec
521 864 615 894 omnia
637 872 696 893 non
726 871 760 891 ex
784 863 873 891 humo
902 870 964 890 esse
989 861 1142 890 derivanda
1164 869 1336 898 censemusg,
1366 868 1394 890 et
1417 870 1452 890 ex
1482 862 1683 898 experimentis
1704 863 1836 900 inprimis

320 916 470 944 Schraderi
496 924 631 952 apparere
651 915 786 950 videtur,
814 914 892 950 ipsas
914 914 1025 950 plantas
1053 912 1112 941 suis
1138 913 1210 948 ipsis
1234 912 1345 942 viribus
1373 913 1476 941 haecce
1498 912 1639 949 principia
1660 920 1688 942 et
1713 914 1836 944 formare

321 973 348 994 et
366 975 468 1002 augere
486 966 503 1000 ζ
514 968 569 1002 3).
611 966 739 994 Humum
768 971 860 993 autem
887 965 937 1000 lias
963 970 1061 1000 partes
1086 972 1145 993 non
1169 965 1258 993 solam
1285 964 1392 1000 plantis
1419 964 1578 1001 praebere,
1607 965 1712 995 confici
1738 973 1837 1003 potest

319 1026 347 1047 et
367 1026 400 1047 ex
426 1018 603 1054 quantitate,
634 1016 702 1053 quav
717 1015 781 1045 illae
804 1016 834 1044 in
859 1016 947 1043 humo
972 1014 1180 1050 inveniuntur,
1204 1021 1232 1043 et
1261 1024 1297 1043 ex
1319 1015 1424 1051 copia,
1450 1016 1507 1051 qua
1525 1016 1629 1044 humus
1647 1016 1677 1045 in
1692 1016 1768 1053 agris
1786 1017 1836 1046 ad.-

320 1077 385 1105 est3
418 1076 445 1098 et
469 1070 537 1098 satis
564 1067 728 1104 speciosum
753 1073 796 1094 est
825 1064 975 1094 Schraderi
1009 1073 1205 1101 argumentum
1232 1066 1354 1095 dicentis
1371 1086 1382 1102 ‚
1410 1068 1522 1102 plantas
1554 1065 1645 1096 fuisse
1680 1073 1832 1103 antequam

318 1124 423 1151 humus
445 1121 563 1156 aderat,
594 1127 666 1155 quae
691 1127 727 1147 ex
750 1117 808 1146 iuis
832 1117 943 1146 demum
969 1116 1110 1145 formatur
1140 1115 1218 1152 (4).
1256 1116 1297 1146 Et
1318 1125 1385 1146 sane
1408 1117 1549 1146 credimus
1572 1118 1734 1154 plantarum
1758 1117 1835 1147 vitae

318 1174 393 1201 vires
414 1173 534 1209 majores
556 1171 638 1205 esse,
667 1176 750 1205 quam
773 1167 887 1203 quidem
912 1166 995 1195 multi
1019 1167 1236 1205 existimarunt3
1261 1168 1370 1205 quippe
1387 1177 1478 1204 quae,
1499 1168 1568 1196 licet
1589 1168 1620 1197 in
1644 1168 1743 1197 eodem
1766 1176 1834 1205 agro

319 1231 347 1252 et
369 1223 422 1252 sub
448 1224 545 1251 eodem
573 1222 656 1250 coelo
683 1226 866 1255 crescentes,
889 1227 991 1248 omnes
1015 1225 1108 1248 tamen
1132 1227 1202 1248 suos
1229 1219 1335 1249 habent
1357 1218 1518 1255 peculiares
1543 1218 1678 1247 humores
1699 1225 1727 1247 et
1748 1226 1836 1248 mate-

318 1276 395 1312 ries;
418 1281 502 1310 atque
526 1281 560 1302 ex
580 1270 817 1309 ingeniosissimis
840 1270 892 1299 hac
915 1271 948 1299 de
970 1279 1001 1299 re
1021 1270 1164 1300 institutis
1181 1270 1384 1308 experimentis
1407 1270 1579 1299 concludere
1595 1269 1681 1303 licet,
1702 1270 1732 1299 in
1751 1271 1832 1306 plan-

319 1329 356 1357 tis
380 1329 532 1356 humorum
557 1331 586 1354 et
611 1323 797 1353 secretionem
826 1329 855 1352 et
884 1323 1069 1352 mutationem
1087 1342 1098 1358 ,
1124 1322 1149 1351 si
1175 1330 1235 1351 non
1267 1321 1372 1357 unice,
1406 1322 1507 1350 saltem
1538 1320 1656 1348 maxima
1677 1329 1731 1356 pro
1753 1325 1834 1354 parte

319 1379 482 1407 derivandas
507 1386 571 1406 esse
594 1385 609 1405 a
631 1375 709 1405 vario
731 1381 864 1403 vasorum
892 1374 994 1410 agendi
1012 1374 1120 1409 modo,
1146 1373 1196 1409 qni
1221 1374 1321 1402 modus
1344 1382 1359 1402 a
1382 1372 1480 1408 varia,
1503 1380 1559 1407 qua
1574 1371 1701 1407 praedita
1717 1376 1785 1405 sunt
1803 1370 1833 1400 vi

318 1429 420 1463 vitali,
449 1428 619 1457 derivandus
645 1427 757 1456 videtur
778 1425 861 1464 (5).
908 1425 948 1454 Et
971 1424 1093 1454 forsitan
1117 1425 1168 1453 hae
1200 1431 1292 1454 terrae
1315 1425 1364 1453 vel
1387 1423 1481 1460 oxyda
1509 1422 1650 1452 metallica
1671 1423 1722 1451 vel>
1742 1421 1832 1458 phos-

320 1481 432 1516 phorus
450 1480 496 1508 vel
519 1479 612 1508 sulfur
638 1478 728 1512 adeo,
751 1485 823 1512 quae
850 1477 944 1505 omnia
970 1477 1000 1506 in
1022 1476 1130 1514 plantis
1152 1477 1360 1512 inveniuntur,
1382 1475 1442 1504 suis
1472 1480 1605 1503 constant
1628 1472 1782 1511 principiis
1805 1479 1833 1500 et

318 1540 441 1566 corpora
463 1529 623 1566 composita
649 1535 737 1564 sunt,
758 1536 829 1563 quae
854 1527 932 1564 ipsae
957 1530 1069 1564 plautae
1095 1537 1130 1557 ex
1155 1527 1214 1557 suis
1239 1526 1392 1564 principiis
1417 1532 1532 1555 creant„

356 1581 463 1610 Verum
487 1581 540 1609 hae
564 1580 653 1617 magis
674 1580 856 1616 conjecturae
875 1585 962 1615 sunt,
986 1588 1069 1615 quam
1090 1580 1246 1610 sententiae
1263 1577 1466 1615 experimentis
1485 1576 1641 1613 probatae3
1663 1574 1719 1603 hoc
1737 1580 1830 1604 tamen

321 1633 493 1662 Schradcrus
518 1639 546 1661 et
568 1631 617 1661 alii
646 1631 806 1668 probarunt
823 1651 834 1666 ,
866 1631 999 1667 quasdam
1027 1634 1138 1669 plantas
1159 1632 1189 1660 in
1214 1630 1326 1659 sulfure
1351 1637 1382 1657 v.
1404 1636 1434 1664 g.
1464 1628 1511 1656 vel
1537 1625 1639 1662 oxydis
1660 1623 1830 1659 metallicis,

320 1684 394 1718 aquit
418 1692 488 1719 pura
512 1683 657 1719 irrigatis,
678 1691 733 1719 per-
747 1681 890 1718 quoddam
914 1688 1027 1718 tempus
1052 1691 1111 1712 non
1129 1682 1242 1718 quidem
1261 1682 1352 1713 laete,
1372 1678 1498 1708 crevisse
1522 1683 1614 1706 tamen
1634 1682 1663 1705 et
1686 1675 1750 1704 suis
1761 1681 1831 1704 con-

322 1733 429 1761 stitisse
454 1732 605 1769 partibus,
633 1740 704 1768 quae
729 1739 824 1767 neque
847 1731 876 1761 in
901 1733 975 1768 aquil
1000 1741 1094 1769 neque
1116 1732 1145 1761 in
1171 1731 1281 1760 sulfure
1304 1731 1424 1760 inerant.
1464 1726 1600 1757 Probavit
1619 1732 1712 1756 autem
1731 1725 1831 1754 Schra-

1785 1775 1832 1803 de-

355 1866 371 1899 (
384 1865 423 1900 1)
441 1864 507 1889 Vid.
526 1864 649 1890 Saussure
674 1866 692 1891 l.
711 1866 729 1891 1.
750 1873 776 1897 p.
792 1865 851 1890 280.
876 1871 902 1890 et
923 1864 1002 1890 Table
1021 1864 1064 1890 des
1085 1864 1210 1896 Analyses
1236 1863 1273 1891 N.
1292 1869 1337 1893 10,
1358 1869 1404 1894 11,
1423 1862 1466 1895 76.
1491 1866 1550 1892 usq.
1567 1859 1597 1885 ad
1616 1865 1659 1892 79.

356 1910 423 1944 (2)
443 1910 503 1936 Vid.
520 1910 642 1936 Schrader
663 1911 681 1937 1.
699 1912 718 1937 1.
738 1918 765 1943 p.
779 1917 839 1942 315·

357 1955 419 1990 (3)
439 1956 499 1983 Vid.
518 1956 639 1982 Schrader
661 1957 680 1983 1.
698 1957 716 1983 1.
738 1964 766 1988 p.
786 1963 831 1988 321
854 1963 880 1982 et
897 1963 970 1989 seqq.

356 2003 423 2036 (4)
442 2002 505 2029 Vid.
525 2002 649 2028 Schrader
671 2004 689 2030 1.
708 2005 726 2030 Ι.
747 2011 774 2035 p.
791 2010 853 2035 324.

356 2047 396 2081 (5
412 2047 424 2080 )
443 2047 504 2075 Vid.
522 2049 560 2074 vir
579 2049 742 2076 doctissimus
759 2049 880 2082 Vitringa
900 2049 1006 2076 Coulon
1024 2050 1049 2075 in
1065 2056 1108 2082 op.
1127 2050 1144 2076 Ι.
1163 2056 1220 2082 pag.
1237 2054 1363 2081 73-97,
