1919 2511
342 127 365 160 6
971 125 993 168 (’
1051 137 1092 159 =
1144 123 1179 168 ⁷).-

343 219 460 263 insigni
491 230 568 254 cum
603 222 739 255 caeteris
773 221 1015 255 concertatione
1046 219 1090 254 ad
1116 230 1176 260 ea,
1207 229 1291 263 quae
1324 219 1470 252 maxime
1502 218 1682 254 honorifica
1707 223 1788 253 511οῐ
1795 229 1809 263 ,⁴

346 277 548 311 contendant
566 283 597 311 et
618 280 816 322 conspirent.
864 281 976 319 Quam
993 277 1027 309 in
1052 286 1124 309 rem
1144 276 1287 307 multum
1311 276 1495 309 conducere
1528 277 1679 310 existimo
1702 286 1722 309 a
1744 286 1811 309 no-

346 337 434 365 strae
453 343 555 378 aeque
571 340 668 379 atque
684 336 826 376 aliarum
840 332 1093 376 ‘disciplinarum
1107 332 1251 369 alumnis
1273 333 1307 364 in
1329 332 1397 364 dies
1415 333 1518 376 magis
1539 333 1694 366 dilectum
1714 333 1809 365 Lite-

346 399 461 422 rarum
489 393 648 424 Veterum
672 392 819 424 studium
850 389 984 433 diligens
1007 395 1287 432 accuratumque,
1311 394 1342 421 et
1364 390 1500 422 omnino
1525 389 1740 422 emendatum
1763 387 1807 421 ab

347 445 455 489 aliquo
474 452 621 490 tempore
645 447 831 480 studiorum
857 446 1008 480 ordinem
1027 445 1229 489 modumque
1253 446 1457 479 universum.
1503 448 1617 490 Neque
1637 445 1719 478 adeo
1741 444 1811 482 mi-,

347 502 490 535 randum
510 509 559 537 est
572 528 582 546 ,
606 505 679 547 pari
702 505 828 537 ratione
845 504 1035 536 Literarum
1054 500 1302 535 Humaniorum
1325 512 1439 534 amore
1463 501 1608 535 imbutos
1627 502 1811 546 eodemque

348 559 526 601 expolit05‚
551 565 648 604 atque
672 559 737 593 hac
757 561 810 595 via
837 559 880 592 ad
907 560 1021 592 altiora
1045 564 1076 591 et
1099 559 1249 602 graviora
1275 557 1384 590 studia
1409 568 1598 602 progressos
1606 582 1616 601 ‚
1640 559 1676 592 in
1700 558 1810 591 socie-

351 618 453 646 tatem
478 617 589 649 venire
614 617 717 650 habiti
743 623 776 650 et
799 617 934 649 omnino
959 614 1058 648 debiti
1075 615 1194 647 Literis
1219 614 1373 655 honoris,
1399 614 1619 659 omnibusque
1649 615 1811 648 merenti-

349 668 411 701 bus
429 670 472 703 ad
486 671 604 706 similia
618 679 756 707 navatae
775 672 811 706 in
829 671 946 705 studiis
963 681 1082 715 operae
1101 671 1248 714 praemia
1266 676 1378 713 patere
1402 671 1540 704 aditum.
1586 673 1629 703 Et
1650 670 1809 704 honestae

349 726 482 768 quidem
503 727 580 761 huic
598 729 704 761 laudis
724 728 934 762 aemulationi
954 727 1090 760 alendae
1114 732 1212 770 atque
1233 727 1445 770 adaugendae
1467 728 1559 762 varia
1577 727 1673 770 Regis
1694 726 1812 770 optimi

350 781 480 816 decreta
505 785 731 827 maximopere
753 785 945 818 inserviunt.
989 786 1102 826 Neque
1127 783 1192 815 hoc
1211 783 1417 815 reticendum
1440 789 1508 825 est,
1533 788 1738 816 crescentem
1757 782 1814 815 hic

352 842 438 871 certe
457 844 554 882 atque
578 841 642 873 illic
665 841 774 879 cerni,
799 839 887 884 quod
908 839 1001 873 valde
1020 838 1222 883 gaudemus,
1244 838 1421 872 voluntatis
1445 839 1575 873 divinae
1600 840 1819 882 interpretum

351 899 383 927 et
406 896 492 928 sacri
515 895 568 927 his
595 896 786 929 demandati
813 896 961 928 muneris
988 895 1276 927 existimationem.
1329 898 1390 928 Est
1414 901 1500 928 certe
1526 897 1626 928 etlam
1650 894 1817 928 liberalius

352 956 384 983 et
402 951 522 983 lautius
547 951 763 984 educatorum
789 953 948 994 juvenum
975 950 1064 983 hanc
1096 952 1273 983 stationem
1297 950 1430 983 lubente
1458 952 1570 984 animo
1591 951 1818 994 appetentium

354 1006 445 1039 haud
475 1007 665 1051 infrequens
694 1009 727 1041 in
754 1009 938 1051 catalogum
961 1006 1186 1039 studiosorum
1211 1008 1314 1039 nostri
1342 1007 1476 1040 Ordinis
1499 1007 1683 1050 cooptatio,
1715 1006 1773 1049 qui
1798 1015 1818 1038 a

355 1063 549 1105 parentibus
579 1070 610 1096 et
635 1065 905 1108 consanguineis,
929 1062 997 1097 sive
1016 1064 1143 1106 generis
1167 1070 1224 1096 aut
1249 1065 1396 1096 muneris
1423 1063 1615 1107 splendore,
1639 1065 1707 1098 sive
1735 1062 1818 1096 doc-1-

353 1120 518 1152 trinarum
549 1125 581 1152 et
609 1120 804 1154 meritorum
829 1118 1032 1163 praestantia
1056 1119 1226 1152 honoratis
1252 1126 1284 1152 et
1308 1120 1424 1162 claris,
1455 1120 1498 1152 ad
1522 1119 1612 1152 hanc
1634 1120 1820 1152 studiorum

355 1175 443 1209 viam
464 1176 710 1219 ingrediendam
732 1175 885 1216 excitati,
911 1176 961 1209 vel
983 1174 1044 1207 illis
1071 1176 1188 1207 saltem
1217 1176 1308 1209 haud
1331 1175 1546 1209 renitentibus
1575 1176 1642 1209 huc
1667 1175 1818 1214 adducti,

352 1231 551 1265 Academiae
575 1238 708 1265 nostrae
729 1231 847 1265 honori
872 1237 951 1264 sunt
975 1237 1073 1275 atque
1091 1238 1287 1265 ornamento
1296 1242 1308 1273 ·;
1331 1232 1429 1276 idque
1453 1243 1492 1265 eo
1516 1233 1640 1276 magis,
1669 1231 1756 1275 quod
1779 1230 1820 1264 de

354 1288 475 1320 talibus
501 1288 596 1321 nobis
616 1287 746 1332 gloriari
773 1289 866 1330 licet,
891 1298 1033 1332 quorum
1060 1299 1098 1320 ea
1123 1289 1296 1331 universa,
1320 1288 1481 1333 quamdii
1501 1290 1586 1321 inter
1614 1298 1677 1321 nos
1697 1287 1819 1321 versati

354 1350 451 1384 sunt,
475 1350 508 1377 et
528 1345 714 1378 studiorum
739 1350 770 1378 et
790 1346 875 1379 vitae
901 1344 985 1378 ratio
1007 1344 1088 1386 fuit,
1113 1349 1149 1376 ut
1174 1344 1264 1378 haud
1284 1347 1394 1378 minus
1414 1356 1550 1378 morum
1568 1344 1741 1378 honestate
1763 1349 1817 1377 ait-²

355 1412 419 1444 que
441 1402 616 1445 elegantia,
641 1412 742 1446 quam
766 1403 885 1446 ingenii
910 1402 1098 1434 excellentia
1124 1407 1155 1434 et
1177 1400 1340 1434 industria
1368 1403 1577 1435 eminuerint.

397 1459 450 1489 Ex
472 1457 536 1490 hoc
553 1469 669 1501 genere
693 1458 789 1491 binos
811 1457 980 1491 audivistis
997 1458 1032 1491 in
1057 1463 1175 1491 ornato
1198 1457 1262 1491 1100
1284 1459 1355 1492 1000
1378 1465 1452 1502 apte
1477 1463 1508 1491 et
1534 1457 1695 1491 concinne
1714 1455 1816 1492 verba

362 1514 537 1555 facientes,
562 1525 642 1547 mox
664 1514 812 1546 altiorem
838 1524 1090 1547 conscensuros.
1143 1515 1233 1546 Alter
1255 1520 1304 1546 est

705 1600 1024 1633 JACOBUS
1092 1602 1476 1643 DERMOUT,

358 1694 426 1715 11011
450 1683 501 1715 1110
530 1688 588 1715 aut
613 1687 719 1714 aetate
728 1706 738 1723 ‚
771 1687 828 1714 ant
851 1693 1017 1717 annorum
1044 1685 1078 1717 in
1104 1684 1284 1717 Academia
1309 1689 1553 1716 transactorum
1579 1692 1719 1716 numero
1741 1678 1820 1716 cae*-

362 1740 438 1771 teris
465 1738 661 1781 Tlieologiae
690 1737 881 1772 candidatis
903 1740 1011 1782 prlor,
1046 1741 1105 1774 sed
1137 1741 1201 1773 hae
1234 1741 1275 1773 de
1312 1750 1412 1773 causa
1443 1738 1590 1782 primum
1613 1739 1823 1780 evocandus,

357 1794 446 1837 quod
477 1793 675 1829 Academiae
705 1796 826 1829 civium
857 1794 962 1828 nostri
995 1797 1128 1829 Ordinis
1157 1799 1187 1829 ei
1219 1796 1370 1829 omnium
1403 1797 1512 1840 primo
1539 1795 1574 1828 id
1595 1795 1742 1829 modeste
1763 1805 1822 1838 pe·-

360 1852 441 1884 tenti
466 1862 486 1884 a
516 1853 640 1884 Senatu
666 1851 878 1894 Amplissimo
908 1851 963 1885 hic
994 1853 1199 1896 adjudicatus
1229 1858 1277 1886 est
1307 1853 1433 1894 honos,
1467 1858 1504 1884 ut
1534 1852 1585 1884 his
1617 1851 1732 1884 diebus
1763 1860 1822 1884 ve*-

360 1913 469 1940 terum
497 1918 589 1940 more
612 1906 646 1940 111
672 1908 822 1941 ordinem
846 1911 1030 1941 Doctorum
1053 1911 1264 1954 reciperetur.
1310 1912 1424 1953 Neque
1448 1909 1607 1951 diffiteor,
1637 1918 1712 1941 mea
1738 1918 1824 1951 qua-

363 1963 516 2007 licunque
534 1974 618 2007 opus
638 1963 739 1996 fuisse
763 1965 977 2006 auctoritate,
1001 1971 1038 1998 ut
1056 1976 1128 1998 rem
1155 1965 1240 1999 hanc
1260 1966 1506 2009 aggrederetur,
1532 1971 1563 1998 et
1592 1966 1627 1998 in
1650 1966 1720 2006 ejus
1745 1974 1824 1996 sus-

360 2020 529 2064 cipiendae
561 2022 727 2064 proposito
755 2022 954 2064 persisteret.
1009 2022 1142 2054 Jamdiu
1175 2023 1500 2064 aninmdverternm,
1535 2021 1711 2055 felicissimi
1734 2012 1824 2053 hunc

361 2077 513 2117 juvenem
536 2088 607 2111 esse
634 2077 778 2121 ingenii,
803 2087 944 2121 eumque
970 2077 1061 2113 haud
1087 2079 1260 2123 vulgariter
1284 2086 1520 2125 praeparatum
1543 2079 1673 2113 scholas
1693 2081 1824 2112 nostra>-

1772 2143 1828 2166 111-
