1919 2511
374 133 606 163 RESPONSIO
631 140 675 162 At>
705 129 1016 171 QUAESTIONEM
1044 131 1260 163 MEDICAM.
1538 139 1575 170 15

65 220 180 253 locum,
202 225 286 253 quem
314 216 443 252 tenebat,
473 225 537 244 cum
560 216 617 245 alio
639 223 726 252 posse
748 221 877 251 mutare,
903 215 950 243 cui
971 221 1057 252 caput
1077 220 1209 250 tanquam
1234 220 1344 251 puncto
1374 213 1493 244 firmiori
1517 222 1571 250 po-

63 275 121 298 test
142 268 292 301 insistere,
313 268 350 297 ita
374 274 407 296 ut
431 266 544 303 saepius
569 267 659 303 magis
677 273 842 295 antrorsum
863 267 1037 303 propulsum
1057 273 1144 303 caput
1164 267 1296 303 scapulae
1320 265 1483 301 incumbat,
1511 272 1566 294 no-

62 327 184 356 vamque
205 319 261 349 sibi
277 326 357 356 paret
374 318 522 348 cavitate-m
546 318 725 347 articulatem-
746 316 848 355 (27).

485 401 513 437 ς.
536 406 567 436 5.
605 399 735 430 Luxatio
754 400 915 431 mechanica
934 406 962 430 et
980 405 1146 438 spontanea.

95 484 201 513 Rarior
227 483 340 513 videtur
360 483 472 512 luxatio
496 482 607 511 humeri
639 490 812 522 spontanea,
842 493 914 520 quae
941 482 1039 520 potius
1064 482 1194 512 obtinere
1225 481 1339 511 videtur
1362 480 1393 511 in
1420 479 1569 510 acetabulo

60 536 153 572 pelvis
175 536 281 573 (28),
303 541 331 563 et
354 534 520 563 mechanica*
536 534 627 571 (29)
646 534 687 563 ibi
705 535 762 564 loci
781 535 963 572 frequentior
980 541 1034 564 est.

96 586 233 616 Omnium
256 595 404 615 causarum
433 585 599 614 morborum
621 586 725 616 divisio
747 589 854 624 duplex
877 587 976 616 haberi
999 588 1074 616 solet
1098 584 1381 624 praedISponentium
1409 583 1521 613 scilicet
1541 589 1570 612 et

60 638 280 668 occasionalium
309 640 416 675 (30);
451 638 519 666 haec
547 638 630 666 etiam
662 638 692 668 in
714 638 862 668 luxatione
889 640 964 667 valet
988 647 1136 668 causarum
1158 637 1328 673 distinctim
1359 643 1571 671 nonnunquam

57 690 131 720 enim
149 697 245 727 partes
257 711 268 725 ‚
289 689 399 718 humeri
424 689 545 718 articulo
563 689 693 726 vicinae,
712 697 768 719 tarn
787 692 865 720 laxae
880 692 1128 728 reprehenduntur
1148 692 1258 730 (31),
1278 698 1310 720 ut
1330 690 1390 720 fere
1405 691 1457 719 sust
1480 697 1571 726 spon-

55 747 103 778 te,
123 743 222 771 saltem
243 743 332 778 parva
355 741 385 770 vi
406 743 511 776 allata,
534 748 621 778 caput
644 742 697 770 sua
718 743 840 772 cavitate
859 744 989 777 excidat,
1007 744 1046 772 ita
1063 750 1095 772 ut
1120 743 1251 780 primaria
1275 751 1358 771 causa
1383 750 1442 770 non
1465 741 1500 770 ab
1526 740 1571 769 in-

53 793 131 831 juria
150 795 287 829 externa,
311 793 360 822 sed
379 793 413 822 ab
440 792 502 829 ipsa
528 793 652 829 partium
680 794 940 830 praedispositione
968 795 1124 831 repetenda
1149 795 1208 830 sit;
1231 794 1299 822 haec
1324 800 1417 822 autem
1443 791 1569 828 disposi-

52 843 96 873 tio
117 846 188 874 adeo
214 846 349 874 morbosa
370 844 433 873 fieri
454 851 574 882 potest,
600 851 632 874 ut
655 845 690 874 ad
717 852 900 884 spontaneam
929 845 1097 882 gignendam
1123 845 1302 874 luxationem
1327 846 1407 873 nulla
1431 843 1570 873 violentia

54 897 172 925 externa
195 896 250 925 sibi
275 903 350 932 opus
375 896 432 931 sit,
462 902 493 924 et
517 903 602 932 caput
619 905 634 925 a
651 896 718 925 sede
742 896 864 926 naturali
885 896 979 925 causis
1001 896 1122 925 internis
1147 897 1329 932 propellatur
1349 899 1363 931 ς
1376 895 1460 932 32),
1487 896 1569 932 cujus

52 947 119 976 mali
137 955 248 977 causam
267 948 423 984 proximam
441 947 512 977 varii
535 947 746 984 investigarunt
761 948 908 976 Auctores
938 947 954 984 (
965 946 1048 984 33),
1069 955 1121 975 nec
1135 967 1144 982 ,
1174 955 1239 975 cum
1262 955 1277 975 a
1301 945 1389 982 priori
1422 948 1568 983 valtopere

52 997 163 1027 differat
183 998 297 1035 (34),
316 999 403 1037 hujus
425 1000 483 1028 loci
507 1007 569 1027 esse
595 998 729 1034 videtur,
751 1007 838 1035 quare
863 998 966 1027 leviter
989 997 1064 1026 illam
1087 997 1217 1034 attigisse
1245 997 1376 1026 sufficiat.

87 1048 170 1086 Quae
196 1056 288 1078 autem
321 1050 467 1086 pertinent
490 1050 528 1079 ad
550 1049 705 1079 laxationis
739 1051 814 1079 ossis
843 1048 958 1078 humeri
991 1049 1292 1085 symptomatologiam
1327 1049 1432 1085 mitto,
1461 1059 1496 1079 ne
1532 1051 1563 1080 in

49 1100 197 1129 molestam
220 1100 341 1131 incidam
356 1102 579 1139 repetitionem,
601 1101 652 1130 ubi
669 1102 705 1130 de
728 1101 821 1139 hujus·
845 1100 911 1129 maizi
937 1099 1090 1136 speciebus
1110 1107 1227 1130 acturus
1251 1108 1335 1134 sum,
1356 1109 1409 1129 nec
1433 1101 1501 1137 quid
1528 1102 1562 1130 de

49 1151 120 1179 cura
145 1151 275 1181 dicturus
301 1152 331 1182 in
353 1153 406 1182 hae
434 1153 694 1183 Commentationis
719 1153 823 1188 Parte,
844 1160 931 1187 cum,
952 1157 985 1180 ut
1010 1160 1098 1188 supra
1121 1152 1241 1186 monui,
1263 1151 1332 1179 Pars
1357 1153 1444 1181 altera
1468 1152 1563 1182 vatio—

48 1208 112 1230 tum
135 1201 298 1232 Auctotum
320 1204 498 1234 luxationem
523 1203 635 1233 humeri
656 1204 775 1235 curandi
792 1203 961 1233 methodum
981 1202 1122 1232 diversam
1143 1201 1321 1232 continebit.

1469 1487 1556 1518 CA-

79 1567 140 1602 (27
152 1569 171 1603 )·
187 1570 278 1602 Bonn,
297 1572 314 1598 l‘.
329 1579 354 1600 σ.
372 1581 398 1606 p.
414 1579 459 1606 39.

77 1613 135 1649 (28
146 1616 163 1649 )
181 1616 206 1652 J.
223 1617 260 1644 N.
277 1617 360 1650 Rust‚
380 1619 611 1652 Arthrokakologie
634 1615 657 1649 §.
672 1620 699 1647 6..
719 1627 745 1652 p,
760 1625 785 1652 5.
808 1619 897 1645 iumen,
912 1620 986 1653 1817.
1003 1626 1059 1652 4ro.

73 1659 91 1696 (
101 1661 159 1696 29)
179 1663 358 1690 Meehanicam
372 1672 450 1691 vocat
467 1666 593 1693 Bottcher
610 1668 786 1697 subitaneam,
806 1672 972 1698 spontaneam
991 1667 1086 1693 lentam
1101 1666 1254 1693 luxationem
1275 1667 1330 1694 vid.
1348 1668 1366 1696 l'.
1383 1675 1408 1695 c.
1433 1666 1458 1701 S·
1474 1669 1502 1697 6.

73 1706 89 1739 (
99 1709 157 1741 30)
177 1709 260 1735 Gaub.
286 1711 305 1735 1.
319 1717 345 1736 c.
371 1707 399 1742 ἕ.
410 1717 453 1744 59.

74 1752 160 1787 (31)
179 1755 264 1787 Hipp.
285 1756 303 1782 1.
320 1764 344 1783 c.
362 1765 390 1790 p.
407 1758 466 1790 784.
485 1759 588 1784 scribite
621 1777 639 1792 „
658 1759 727 1792 Quin
745 1765 770 1785 et
794 1759 894 1785 habitus
913 1759 1015 1792 quidam
1033 1759 1150 1792 corporis
1164 1759 1299 1785 discrimen
1313 1760 1397 1787 habet.
1433 1760 1468 1787 Iis
1489 1763 1552 1787 enim

40 1817 57 1832 „
74 1800 118 1831 qui
135 1800 200 1825 bene
217 1801 296 1826 habiti
319 1809 376 1829 sunt
392 1805 509 1830 membris
530 1811 555 1830 et
577 1806 693 1831 carnosis
716 1811 742 1831 et
767 1806 886 1831 articulus
907 1806 990 1830 minus
1013 1805 1116 1831 elabitur
1141 1812 1167 1830 et
1191 1806 1287 1837 aegrius
1307 1807 1463 1835 reconditur.
1499 1809 1550 1835 Ubi

39 1862 59 1878 ,‚
76 1852 142 1871 vero
163 1847 241 1872 solito
258 1849 382 1874 tenuiores
397 1856 423 1875 et
440 1851 627 1877 macilentiores
648 1858 780 1877 evaserunt
791 1870 799 1883 ,
818 1857 878 1876 tunc
898 1852 975 1883 magis
991 1850 1091 1876 excidit
1109 1858 1134 1876 et
1151 1851 1249 1876 facilius
1264 1854 1435 1880 restituitur.”
1471 1856 1551 1883 Conf.

40 1891 108 1917 dela
124 1892 213 1917 Morte
228 1893 315 1919 Traite
333 1897 455 1928 complet.
473 1896 505 1921 de
524 1898 596 1925 Chir.
616 1899 675 1931 t.s4.
693 1906 720 1931 p.
738 1905 795 1931 339.
813 1911 850 1917 —
865 1899 976 1926 Heister.
995 1899 1091 1925 Heelk.
1110 1898 1264 1930 Onderwys.
1284 1904 1307 1926 ι.
1322 1899 1389 1927 deel.
1409 1900 1552 1929 1.H00sst.

40 1938 67 1971 §.
82 1946 123 1970 13.
145 1947 172 1972 p.
187 1946 237 1972 250
255 1948 310 1973 seq.
334 1943 462 1971 Amsterd.
479 1945 554 1977 1776.
571 1952 627 1976 4to-.

76 1983 159 2019 (32)
179 1986 299 2019 Chirurg.
316 1988 448 2015 versuche
470 1999 495 2017 v.
515 1992 548 2017 B.
567 1992 601 2017 G.
619 1990 744 2023 Schreger
770 1998 783 2018 a
796 1991 846 2018 Bd.
863 1999 891 2024 p.
907 1999 966 2023 209.
984 1991 1015 2017 de
1033 1991 1252 2018 Omanthrocace.
1267 1992 1424 2026 Niirenburg
1442 1994 1516 2021 1818.

76 2029 158 2100 (d33)
179 2032 262 2065 Hujus
283 2035 340 2059 mali
365 2042 476 2062 naturam
500 2037 658 2071 Schwenke,
677 2039 785 2072 Gener,
810 2040 904 2073 aliique
918 2038 1081 2070 indagarunt,
1105 2045 1212 2070 quorum
1229 2040 1368 2066 sententiae
1383 2047 1549 2066 recensentur

41 2082 87 2109 apu
132 2076 210 2104 Rust.
227 2080 247 2105 1.
265 2086 289 2104 c.
315 2077 337 2111 ἓ.
355 2088 481 2114 14—23·

76 2121 160 2156 (34)
180 2123 283 2157 Caspar.
308 2127 324 2152 l.
342 2134 367 2152 c.
389 2135 416 2159 p.
431 2135 475 2161 27.
