1919 2511
298 134 368 174 '4
988 139 1186 182 (=)

355 233 539 266 suetudinis
566 234 767 275 auctoritaS,
799 233 850 268 vel
875 231 952 277 legis
974 238 1208 275 praeceptum,
1230 233 1299 274 vel,
1324 242 1389 275 quo
1412 230 1465 263 illa
1491 230 1658 272 nituntur,
1682 229 1742 263 rite
1767 228 1819 262 in-

352 289 515 321 tellectum
540 290 789 333 disciplinarum
813 290 984 324 vinculum
1006 294 1154 329 vocaret,
1181 294 1299 321 cuncta
1323 288 1490 329 modeste,
1515 287 1664 328 assidue,
1688 286 1818 329 diligen-

354 340 404 376 ter
438 351 630 387 persecutus
667 352 715 378 est
731 371 740 387 ‚
780 351 811 378 et
842 345 1011 389 praeclaro
1043 345 1176 377 consilio
1208 347 1369 378 Veterum
1404 343 1595 376 Literarum
1626 342 1822 386 expoliendo

351 400 647 444 amplificandoque
670 401 792 434 tribuit.
838 403 952 444 Neque
971 399 1065 432 latuit
1086 401 1121 433 in
1147 401 1267 434 umbra
1286 402 1340 434 illa
1368 400 1552 441 contentio,
1577 405 1635 432 aut
1658 397 1820 441 ejusmodi

353 455 467 488 laudes
480 457 636 498 fuerunt,
660 468 742 500 quas
762 458 902 490 aliorum
920 462 1033 499 partas
1050 456 1274 491 benevolentia
1292 457 1382 490 haud
1399 468 1473 490 raro
1492 455 1698 489 ambitiosius
1716 464 1819 498 quam

352 510 460 544 verius
491 512 675 555 praedicari
704 512 935 556 suspicamur5
964 513 1023 545 sed
1050 512 1241 555 prodierunt
1271 513 1306 546 in
1335 515 1442 556 ipsam
1472 513 1578 545 aciem
1610 511 1819 551 certaminis,

351 567 562 611 palmamque
579 569 724 601 tulerunt
740 570 920 602 industriae
934 594 943 611 ,
960 568 1152 606 eruditionis
1171 575 1202 602 et
1216 571 1377 603 acuminis
1393 569 1462 610 bis,
1477 568 1624 611 primum
1639 566 1681 599 ab
1703 566 1819 599 ordine

349 622 572 656 Literatorum
586 626 620 658 in
638 626 757 668 inclyta
768 626 947 658 Academia
961 625 1268 668 Rhenotrajectina,
1293 631 1367 669 post
1381 626 1415 657 in
1434 630 1545 657 nostra
1556 624 1745 663 Facultate‚
1765 632 1819 655 so-

350 679 439 711 cium
462 681 617 714 victoriae
639 692 716 714 cum
739 687 856 714 nactus
880 688 964 714 esset
989 681 1212 715 Gulielmmn
1232 683 1353 714 Groen
1374 691 1444 715 van
1458 683 1687 720 Prznscerer,
1710 680 1820 714 virum

349 736 629 768 consultissimum
647 761 657 778 ,
697 743 776 769 tunc
805 738 1004 770 Academiae
1036 738 1135 779 hujus
1162 739 1335 771 alumnum
1367 740 1402 771 in
1433 737 1548 780 paucis
1576 735 1820 779 praestantissi

346 800 461 832 mum,
486 800 649 835 quemque
672 804 764 826 nune
787 793 923 826 honoris
951 804 1070 826 caussa
1096 795 1130 826 in
1156 794 1384 855 Paranymphi
1403 792 1682 827 necessitudinem
1711 791 1819 844 splen-

349 845 528 890 doremque
545 854 734 881 assumtum
755 859 828 882 esse
848 850 963 882 laet01.
1196 862 1197 865 ¹
1442 852 1445 870 ³
1466 860 1468 865 ·
1490 868 1493 871 ·
1530 852 1534 870 ⁴
1644 856 1647 859 '

393 907 624 947 Quapropter,
648 915 726 937 cum
754 905 883 948 publice
910 904 1065 938 institutis
1090 905 1125 938 in
1151 907 1323 940 Facultate
1350 908 1470 940 *nostra
1498 914 1734 950 progressuum
1760 903 1816 939 ex-

347 959 587 1001 ploration-ihus
606 961 775 1003 praeclare
801 961 996 1005 perfunctus
1013 967 1119 1004 esset,
1144 972 1250 1006 eoque
1268 960 1597 995 accederem-mores
1625 962 1818 995 honestissi-

347 1016 415 1056 mi,
439 1016 570 1059 vitaque
592 1018 819 1060 integerrima,
843 1017 978 1060 dignum
1009 1020 1137 1051 censuit
1160 1031 1238 1052 eum
1263 1020 1435 1061 Facultas,
1469 1019 1668 1052 assentiente
1691 1019 1815 1052 Senatu

347 1071 581 1114 Amplissimo,
613 1072 670 1117 qui
695 1075 791 1106 More
818 1075 988 1115 Majorum
1012 1077 1154 1108 summis
1184 1077 1220 1110 in
1241 1076 1306 1108 hac
1329 1081 1399 1108 arte
1423 1068 1606 1108 honoeibus
1626 1086 1668 1108 ae
1689 1075 1816 1119 privile-

347 1127 405 1172 giis
430 1134 623 1162 ornaretur:
649 1135 746 1173 atque
770 1130 835 1163 hoc
853 1140 977 1163 munus
998 1132 1216 1164 laetissimum
1231 1143 1310 1165 oum
1337 1132 1420 1165 mihi
1445 1132 1613 1177 obtigerit,
1636 1137 1695 1174 tu,
1714 1123 1816 1165 Nobi-

347 1185 469 1219 lissime
492 1184 693 1228 candidate,
716 1185 752 1219 in
774 1185 864 1219 hanc
881 1186 1082 1221 Cathedram
1105 1189 1320 1222 Doctoraiem
1342 1188 1537 1223 adscendas.
1554 1207 1570 1209 ἡ
1639 1204 1641 1207 ’
1676 1232 1681 1233 ⁷
1713 1189 1715 1191 ’
1743 1188 1747 1207 ¹

1107 1244 1110 1251 ’
1528 1252 1531 1256 ’
1717 1245 1747 1262 i¹l
1779 1242 1798 1261 .l

387 1299 461 1329 Jam
486 1296 550 1329 hoc
574 1306 681 1331 unum
703 1297 868 1342 reliquum
890 1305 982 1342 erat‘‚'
1004 1302 1290 1345 praestantissime·
1312 1303 1444 1343 Nauta',
1468 1311 1534 1345 quo
1559 1299 1813 1347 ti})i³,''151eidain

335 1357 495 1386 nostram
516 1354 693 1396 relicturo,
725 1354 904 1398 probarem
923 1362 954 1389 et
976 1358 1091 1400 quanti
1115 1369 1174 1401 ego
1201 1363 1234 1390 te
1258 1357 1417 1398 faoiam5¹
1435 1363 1467 1390 et
1490 1368 1576 1401 quae
1604 1358 1647 1390 sit
1667 1353 1815 1391 ‘consen-

336 1410 428 1442 tiens
449 1405 656 1443 eruditorum
673 1421 738 1445 vox
755 1416 787 1443 et
809 1413 971 1445 sententia
988 1413 1029 1446 de
1051 1419 1103 1455 te,
1126 1414 1159 1446 id
1181 1419 1230 1446 est
1237 1439 1247 1455 ,
1271 1413 1312 1446 de
1332 1413 1458 1457 egregia
1479 1407 1587 1446 indole
1608 1409 1694 1460 tua,'
1710 1409 1816 1457 dequ'e

335 1467 515 1508 ⁴praeclara
535 1466 572 1500 in
595 1465 798 1510 optimarum
822 1469 944 1502 artium
967 1468 1085 1502 studiis
1109 1470 1280 1503 industria.
1327 1471 1395 1514 Qui
1417 1471 1506 1503 eniin
1526 1470 1682 1503 diuturno
1699 1475 1732 1503 te
1745 1460 1816 1503 *usu

347 1523 512 1566 cognitum
531 1522 731 1565 habuimus,
755 1523 836 1556 nihil
855 1535 935 1557 sane
954 1525 1139 1563 mediocre,
1161 1537 1268 1565 neque
1287 1528 1440 1566 exiguum
1464 1527 1507 1556 de
1525 1533 1556 1559 te
1580 1517 1813 1565 sperabamus.

344 1580 400 1611 Tu
419 1580 583 1620 superasti
599 1581 750 1613 omnium
769 1582 1031 1621 expectationem
1045 1603 1056 1618 ‚
1080 1589 1158 1611 eum
1175 1578 1228 1611 his
1250 1580 1329 1621 ipsis
1352 1578 1468 1611 diebus
1488 1579 1662 1620 Specimen
1687 1577 1814 1614 Litera·

344 1635 432 1667 rium
456 1634 492 1666 in
513 1631 802 1666 Senecaevlibrum
822 1633 863 1665 de
887 1635 1117 1677 ProvidentIa‚
1147 1645 1214 1667 non
1243 1626 1374 1667 tantum
1400 1623 1518 1673 acute,¹
1538 1634 1654 1677 docte,
1679 1628 1813 1679 copiose

346 1696 379 1723 et
401 1689 592 1723 memoriter
619 1688 830 1731 defendere8‚
854 1690 913 1723 sed
933 1692 1097 1735 egregium
1122 1690 1325 1733 prudentiae
1347 1689 1594 1736 honestatisque
1613 1697 1645 1725 te
1664 1691 1816 1727 aestima·-

347 1752 453 1779 torem
480 1756 551 1779 esse
584 1745 786 1779 ostenderes,
841 1739 954 1790 Itaque
985 1747 1138 1780 audiente
1170 1747 1235 1780 hac
1271 1746 1500 1780 florentissima
1533 1741 1655 1782 corona
1674 1774 1685 1790 ,
1719 1751 1815 1793 cujus

345 1801 520 1845 adspectus
551 1802 610 1835 tibi
641 1802 731 1835 haud
757 1800 915 1846 exiguos,
947 1808 1035 1836 certo
1060 1805 1148 1845 scio,
1172 1805 1299 1850 virtutis
1323 1815 1362 1837 ac
1389 1815 1485 1839 verae
1515 1805 1634 1849 gloriae
1665 1802 1818 1839 stimulos

347 1857 457 1899 addit,
480 1869 597 1902 meque
619 1858 728 1902 ipsum
747 1859 926 1892 admonere
949 1858 1079 1894 videtur
1101 1871 1144 1893 ne
1173 1850 1277 1904 gratia
1302 1862 1498 1905 cujusquam
1525 1860 1583 1894 aut
1607 1861 1716 1894 studio
1744 1871 1817 1896 cor-

347 1919 466 1957 ruptus
487 1920 608 1947 temere
629 1915 772 1948 honores
789 1916 1011 1959 profundam,
1035 1918 1078 1940 —'
1100 1916 1241 1960 accipies
1263 1921 1282 1950 a
1303 1928 1357 1950 me
1375 1917 1543 1951 doctrinae
1567 1917 1814 1962 modestiaeque

348 1971 535 2013 praemium
554 1969 651 2013 illud,
675 1973 762 2015 quod
787 1973 1086 2007 luculentissimum
1107 1973 1284 2008 Academia
1311 1980 1426 2021 nostra
1451 1973 1595 2007 tribuere
1617 1978 1742 2017 potest&

392 2027 491 2069 Quod
518 2029 650 2059 Bonum
681 2029 773 2061 Felix
791 2019 1035 2073 'Faustumque
1057 2039 1128 2063 esse
1151 2030 1264 2073 jubeat
1292 2033 1336 2063 D.
1361 2032 1401 2063 O.
1424 2033 1470 2063 M.
1502 2049 1546 2054 —
1573 2041 1635 2074 pro
1651 2027 1817 2073 potestate

348 2081 444 2117 nobis
463 2086 619 2118 concessa
642 2102 684 2108 —
706 2095 747 2117 ex
765 2087 959 2120 auctoritate
979 2087 1130 2121 Rectoris
1147 2089 1194 2120 M.
1212 2089 1284 2122 Viri
1298 2088 1344 2121 Cl.
1358 2112 1368 2130 ‚
1392 2097 1433 2120 ex
1450 2084 1653 2131 Amplissimi
1671 2089 1817 2120 Senatus
1837 2125 1840 2130 ,

1726 2143 1812 2177 Aca-
