1919 2511
280 120 317 150 26
528 116 757 148 CLAUDII
797 114 1028 145 HENRICI
1068 123 1148 145 VAN
1191 113 1540 144 HERWERDEN

284 203 331 230 cul
350 201 437 230 dubio
461 200 571 236 facere,
597 208 627 229 ut
646 200 821 237 spiritualem
841 209 956 230 sensum
976 198 1040 235 quis
1058 207 1091 227 eo
1117 199 1202 227 citius
1219 204 1334 233 teneat,
1357 205 1415 233 quo
1441 197 1530 234 magis
1550 196 1654 226 litteris
1673 197 1802 228 imbutus

288 253 338 281 sit.
381 251 533 289 Ejusmodi
553 260 641 286 vero,
664 252 697 280 nd
717 259 762 279 eas
786 251 951 286 docendas,
975 249 1139 279 hominibus
1161 259 1235 286 opus
1266 258 1347 284 esse,
1370 248 1419 284 qui
1446 248 1518 277 allos
1545 248 1659 277 erudire
1682 256 1709 278 et
1735 258 1806 286 pos·

286 303 363 337 sint,
386 309 413 330 et
434 303 543 338 velint,
567 310 594 332 et
618 303 747 339 cupiant.
788 302 876 340 Quod
901 303 956 337 qua
983 301 1138 330 devotione
1161 301 1280 338 jubeat,
1310 309 1341 328 se
1362 308 1496 336 sperare,
1517 299 1601 335 fore,
1624 306 1656 328 ut
1684 301 1716 329 ea
1739 300 1803 329 dili-

289 354 385 390 gentia
403 354 578 389 perficiatur.
620 354 728 390 Optare
749 361 779 381 se
797 352 904 389 igitur,
926 361 996 388 eos,
1017 353 1092 381 sicut
1111 351 1221 382 Christi
1242 351 1345 380 milites
1371 351 1489 387 deceat,
1510 351 1595 379 corde
1616 350 1702 386 pios,
1722 351 1802 388 inge-

290 405 339 433 nio
357 405 481 439 doctos,
503 405 560 433 vitai
580 411 696 439 castos,
719 412 850 432 sermone
877 403 950 431 bene
976 409 1089 439 paratos
1117 411 1179 432 esse
1203 403 1341 432 futuros:
1365 403 1403 430 ita
1422 409 1453 430 ut
1478 402 1644 438 quicunque
1670 410 1743 438 eos,
1765 403 1804 431 ob

291 455 346 484 Dei
371 456 508 484 honorem
534 462 705 490 sanctaeque
728 454 945 483 consuetudinis
976 453 1153 482 nobilitatem
1181 455 1281 489 adeat,
1304 460 1332 481 et
1355 461 1465 481 morum
1493 453 1801 488 praestantissimorum

289 507 428 542 adspectu
442 526 452 540 ‚
474 512 502 534 et
517 506 613 535 audit-a
631 506 659 535 in
678 506 798 543 legendo
819 511 846 533 et
869 505 1008 533 cantando
1035 505 1158 541 peritia,
1179 504 1275 534 animo
1300 512 1485 540 commotus,
1508 504 1611 540 gratias
1634 504 1695 533 Deo
1718 511 1806 541 agens

290 563 462 587 revertatur⁰

331 608 410 637 Haec
428 608 489 637 ille.
530 608 563 637 In
584 616 643 644 quo
672 613 823 644 praecepto
846 607 902 635 hoc
924 606 1088 643 praesertim
1114 606 1285 635 laudandum
1309 606 1448 642 videtur,
1471 606 1629 635 litterarum
1653 605 1805 641 studium,

291 665 350 688 non
368 659 406 687 ita
427 658 539 694 quidem
559 666 678 695 propter
696 667 790 687 carum
810 657 1024 693 excellentiam,
1046 665 1094 686 aut
1111 658 1258 686 utilitatem
1276 665 1303 686 et
1325 658 1543 686 delectationem
1555 678 1565 693 ,
1583 665 1652 693 quas
1670 657 1757 685 homo
1773 665 1807 685 ex

291 709 326 738 iis
353 709 511 746 percipiat,
534 710 746 745 commendari,
767 710 818 738 sed
846 717 904 737 eam
934 709 971 737 ob
1001 717 1137 744 causam,
1160 710 1238 744 quod
1255 709 1308 738 Dei
1329 709 1436 746 gloriae
1459 709 1605 746 augendae
1631 715 1658 736 et
1685 707 1809 744 amplifi-

291 761 394 789 candae
410 761 546 789 inservire
564 770 652 797 posse
667 761 825 789 videantur.
873 759 937 787 Nec
956 760 1071 788 unicum
1090 760 1163 788 illud
1187 761 1347 788 mandatum
1370 760 1444 796 fuit,
1468 769 1527 796 quo
1549 765 1719 796 prostratam
1743 767 1808 787 eru-

293 811 429 840 ditionem
448 813 573 840 relevare
588 818 751 841 conaretur.
793 811 866 839 Nam
886 811 974 847 jusstt
996 810 1108 839 clericis
1133 810 1234 843 etiam,
1255 819 1314 840 non
1337 811 1456 840 serviles
1482 812 1577 839 solum
1608 818 1737 847 pueros,
1758 808 1810 837 sed

293 862 434 898 ingenuos
458 871 576 899 quoque
596 864 630 891 ad
650 872 680 891 se
705 872 879 900 aggregare,
902 862 990 897 inque
1014 870 1098 890 usum
1126 871 1223 890 eorum
1251 862 1364 891 scholas
1395 862 1523 899 erigere,
1548 861 1675 898 quibus,
1697 866 1811 897 praeter

295 915 441 949 psalmos,
464 923 593 949 quaeque
617 915 651 942 ad
677 921 763 942 artem
788 914 920 944 cantandi
944 913 1113 948 ceteroquin
1134 913 1328 950 pertinerent,
1351 913 1559 950 grammaticam
1587 920 1704 948 quoque
1720 917 1811 940 artem

295 965 455 994 ediscerent
474 965 514 1003 (1
530 965 558 1001 ).
599 965 712 994 Ultimo
727 966 818 994 adhuc
837 965 937 994 aetatis
959 973 1034 993 anno
1046 984 1055 999 ‚
1080 964 1297 994 Catalaunensis
1315 964 1432 994 concilii
1449 971 1541 993 ratum
1558 963 1628 992 fecit
1645 964 1808 995 decretum,

295 1016 329 1043 de
350 1015 458 1044 scholis
475 1016 654 1051 condendis,
678 1016 783 1052 quibus
801 1016 899 1045 clerici
919 1015 1016 1044 idonei
1035 1015 1239 1052 redderentur,
1264 1016 1312 1052 qui
1331 1015 1499 1044 haeresibus
1517 1014 1684 1044 resisterent
1701 1014 1781 1049 (α).

332 1068 372 1095 At
388 1075 505 1102 quoque
521 1067 667 1096 curavisse
686 1067 820 1102 videtur,
841 1076 878 1096 ne
895 1067 1093 1096 institutorum
1112 1075 1231 1095 suorum
1252 1067 1378 1103 perirent
1399 1066 1526 1096 fructus.
1568 1066 1662 1104 Quam
1693 1072 1752 1093 rem
1774 1071 1810 1093 ex

297 1118 459 1147 narratione
478 1118 617 1146 Monachi
637 1118 691 1147 San
703 1118 849 1148 Gallensis
871 1118 1018 1153 conficio,
1040 1117 1232 1153 simplicitatis
1253 1118 1364 1147 nativae
1381 1118 1555 1154 scriptoris,
1577 1116 1648 1153 qui,
1671 1115 1726 1144 etsi
1743 1122 1832 1151 pau--

293 1168 382 1196 lulum
399 1168 474 1197 forte
488 1169 665 1197 credulitatis
684 1169 756 1198 vitio
774 1169 903 1205 laboret,
916 1168 1156 1198 accuratissimam
1169 1176 1262 1198 tamen
1279 1168 1373 1197 intimi
1390 1169 1486 1205 palatii
1501 1168 1572 1205 regii
1591 1166 1808 1203 cognitionem,

290 1218 536 1255 artificiorumque
559 1220 718 1248 aulicorum
737 1220 868 1256 peritiam
887 1220 962 1249 haud
980 1220 1125 1255 vulgarem
1146 1219 1281 1249 habuisse
1302 1220 1416 1248 videtur
1434 1219 1514 1256 (3).
1553 1219 1610 1247 Hic
1631 1217 1718 1255 igitur
1741 1216 1811 1254 pro-

293 1270 385 1305 didit,
402 1270 538 1299 Carolum
551 1291 561 1306 ‚
584 1280 671 1306 quum
689 1271 762 1300 duos
779 1271 906 1306 Scotos,
927 1271 1015 1300 sactis
1033 1270 1221 1308 profanisque
1238 1271 1340 1301 litteris
1361 1271 1571 1300 eruditissimos
1590 1269 1744 1304 homines,
1765 1277 1812 1297 ar-

292 1322 458 1352 cessivisset
468 1343 478 1359 ,
500 1323 584 1352 alium
599 1323 645 1352 alii
664 1325 759 1352 locum
771 1345 781 1360 ,
801 1324 897 1353 addito
916 1324 998 1353 victu
1015 1323 1177 1352 necessario
1188 1344 1198 1359 ,
1211 1323 1402 1359 assignavisse
1413 1342 1424 1358 ,
1439 1321 1468 1351 in
1480 1321 1575 1350 Gallia
1587 1328 1694 1356 unum,
1717 1319 1746 1348 in
1761 1318 1818 1348 Ita-

292 1374 330 1402 lia
349 1375 489 1410 alterum;
513 1383 576 1403 eum
603 1374 632 1404 in
651 1375 756 1411 finem,
777 1382 809 1404 ut
829 1384 935 1412 pueros
949 1396 958 1411 ‚
981 1383 1009 1404 et
1029 1375 1165 1411 nobiles,
1187 1382 1216 1404 et
1236 1374 1343 1410 medii,
1365 1380 1393 1403 et
1410 1373 1502 1403 infimi
1521 1372 1654 1406 ordinis,
1674 1371 1814 1399 docerent

294 1425 457 1463 litterisque
471 1426 668 1457 instituerent.
709 1428 820 1457 Deinde
840 1437 874 1457 ex
890 1428 966 1457 bello
985 1436 1149 1462 reversum,
1173 1435 1279 1463 pueros
1299 1434 1394 1454 coram
1414 1433 1445 1454 se
1463 1423 1561 1453 venire
1580 1421 1723 1460 jussisse,
1745 1428 1814 1457 pro-

297 1477 426 1506 fectuum
442 1479 469 1504 in
488 1479 590 1507 studiis
609 1478 765 1515 specimina
783 1485 939 1515 petentem.
980 1479 1096 1517 Quibus
1120 1487 1208 1515 quum
1235 1477 1367 1507 inferiori
1388 1477 1454 1505 loco
1477 1475 1537 1504 nati
1564 1472 1666 1511 pueri,
1687 1470 1816 1501 nobilio-

297 1527 376 1555 ribus
397 1529 488 1555 multo
506 1530 727 1563 praestantiores
753 1538 870 1564 essent,
891 1531 934 1560 his
960 1530 1096 1559 minatum
1122 1539 1207 1565 esse,
1232 1530 1343 1558 nullum
1370 1535 1505 1563 umquam
1530 1533 1581 1554 eos
1610 1530 1659 1553 aut
1685 1530 1816 1558 munus,

298 1587 345 1608 aut
369 1580 508 1609 honorem
530 1589 545 1608 a
568 1589 597 1608 se
616 1589 678 1609 esse
703 1582 905 1617 impetraturos
919 1603 929 1618 ‚
960 1583 1016 1611 nisi
1043 1582 1254 1612 studiosissime
1282 1580 1386 1610 litteris
1410 1577 1608 1608 incumberent
1627 1574 1708 1611 (4).

337 1631 403 1667 lpse
427 1638 519 1660 autem
545 1631 663 1667 reliquis
691 1632 836 1669 egregium
862 1633 945 1661 dabat
973 1635 1145 1670 exemplum.
1196 1631 1312 1661 Etenim
1338 1639 1402 1659 cum
1432 1628 1553 1658 habebat
1581 1624 1811 1660 bibnothecam,

303 1681 412 1710 ratione
427 1682 525 1711 aetatis
536 1703 546 1718 ,
563 1691 617 1718 qua
634 1683 767 1719 vivebat,
781 1684 877 1712 habita
889 1705 899 1719 ‚
919 1685 987 1713 satis
1007 1684 1154 1721 copiosam
1167 1704 1177 1719 ,
1189 1690 1249 1712 tum
1267 1683 1362 1719 ipsum
1378 1689 1461 1710 suum
1475 1678 1610 1716 palatium
1628 1675 1698 1705 fecit
1714 1675 1817 1703 huma·

301 1733 415 1762 niorum
432 1734 531 1762 artium
553 1735 647 1763 sedem
662 1755 672 1770 ,
693 1744 724 1763 ac
739 1734 830 1763 veluti
846 1735 1035 1764 domicilium.
1076 1734 1221 1771 Lycaeum
1251 1733 1324 1762 enim
1353 1733 1382 1762 in
1407 1741 1440 1761 eo
1467 1730 1616 1765 condidit,
1638 1727 1716 1764 quod
1733 1725 1814 1756 Pisa-

304 1792 358 1814 nus
379 1790 407 1813 et
422 1784 527 1814 Paulus
544 1786 691 1816 Diaconus
704 1806 715 1822 ,
737 1786 859 1815 Flaccus
876 1786 1020 1816 Alcuinus
1031 1806 1040 1822 ‚
1053 1785 1179 1816 Carolus
1191 1785 1253 1822 ipse
1264 1806 1274 1822 ,
1294 1791 1322 1814 et
1338 1784 1392 1814 alia
1411 1791 1550 1821 generosa
1565 1781 1681 1812 nomina
1697 1778 1814 1805 immor·

1775 1833 1817 1856 ta-

338 1910 404 1945 (1)
423 1913 453 1938 hl
471 1920 548 1939 conc.
568 1915 727 1947 Aquisgran.
744 1920 767 1940 a.
778 1915 839 1947 789.
859 1921 884 1941 c.
899 1919 944 1945 70.
962 1920 1004 1945 ap.
1021 1912 1111 1938 Baluz.
1130 1918 1156 1944 p.
1175 1917 1238 1944 237.

339 1956 406 1993 (a)
425 1958 484 1984 Vidi
503 1960 641 1991 Harduin..
658 1968 704 1993 op.
721 1961 740 1986 l.
758 1966 778 1986 t.
792 1961 840 1986 IV.
861 1967 888 1993 p.
904 1966 977 1992 1032.
995 1967 1020 1985 c.
1039 1967 1050 1986 1
1063 1978 1071 1991 ,
1089 1967 1114 1986 2.
1149 1958 1239 1985 caroli
1257 1956 1392 1983 decretum
1412 1956 1490 1981 habet
1507 1955 1616 1986 Batuz„
1632 1960 1660 1986 p.
1676 1957 1734 1985 503·

339 2003 355 2039 (
368 2002 407 2040 3)
425 2005 612 2038 Aequissimum
622 2024 630 2037 ‚
648 2012 678 2030 nt
693 2006 794 2032 videtur
805 2025 813 2038 ‚
832 2006 958 2037 judicium
972 2006 1006 2032 de
1020 2014 1052 2032 eo
1069 2005 1120 2031 fert
1137 2004 1311 2034 Schro'ckius,
1331 2004 1352 2031 l.
1365 2002 1439 2029 xlx.
1455 2010 1484 2036 p.
1498 2007 1556 2034 3440

340 2050 407 2085 (4)
425 2053 441 2078 1.
456 2053 478 2078 1.
497 2060 521 2078 c.
537 2059 560 2079 1.
578 2060 604 2085 p.
623 2059 679 2085 170.
698 2059 739 2084 ap.
761 2052 893 2084 Bouquet.

340 2095 404 2132 (5)
421 2097 519 2131 Eginh.
535 2099 562 2125 in
578 2099 632 2125 vita
648 2099 713 2125 car.
727 2105 752 2126 c.
767 2104 811 2131 33.
839 2098 877 2125 cf.
894 2097 1044 2132 Dippoldt,
1060 2098 1078 2124 l.
1094 2098 1112 2124 l.
1130 2104 1158 2130 p.
1175 2103 1219 2123 101
1236 2096 1263 2121 in
1276 2101 1335 2123 not.
