1919 2511
300 181 338 207 30
595 179 795 208 PETRI
852 179 1204 212 ABRAHAMI
1257 182 1503 222 JELTES

304 255 334 284 in
359 254 414 285 hoc
440 263 515 287 statu
540 259 651 289 articuli
674 261 923 298 praeternaturali,
951 269 1015 290 cum
1038 262 1120 291 etiam
1151 262 1222 292 illud
1249 263 1413 294 insertionis
1433 271 1572 301 punctum
1593 264 1798 302 (tuberculum

303 308 474 345 externum)
492 310 574 346 sequi
599 318 757 348 cogantur,
779 312 885 340 circum
908 318 1015 348 partem
1033 314 1132 349 spinae
1154 315 1286 350 scapulae
1306 315 1475 344 anteriorem
1492 323 1646 344 conversae
1670 316 1802 344 deorsum

301 357 469 388 tenduntur.
510 361 605 389 Primo
627 361 722 397 itaque
743 371 782 390 m.
803 371 890 398 supra
909 364 1039 399 spinatus
1061 363 1099 392 ob
1123 363 1233 392 ossium
1257 364 1356 400 spinae
1380 365 1612 402 impedimentum
1637 365 1721 394 situm
1746 374 1807 394 ser·

300 414 348 436 vat
371 409 599 447 horizontalem,
620 412 683 440 dein
705 421 794 447 vero,
816 412 867 441 ubi
892 413 1084 452 supereminet
1107 414 1269 448 acromion,
1290 415 1324 444 ab
1347 416 1522 446 horizontali
1542 415 1709 445 directionis
1727 414 1803 445 linea

298 459 425 494 recedit,
455 466 483 488 et
503 469 562 489 eam
582 463 705 491 musculi
725 463 861 491 delto'idei
880 464 1022 500 sequitur.

336 509 565 539 Praecedentium
595 514 789 542 musculorum
813 513 996 543 directionem
1020 513 1178 550 posteriora
1203 523 1304 544 versus
1329 515 1410 545 etiam
1437 517 1568 553 sequitur
1599 516 1647 545 M.
1669 516 1800 555 Bicipitis

296 560 398 595 capitis
419 561 514 590 brevis
540 563 646 598 tendo,
668 571 695 593 et
714 564 925 594 membranacea
949 572 1102 594 contentus
1128 565 1229 601 vagina
1249 566 1363 595 cavitati
1385 568 1517 603 scapulae
1541 566 1736 603 adpremitur3
1759 566 1803 595 di-

300 610 388 639 rectio
418 620 506 648 ergo,
529 621 600 648 quae
624 614 717 650 primo
744 622 802 644 erat
826 615 1034 649 horizonta115‚
1056 616 1170 644 tendine
1196 616 1298 652 capitis
1321 617 1431 645 humeri
1447 617 1648 653 globositatem
1667 625 1801 654 superan-

296 667 346 696 te,
367 670 445 690 nunc
475 663 503 691 in
530 663 580 691 hac
602 663 747 694 luxatione
774 667 872 702 potius
896 666 1014 702 obliqua
1041 672 1174 702 respectu
1197 667 1327 695 cavitatis
1350 668 1515 703 gleno'ideae
1540 667 1597 696 dici
1615 673 1768 705 meretur.-

332 711 380 740 M.
411 712 660 752 Irsza-sptjrmtus
685 715 744 744 fere
774 717 895 745 similem
929 717 1012 745 habet
1043 717 1117 745 situs
1144 718 1329 746 mutationem
1355 717 1384 746 in
1413 718 1463 747 hae
1496 718 1641 747 luxatione
1667 723 1801 754 respectu

294 762 405 790 humeri
434 764 544 799 luxati,
566 773 597 792 ac
618 766 829 802 subscapularis
850 767 879 795 in
900 768 951 802 eii,
976 776 1046 802 quae
1078 774 1163 803 caput
1185 768 1296 795 humeri
1321 769 1393 796 inter
1416 771 1560 805 scapulam
1584 774 1611 797 et
1630 774 1726 797 costas
1754 776 1803 796 ur-

295 819 342 848 get
364 813 467 849 (30);
490 821 646 843 retrorsum
675 817 748 845 enim
774 819 888 846 luxatus
913 817 1047 845 humerus
1073 817 1157 845 simili
1180 818 1289 846 ratione
1313 818 1393 847 subit
1413 828 1453 848 m.
1475 818 1744 855 infra-spinatum3
1767 818 1802 846 il-

295 862 351 890 lius
369 870 462 892 autern
486 866 631 901 musculi,
653 867 794 896 brevioris
818 868 929 903 quidem
946 868 1112 904 subjacente
1130 868 1223 903 capite
1240 868 1315 897 ossis
1335 868 1464 904 humeri,
1485 868 1605 897 directio
1624 874 1667 897 est
1683 868 1798 905 eadem3

295 914 376 942 aliam
398 915 471 943 enim
497 915 703 953 directionem,
724 926 856 954 respectu
885 917 1015 947 cavitatis
1034 920 1187 954 scapulae,
1209 926 1296 954 caput
1320 919 1408 948 luxati
1433 920 1543 948 humeri
1570 919 1636 948 huic
1669 920 1800 948 musculo

296 964 441 1000 impertire
460 966 583 1003 nequit,
604 976 668 996 cum
696 970 823 998 luxatum
845 978 878 998 os
903 970 938 998 ad
954 968 1092 1005 originem
1117 977 1194 997 suam
1223 970 1357 1006 accedat,
1378 970 1445 999 sinu
1466 970 1610 999 articulari
1633 977 1692 999 non
1713 969 1803 999 inter-

294 1015 399 1045 medio.

333 1066 380 1098 M.
402 1066 619 1105 Subscapularis
648 1075 807 1099 extrorsum
833 1079 990 1099 conversus
1015 1078 1140 1106 magnam
1159 1070 1265 1106 patitur
1285 1070 1480 1100 extensionem
1501 1070 1654 1107 fibrarum,
1678 1079 1749 1106 quae
1767 1070 1801 1099 ad

296 1117 458 1146 inferiorem
485 1119 615 1148 cavitatis
633 1122 766 1157 scapulae
786 1129 893 1158 partem
914 1122 1155 1155 circumvolutae,
1177 1121 1358 1150 tuberculum
1382 1121 1492 1150 humeri
1516 1122 1659 1151 internum
1675 1128 1800 1158 petunt,

294 1169 373 1204 quod
398 1169 450 1197 hac
471 1169 499 1198 in
519 1170 673 1199 luxationis
695 1173 790 1208 specie
810 1172 949 1201 internam
969 1172 1101 1207 scapulae
1121 1171 1259 1199 cervicem
1281 1172 1410 1207 respicit.

329 1220 478 1255 Eandem,
501 1228 581 1254 quam
611 1230 649 1251 m.
671 1221 744 1250 infra
757 1222 907 1258 -spinatus
926 1242 935 1257 ,
954 1222 1032 1251 subit
1054 1231 1094 1251 m.
1115 1221 1196 1249 Tercs
1217 1222 1309 1253 minor
1328 1222 1532 1258 directionem,
1554 1229 1710 1258 utrumque
1725 1221 1800 1251 enim

293 1271 370 1298 subit
394 1272 507 1298 luxarus
532 1271 688 1307 humerus,
710 1279 737 1301 et
757 1273 910 1309 utriusque
931 1280 973 1302 est
994 1274 1055 1301 fere
1075 1273 1169 1301 eadem
1193 1272 1274 1309 origo
1296 1278 1323 1300 et
1344 1272 1422 1301 finis.

327 1319 376 1349 M.
400 1320 480 1348 Teres
498 1321 592 1355 major
611 1321 735 1358 denique
760 1325 841 1352 valde
874 1326 1033 1360 relaxatur,
1054 1325 1132 1353 illius
1159 1324 1233 1352 enim
1261 1323 1333 1352 linea
1357 1323 1524 1352 directionis
1550 1323 1578 1352 in
1602 1322 1714 1352 humeri
1735 1323 1804 1352 arti·

290 1372 356 1399 culo
378 1371 450 1400 bene
474 1372 634 1401 constituto
651 1375 783 1409 parallela
805 1374 895 1403 lineae
916 1375 1070 1410 obliquae,
1091 1374 1125 1404 ab
1151 1374 1284 1403 exteriori
1304 1374 1339 1402 ad
1362 1373 1524 1403 interiorem
1548 1373 1702 1410 marginem
1721 1373 1799 1402 cavi·

290 1422 356 1451 tatis
385 1423 549 1460 glenoi'deae
579 1424 759 1453 adscendenti
777 1445 788 1460 ‚
819 1425 848 1454 in
872 1426 924 1454 hac
952 1425 1107 1454 luxationis
1136 1425 1231 1462 specie
1257 1425 1355 1461 potius
1381 1425 1414 1453 fit
1447 1425 1580 1461 parallela
1610 1424 1737 1453 verticali
1768 1423 1803 1453 li·

291 1481 358 1501 neae
375 1473 574 1510 imaginariae,
597 1483 661 1503 cum
679 1475 847 1505 insertionis
867 1482 1006 1512 punctum
1028 1484 1070 1506 m.
1090 1476 1188 1505 teretis
1206 1476 1322 1512 majoris
1338 1477 1393 1513 jam
1411 1484 1469 1504 non
1486 1475 1523 1503 sit
1541 1475 1576 1503 ad
1595 1474 1735 1503 internum
1757 1482 1803 1503 ca-

291 1522 388 1551 vitatis
412 1526 544 1560 scapulae
571 1525 744 1562 marginem,
765 1527 816 1555 sed
836 1527 871 1555 ad
895 1533 1041 1557 externum
1059 1527 1114 1557 sub
1140 1527 1336 1565 proeminente
1359 1526 1486 1555 acromio
1510 1534 1597 1562 supra
1622 1534 1689 1554 suae
1713 1524 1801 1562 origi-

292 1572 338 1601 nis
359 1581 510 1609 punctum.

329 1623 430 1652 Plures
454 1631 545 1653 autem
566 1625 687 1654 musculi
711 1626 741 1655 in
767 1626 882 1663 singula
904 1627 1060 1657 luxationis
1084 1628 1180 1665 specie
1205 1628 1341 1664 quandam
1360 1626 1544 1655 mutationem
1575 1625 1672 1655 subire
1698 1625 1799 1659 viden-

285 1679 358 1708 Qt,
387 1675 481 1710 quoad
505 1675 591 1704 situm
624 1683 652 1705 et
679 1676 863 1705 directionem
890 1685 916 1706 e.
943 1687 973 1714 g.
1006 1679 1053 1708 M.
1078 1679 1231 1707 Pectoralis
1254 1678 1410 1707 latissimus
1440 1676 1540 1712 dorsi,
1562 1684 1620 1705 cet.
1650 1684 1799 1712 quorum,

291 1724 391 1753 laxiori
416 1726 528 1760 quidem
562 1735 640 1755 nexu
672 1727 793 1756 articulo
820 1728 1030 1757 adhaerentium
1049 1749 1059 1764 ,
1088 1728 1207 1757 directio
1235 1728 1445 1764 quodammodo
1470 1727 1573 1756 mutari
1601 1726 1708 1763 debet,
1740 1727 1799 1755 situ

289 1774 390 1809 capitis
411 1776 520 1804 humeri
541 1776 721 1813 intermedii,
745 1777 774 1806 in
795 1778 873 1813 quod
893 1778 921 1806 hi
943 1779 1025 1807 etiam
1046 1785 1154 1815 agunt,
1175 1786 1295 1808 mutato.

325 1825 403 1854 Haec
426 1833 518 1854 autem
537 1826 670 1855 lubenter
696 1827 850 1863 relinquo,
871 1838 906 1857 ne
934 1828 967 1857 iis
996 1828 1196 1864 exponendis,
1217 1839 1289 1866 quae
1316 1828 1455 1868 Quaestio
1480 1827 1630 1865 proposita
1655 1836 1715 1857 non
1739 1826 1798 1855 exi-

290 1883 356 1912 gere
381 1876 511 1909 videtur,
533 1878 666 1907 Vestrum
689 1876 921 1907 Clarissimorum
945 1878 1080 1907 Virorum
1107 1879 1243 1915 patientia
1262 1880 1373 1908 abutar.

326 1926 473 1956 Sufficiant
501 1929 596 1964 itaque
629 1929 719 1964 haec,
751 1937 823 1964 quae
850 1938 864 1957 a
891 1938 935 1957 me
958 1930 1059 1958 tradita
1079 1937 1168 1966 sunt,
1199 1936 1226 1958 et
1251 1930 1348 1966 potius
1371 1936 1510 1959 transeam
1536 1931 1570 1958 ad
1595 1932 1708 1958 alteram
1735 1937 1800 1965 par-

287 1983 368 2012 tem,
391 1987 461 2013 quae
487 1979 605 2015 primam
629 1979 726 2008 forsan
751 1979 898 2008 volumine
922 1981 1093 2016 superabit,
1115 1981 1194 2016 quod
1215 1987 1308 2010 tamen
1337 1989 1397 2009 non
1422 1981 1514 2015 mihi,
1542 1981 1593 2009 sed
1620 1979 1798 2009 Auctoribus

288 2035 425 2057 novarum
446 2038 563 2064 rerum,
586 2037 657 2065 quae
680 2029 794 2066 saepius
816 2037 927 2058 tantum
949 2030 1087 2060 novitatis
1107 2031 1230 2067 speciem
1256 2031 1374 2067 ferunt,
1397 2032 1510 2068 cupidis
1534 2030 1665 2068 imputari
1687 2036 1795 2065 potest.

1671 2079 1691 2108 S
1712 2079 1738 2108 E
1759 2079 1798 2108 C·

322 2158 403 2193 (30)
425 2161 456 2187 C.
474 2162 559 2186 White
582 2170 610 2187 an
637 2161 748 2186 decount
769 2161 801 2186 of
815 2169 827 2186 a
847 2169 905 2187 new
926 2162 1050 2190 Method.
1069 2170 1120 2189 cet.
1139 2164 1162 2188 in
1182 2162 1254 2189 Med.
1274 2164 1337 2190 Obs.
1356 2163 1401 2188 and
1421 2164 1515 2197 Inquir.
1543 2170 1562 2190 t.
1580 2171 1606 2188 2.
1631 2169 1656 2194 p.
1677 2161 1723 2194 378
1745 2167 1799 2193 seq.
