1919 2511
631 152 1033 188 oRATIO.
1540 169 1561 200 9

88 249 158 285 tes,
181 243 392 287 gravissimos
409 234 536 274 habent
554 249 724 284 paeneque
744 238 878 271 lethales
890 264 900 281 ‚
924 240 1017 283 sique
1039 239 1081 273 ad
1100 251 1235 285 aegrum
1256 248 1414 276 vocentur
1431 242 1561 286 simpli-

88 301 119 333 ci
141 300 242 333 febris
268 309 385 343 genere
409 309 450 330 ac
471 295 539 330 miti
563 295 819 329 decumbentem
833 319 843 336 ‚
874 306 955 328 mox
978 296 1119 340 typhum
1141 297 1204 331 sibi
1231 299 1360 343 fingunt
1392 305 1451 332 aut
1479 310 1559 342 pes-

84 361 164 390 tem.
210 357 301 389 Hinc
326 359 375 388 tot
397 354 493 387 fictae
514 353 709 387 morborum
732 352 904 395 diagnoses
918 377 927 393 ‚
952 357 999 384 tot
1020 359 1199 386 exornatae
1221 355 1461 399 aegrotantium
1487 354 1560 386 his-

82 413 207 454 toriae,
231 418 279 445 tot
308 411 437 444 fallacia
460 411 528 444 sive
548 411 681 451 salutis,
704 419 765 441 seu
789 409 908 441 moi-tls
928 415 1058 452 reperta
1086 409 1284 454 inventaque
1307 409 1443 443 indicia!
1491 409 1558 452 Qui

83 479 175 503 error
194 468 350 502 ferendus
375 468 487 511 utique
510 472 597 499 esset
618 469 755 510 jocoque
776 465 1011 508 excipiendus,
1033 464 1099 499 nisi
1118 467 1215 499 latius
1239 473 1386 510 serperet
1410 467 1555 508 malum,

81 529 134 566 et,
162 524 317 569 quicquid
340 520 509 557 delirasset
532 522 672 564 artifex,
701 519 816 554 miseri
838 521 1060 564 plecterentur
1094 523 1193 565 aegri.
1238 524 1327 555 Nam
1354 521 1477 556 leviora
1503 522 1557 555 illa

80 580 307 615 valetudinum
324 590 443 624 genera
459 579 613 612 remediis
622 578 829 613 validissimis
840 601 849 618 ,
864 588 926 610 nec
944 579 1031 620 suis,
1049 583 1263 622 exasperata,
1285 580 1436 621 graviora
1452 579 1555 620 fiunt,

79 635 281 669 discriminis
302 637 397 679 plena
408 660 418 678 ‚
443 641 498 677 ut,
530 646 629 678 quem
649 634 712 667 sibi
734 634 848 667 animo
868 634 1107 669 informaverat
1128 635 1286 669 morbum
1305 637 1445 680 artifex,
1469 639 1557 670 mala

79 692 221 724 concitet
242 697 332 734 arte,
358 702 501 735 cumque
523 691 586 723 sibi
608 696 699 724 recta
719 701 837 734 sapere
861 692 1034 734 videatur,
1057 693 1128 735 ipse
1152 703 1233 725 suae
1257 692 1454 738 suffragetur
1471 695 1557 727 stul-

79 748 179 780 titiae.
224 750 339 792 Neque
363 748 455 781 hisee
482 748 595 781 melius
617 746 817 788 observant,
841 748 898 790 qui
922 749 1029 781 solam
1055 749 1213 781 rationem
1233 749 1353 781 ducem
1372 755 1556 792 sequuntur

80 805 160 840 artis
185 806 398 849 professores.
444 809 533 839 Nam
556 806 591 839 hi
618 817 687 838 non
707 811 846 838 naturae
867 805 987 848 judicia
1008 810 1194 848 quaerunt,
1218 804 1277 837 sed
1301 814 1361 837 suo
1385 805 1554 847 systemati

79 856 254 907 suffragia,
277 873 402 907 quare,
429 873 506 895 cum
530 872 626 895 amor
646 862 833 905 systematis
853 862 1109 896 recte'veritatis
1129 860 1244 893 odium
1271 860 1390 895 dieitur
1403 885 1413 903 ‚
1437 871 1551 896 venun

79 926 303 964 assequuntur
329 932 526 965 numquam.
1121 960 1125 965 A

121 974 328 1009 Mirabimini
343 977 500 1019 fortasse,
521 977 560 1009 Λ.
578 979 618 1009 A.
629 1000 639 1018 ,
663 987 719 1009 me
737 972 894 1019 simplicis
911 973 1097 1007 medicinae
1118 972 1324 1006 laudatorem
1335 997 1345 1015 ,
1362 972 1553 1015 systemati-

78 1043 157 1074 cae,
179 1034 244 1076 qua
269 1034 352 1068 nihil
375 1034 557 1077 simplicius
587 1038 656 1073 est,
679 1032 807 1065 facilius
830 1031 931 1073 nihil,
957 1035 1186 1064 accusatorem
1212 1039 1295 1062 esse.
1340 1031 1453 1073 Neque
1471 1040 1553 1072 pro-

74 1089 160 1122 fecto
177 1100 368 1124 accusarem
381 1114 391 1132 ‚
414 1090 443 1122 si
463 1088 580 1122 eadem
603 1093 692 1129 esset
715 1088 895 1122 theoretica
911 1100 950 1122 ae
967 1088 1115 1132 practica
1139 1087 1332 1130 simplicitas
1344 1111 1354 1128 ‚
1379 1085 1472 1130 sique
1491 1098 1551 1128 ea,

74 1154 177 1189 quam
196 1152 317 1180 *mente
340 1145 611 1191 complectimur,
641 1146 780 1179 scientia
804 1150 944 1178 naturae
971 1151 1056 1178 esset
1077 1142 1297 1188 magnitudini
1326 1142 1552 1187 aequiparan-

76 1201 130 1240 da.
173 1203 218 1237 At
237 1209 359 1237 natura
377 1203 475 1236 credo
506 1208 578 1236 tam
597 1204 696 1235 arctis
718 1203 871 1235 definitur
894 1201 1103 1246 regionibus,
1125 1206 1161 1233 ut
1183 1200 1352 1233 humanae
1370 1198 1475 1244 possit
1494 1211 1552 1233 ra-

75 1259 174 1297 tionis
195 1259 432 1305 comprehendi
453 1260 685 1294 imbecillitate.
732 1261 845 1293 Placet
863 1259 996 1304 quidem
1018 1257 1192 1301 superbiae
1217 1262 1350 1290 nostrae
1371 1256 1455 1289 haec
1476 1257 1551 1300 opi-

75 1316 149 1358 nio,
173 1328 236 1350 nec
253 1323 367 1359 tamen
383 1316 546 1361 probatur
566 1316 773 1351 verecundia.
818 1319 913 1351 Haec
936 1316 1028 1349 enim
1047 1315 1191 1359 perfecta
1211 1321 1309 1358 atque
1327 1313 1477 1347 absoluta
1494 1325 1550 1346 re-

73 1381 152 1404 rum
175 1373 314 1406 scientia
338 1372 375 1406 in
398 1384 504 1406 unum
527 1375 679 1407 convenit
701 1377 831 1416 Deum,
855 1384 958 1418 quam
977 1374 1006 1406 si
1023 1373 1120 1406 nobis
1143 1374 1377 1417 adrogaremus
1398 1371 1548 1405 homun-

75 1427 247 1470 cionibus,
270 1429 382 1472 ipsum
402 1431 531 1463 coelum
553 1432 683 1464 stultitia
704 1436 814 1474 petere
836 1430 1034 1465 videremur.

88 1514 91 1516 ,
116 1487 214 1526 Quae
243 1496 322 1518 cum
344 1484 391 1518 ita
416 1485 505 1528 sint,
532 1487 564 1520 is
592 1497 690 1521 verus
715 1487 811 1521 nobis
841 1486 1090 1531 praedicabitur
1116 1498 1157 1520 ac
1185 1488 1326 1531 simplex
1350 1486 1548 1522 observandi

74 1541 155 1574 artis
174 1542 301 1583 cultor,
324 1543 382 1586 qui
404 1542 505 1584 nihil,
529 1543 594 1576 nisi
620 1553 737 1578 verum
763 1544 853 1588 quod
871 1545 914 1578 sit
935 1555 1116 1588 quaerens,
1143 1544 1187 1576 ad
1209 1549 1366 1577 naturam
1386 1549 1547 1586 tanquam

72 1596 116 1632 ad
142 1598 334 1641 magistram
354 1597 517 1641 optimam
541 1600 668 1633 accedit
691 1601 892 1644 discipulus,
916 1601 1016 1644 hujus
1039 1602 1270 1635 auctoritatem
1294 1599 1449 1633 omnibus
1473 1601 1544 1632 aliis

71 1653 140 1686 sive
163 1654 326 1696 opinionis
350 1658 542 1698 anteponit,
566 1658 634 1691 sive
658 1657 872 1700 phantasiae,
897 1668 956 1690 seu
974 1659 1109 1690 rationis
1132 1655 1407 1698 auctoritatibus,
1439 1666 1544 1700 neque

71 1709 172 1742 aliam
188 1710 378 1753 profitetur,
401 1710 466 1744 nisi
489 1713 675 1746 modestam
700 1715 870 1758 quandam
888 1714 1087 1748 observandi
1107 1714 1326 1757 disciplinam.

92 1801 96 1803 μ
115 1765 222 1807 Atque
242 1776 303 1809 per
319 1766 380 1799 hos
398 1767 534 1810 quidem
557 1771 704 1803 maxime
726 1770 891 1815 simplices
915 1777 946 1803 et
967 1771 1134 1804 modestos
1152 1769 1349 1804 observandi
1369 1770 1449 1802 artis
1472 1768 1544 1801 cul-

73 1826 161 1853 tores
178 1821 331 1854 salutaris
350 1822 415 1856 ista
433 1824 531 1857 nobis
553 1825 712 1869 prostssio
735 1826 883 1861 increvit.
930 1830 1007 1869 Quo
1033 1828 1136 1871 magis
1161 1826 1339 1859 dolendum
1362 1831 1430 1866 est,
1455 1824 1544 1856 mul-

74 1882 124 1910 tos
146 1876 211 1909 hac
236 1880 347 1910 nostra
369 1885 474 1912 aetate
501 1881 648 1915 medicos
671 1884 706 1915 in
730 1886 765 1915 ea
793 1882 919 1917 versari
942 1884 1117 1926 opinione,
1142 1894 1209 1916 non
1236 1881 1461 1921 observande,
1485 1889 1544 1913 ve-

74 1942 152 1971 rum
178 1934 380 1976 experiundo
408 1935 497 1970 hanc
524 1943 612 1970 recte
635 1939 696 1971 coli
718 1945 750 1971 et
777 1940 971 1982 ampfflicari
999 1929 1117 1971 artein.
1167 1937 1233 1980 ini
1266 1939 1293 1970 si
1317 1936 1543 1978 experimenta

73 1988 225 2031 laudent,
250 2000 304 2022 me
328 2001 410 2024 suae
432 1991 531 2026 veiim
553 1993 745 2027 adscribant
769 1996 969 2035 sententiam
994 1996 1045 2027 sin
1070 2006 1148 2028 vero
1172 1994 1418 2027 observationes
1439 1992 1542 2035 negli-

72 2049 167 2087 gant,
191 2045 237 2077 ita
255 2044 298 2077 ab
322 2047 360 2078 iis
385 2045 564 2091 dissentio,
589 2055 626 2082 ut
648 2062 717 2083 non
741 2057 811 2083 tam
837 2050 1142 2094 experimentorum
1165 2061 1324 2091 numero,
1349 2060 1451 2093 quam
1477 2046 1542 2080 ob—

73 2102 297 2137 servationum
318 2104 464 2147 pondere
488 2097 529 2139 ac
549 2107 704 2151 dignitate
726 2114 833 2148 artem
861 2108 949 2141 hanc
975 2109 1085 2152 metiri
1108 2108 1304 2140 existimem.
1352 2108 1428 2137 Non
1451 2103 1541 2135 enim

846 2168 874 2198 Β
1457 2159 1543 2203 phy-
