1919 2511
300 122 536 156 'RESPONSIO
556 130 601 154 An
622 121 936 163 QUAESTIONEM
957 125 1287 161 THEOLOGICAM.
1516 143 1556 170 23

40 208 205 247 peranxia
234 206 346 238 nescio·
385 206 476 245 Quod
493 205 519 235 si
536 205 630 243 fecit,
650 214 712 239 non
736 206 854 238 omnino
871 209 944 238 male
963 209 999 238 de
1022 210 1188 243 Avarorum
1205 214 1373 252 cognitione
1396 225 1489 247 rerum
1510 220 1553 248 di-

41 260 169 292 vinarum
187 265 223 293 ,et
239 259 374 292 ,moribus
386 257 593 295 cogitandum.
629 257 736 294 Neque
755 258 876 294 posthac
899 261 1091 297 relapsixesse
1110 264 1357 296 videnum-*Sex
1378 268 1450 296 enim
1468 271 1551 298 annis

43 317 116 347 post
129 310 164 340 ad
187 310 326 341 Carolum
353 309 433 338 venit
449 307 670 344 Theodericus,
691 307 827 345 princeps
854 317 974 348 eorum,
997 313 1067 350 qui,
1088 324 1158 351 quas
1179 316 1235 346 sibi
1257 317 1424 348 incolendas
1443 327 1553 356 peteret

41 368 130 393 terras
143 381 155 397 ‚
174 361 209 393 ed
229 360 371 394 evitandas
398 359 552 389 Slavorum
575 358 776 395 incursiones,
806 367 861 388 nee
879 370 938 392 non
956 363 1081 396 honores
1106 367 1236 405 patrios,
1260 369 1368 405 quibus
1390 373 1554 400 Avarorum

40 410 186 448 principes
203 411 297 440 ornari
312 411 459 447 solerent,
480 409 678 447 impetravisse
695 416 850 446 propterca
868 412 993 451 dieitur,
1017 417 1097 452 quod
1110 425 1188 449 esset
1202 420 1390 451 Christianus
1406 422 1422 460 Ε
1436 422 1488 459 1).

151 512 187 548 s.
204 519 234 549 3.
271 511 319 541 De
335 512 394 548 iis,
419 521 491 550 quae
509 511 630 540 Carolus
643 510 719 547 fecit
738 512 780 541 ad
799 514 962 552 religionem
981 517 1177 550 Christianam
1201 523 1233 550 in
1249 522 1389 552 slavonici
1413 531 1441 553 et

433 563 537 593 Frisia‘
559 563 606 593 vel
618 563 860 604 propagandam,
886 567 933 596 ‘vel
952 564 1164 601 stabiliendam.

79 662 221 693 Eumdem
238 663 386 694 Arnonem
401 664 483 694 illum
502 665 628 696 Carolus
654 672 723 703 post
744 666 777 696 in·
795 674 889 703 partes
914 667 1078 699 slavorum
1092 671 1135 700 ire
1156 672 1265 709 jussit,
1286 674 1321 713 ad
1348 675 1551 710 exquirendam

43 715 144 752 populi
167 716 368 752 voluntatem,
398 722 427 745 et
443 717 601 747 doctrinam
627 717 739 748 Christi
764 718 992 754 praedicandam.
1033 722 1093 760 Qui
1121 732 1208 759 quum
1229 725 1359 754 mandato
1385 726 1460 762 regis
1487 728 1555 755 obe-

42 767 170 803 diverat,
186 767 385 798 sacerdotibus
401 776 517 805 quoque
532 769 726 806 constitutis,
747 768 789 797 illi
805 771 924 807 retulit,
942 772 1036 810 magni
1052 774 1142 810 quid·
1135 784 1168 805 m
1182 777 1218 805 ea
1232 776 1353 814 regione
1369 778 1440 806 effici
1455 786 1557 814 posse

39 818 130 856 Igitur
151 820 275 850 Carolus
299 820 381 850 sedis
402 821 573 857 episcopalis
597 821 639 851 ibi
663 821 812 859 erigendae
835 823 987 853 consilium
1007 827 1151 863 extemplo
1173 826 1258 863 iniit,
1282 834 1310 858 et
1335 829 1553 865 archiepiscopo

42 870 208 906 praecepit,
229 877 262 900 ut
282 870 498 901 Theodoricum
517 865 664 909 quemdam
687 865 722 902 ad
745 881 850 902 munus
872 873 944 903 illud
968 876 1167 907 sustinendum
1191 879 1347 910 ordinaret.
1389 881 1559 918 Hunc1pse

41 920 72 951 in
90 921 253 951 Slavoniam
274 921 355 952 Arno
380 923 480 960 duxit,
508 924 749 961 principibusque
775 925 868 961 gentis
889 927 1113 958 commendavit.
1162 930 1262 965 Itaque
1288 931 1388 960 Caroli
1409 933 1554 961 decretum

5 989 12 993 ·
41 972 268 1009 confirmarunt,
302 980 330 1002 et
356 972 543 1003 Theodotifio
568 973 980 1012 ieginheniiKarinffiiorum,
999 978 1130 1014 quaeque
1152 978 1218 1008 huic
1246 980 1370 1018 adjacet,
1400 991 1493 1018 usque
1519 983 1554 1011 ad

41 1023 131 1060 ripam
149 1024 239 1054 Dravi
257 1025 405 1062 fluminis,
427 1026 609 1055 crediderunt
621 1046 632 1061 ,
653 1035 687 1055 eo
703 1025 829 1055 consilio
841 1046 852 1062 ‚
868 1033 901 1055 ut
922 1029 1064 1064 populum
1076 1049 1086 1064 ,
1106 1038 1171 1058 cum
1187 1037 1330 1066 potestate
1349 1041 1490 1062 sacrarum
1510 1042 1554 1062 re—

39 1082 125 1111 rum,
141 1081 271 1112 regeret,
289 1085 322 1105 ac
334 1077 649 1114 secundumeuangelii
663 1080 792 1106 normam
809 1077 876 1107 Deo
893 1079 1001 1108 servire
1024 1080 1141 1110 doceret
1158 1082 1174 1120 (
1184 1082 1248 1119 2').'
1285 1085 1288 1086 ’
1363 1084 1365 1086 ’

82 1125 356 1164 Christianismum,
376 1128 407 1158 in
420 1128 537 1157 Frisia
528 1138 584 1167 Jam
606 1138 622 1158 a
640 1127 793 1159 Bonifacio
812 1128 961 1158 conditum
975 1149 985 1166 ,
1004 1139 1119 1161 servare
1141 1142 1173 1161 ac
1190 1135 1264 1163 tueri
1286 1134 1412 1166 Carolus
1430 1138 1553 1169 studuit.

37 1175 140 1215 Hujus
156 1178 238 1207 enim.
245 1178 371 1216 regionis
390 1179 539 1209 doctorem
565 1187 593 1209 et
608 1180 764 1219 antistitem
768 1181 958 1220 Liudgerum
972 1186 1080 1215 creavit
1090 1206 1101 1223 ,
1123 1195 1207 1223 quem
1226 1196 1330 1233 postea
1345 1192 1470 1227 primum
1488 1202 1559 1222 con·

40 1229 135 1258 stituit
152 1229 320 1266 episcopum
337 1228 611 1262 Monasteriensem.
661 1234 713 1262 Ille
732 1233 820 1272 igitur
841 1240 955 1271 gentem
982 1232 1114 1266 doctrina
1136 1231 1297 1268 illustrasse
1317 1241 1440 1277 dicitur,
1468 1242 1558 1272 fanis·

43 1287 99 1315 que
117 1280 289 1317 destructis,
312 1288 434 1311 conatus
453 1291 516 1311 esse
538 1292 637 1313 omnes
664 1284 769 1314 erroris
800 1285 916 1321 pristini
943 1288 1043 1317 sordes
1066 1289 1192 1319 abluere.
1233 1290 1378 1321 Hortante
1404 1292 1486 1321 etiarn
1504 1294 1558 1322 im-

12 1349 16 1352 ·
37 1337 174 1369 peratore
189 1333 224 1363 ad
242 1332 364 1363 insulam
381 1335 528 1370 qnamdam
537 1336 746 1372 Fosetesland,
762 1337 912 1373 aFosete,
922 1338 988 1367 Deo
1003 1347 1058 1367 suo
1076 1340 1117 1368 sic
1133 1340 1262 1377 dictam.
1278 1343 1412 1380 appulit,
1429 1343 1559 1381 Jesuque

36 1382 202 1423 ‘doctrinam
219 1383 329 1419 incolas
349 1385 449 1421 docuit
472 1385 553 1424 (3).
592 1387 636 1416 Ea
653 1387 769 1424 insula,
791 1397 865 1425 quae
881 1389 990 1426 fuerit,
1013 1400 1073 1422 non
1096 1393 1257 1429 comperii,
1280 1402 1379 1431 neque
1401 1403 1556 1426 conatuum

37 1433 182 1473 -Liudgeri
196 1444 350 1466 successus
365 1437 402 1466 ad
416 1427 546 1470 nostram
562 1439 695 1475 pervenit
721 1441 898 1475 memoriam.
939 1441 1013 1471 Post
1036 1448 1151 1479 autem,
1172 1443 1349 1475 Normannis
1367 1446 1481 1476 'Frisiae
1505 1448 1554 1474 lit-

28 1486 359 1524 ,sorarinfestantibusffi
371 1487 487 1519 minime
510 1489 546 1519 iis
569 1489 703 1523 dcistituit
721 1492 872 1529 Carolus,
893 1493 989 1524 missis
1011 1495 1203 1532 verocopiis
1221 1505 1270 1525 eos
1287 1498 1463 1527 sustentavitv
1474 1496 1515 1534 (4
1525 1498 1554 1534 J.

19 1537 91 1574 ,ῥὶς
107 1538 190 1573 etiarn
206 1546 292 1575 opem
305 1539 383 1572 ,tulit
407 1540 602 1579 Christianis,
628 1542 850 1577 sarracenorum
870 1544 1091 1583 vexationibus,
1117 1546 1151 1580 in,
1171 1547 1312 1583 Hispania
1332 1546 1489 1577 miserrime
1514 1550 1556 1578 af.

18 1576 143 1623 ¹afflictis.
166 1590 300 1626 ‘Ingenti
327 1590 413 1622 enim
435 1592 557 1623 militum
589 1601 675 1624 manu
701 1595 814 1624 delecta
830 1615 843 1632 ,
876 1604 1066 1632 oppressores
1095 1597 1130 1626 ad
1161 1605 1260 1634 pacem
1285 1597 1419 1628 orandam
1443 1600 1549 1637 coegit.

30 1639 154 1673 ‚Deinde
170 1639 202 1671 in
215 1641 341 1682 patriam
355 1649 515 1680 reversus,
526 1644 614 1677 duces
640 1645 813 1682 Aquitaniae
836 1646 963 1676 urbibus
984 1646 1141 1685 praefecit²
1160 1647 1250 1685 inque
1268 1650 1419 1686 permultis
1442 1650 1552 1688 Hispa.

32 1689 105 1726 miae
120 1690 194 1732 locis
208 1692 349 1728 praesidia
363 1693 555 1725 munitissima
575 1697 732 1727 collocavit
752 1697 832 1736 (5).

0 1744 5 1787 ᾗ
23 1758 43 1776 .·.
81 1740 192 1773 Melius
210 1744 344 1780 profecto
359 1746 395 1776 de
410 1747 531 1777 ecclesie
543 1747 710 1780 Christiana
729 1752 881 1791 meruisset
895 1750 1020 1780 Carolus
1032 1770 1043 1786 2
1064 1750 1090 1779 si
1102 1771 1114 1787 ,
1132 1750 1168 1780 ad
1183 1751 1244 1788 eJus
1259 1750 1378 1781 ditionis
1393 1751 1551 1784 dilatandos

25 1791 200 1827 .2,terminOS‚
209 1794 287 1823 nihii
296 1796 420 1829 amplius
437 1797 565 1833 fecerat„
581 1800 639 1831 nisi
655 1808 687 1832 ut
698 1804 833 1835 remediis
852 1814 922 1835 usus
938 1812 1035 1840 esset,
1039 1805 1273 1842 placidissimae
1276 1805 1387 1836 Christi
1405 1808 1549 1839 doctrinae

31 1842 182 1880 veongruis
199 1849 228 1873 et
244 1843 503 1884 convenientibus,
523 1855 600 1878 arma
616 1854 686 1880 vero
703 1857 800 1886 solum
821 1863 855 1884 eo
871 1855 1050 1885 adhibuisset
1071 1856 1197 1887 consilio
1209 1876 1221 1894 ,
1241 1863 1274 1886 ut
1297 1858 1422 1888 hostium
1444 1859 1500 1888 vim
1517 1861 1550 1888 ab

1514 1921 1557 1949 lp·

32 1907 45 1928 ω

81 1969 145 2007 (ι)
164 1970 231 2000 Ann.
249 1960 461 2010 Fr.'1”1i.p.24.
478 1977 625 2012 ap.130uq.
693 1973 697 1977 '
797 1981 864 2017 (α)
883 1984 943 2011 vita
957 1985 1128 2018 Rusperti1.
1143 1987 1162 2014 1.

41 2010 145 2052 ²²(3)
162 2018 227 2046 Vid.
238 2020 298 2046 Vita
315 2022 372 2054 ejus
390 2023 407 2049 l.
422 2023 444 2050 1.
465 2023 491 2056 §.
505 2032 548 2057 19.
567 2033 609 2059 ap.
628 2027 717 2061 Bouq.
708 2045 732 2060 .‚
750 2036 778 2062 p.
792 2037 853 2063 449.
960 2030 1027 2067 (4)
1048 2033 1144 2060 Chron.
1160 2031 1247 2060 Muss.
1259 2052 1268 2066 ,
1287 2041 1314 2067 p.
1332 2033 1372 2062 82.
1389 2041 1432 2068 ap.
1449 2034 1533 2069 Bouq.

64 2062 149 2099 ¹(s)
165 2066 227 2094 Vid·
241 2067 333 2095 vitas.
349 2067 466 2117 Geualfi,
484 2078 508 2098 c.
521 2077 565 2105 52.
583 2080 611 2106 p.
624 2073 684 2108 469.
700 2081 743 2109 ap.
761 2076 855 2110 Bouq.

4 1883 45 1971 3

8 2066 57 2140 μ,

10 2203 16 2349 3

14 2361 19 2511 3
