<?xml version="1.0" encoding="UTF-8"?>
<!DOCTYPE html PUBLIC "-//W3C//DTD XHTML 1.0 Transitional//EN"
    "http://www.w3.org/TR/xhtml1/DTD/xhtml1-transitional.dtd">
<html xmlns="http://www.w3.org/1999/xhtml" xml:lang="en" lang="en">
 <head>
  <title>
</title>
<meta http-equiv="Content-Type" content="text/html;charset=utf-8" />
  <meta name='ocr-system' content='tesseract 3.04.00' />
  <meta name='ocr-capabilities' content='ocr_page ocr_carea ocr_par ocr_line ocrx_word'/>
</head>
<body>
  <div class='ocr_page' id='page_1' title='image "annalesacademiae24rijk_0149.png"; bbox 0 0 1919 2511; ppageno 0'>
   <div class='ocr_carea' id='block_1_1' title="bbox 65 136 1547 284">
    <p class='ocr_par' dir='ltr' id='par_1_1' title="bbox 65 136 1547 284">
     <span class='ocr_line' id='line_1_1' title="bbox 700 136 1547 183; baseline -0.002 -7"><span class='ocrx_word' id='word_1_1' title='bbox 700 137 728 183; x_wconf 70' lang='grc' dir='ltr'>(ἶ</span> <span class='ocrx_word' id='word_1_2' title='bbox 778 149 832 171; x_wconf 62' lang='lat'>=⁴</span> <span class='ocrx_word' id='word_1_3' title='bbox 886 136 911 183; x_wconf 54' lang='lat'>&gt;3¹</span> <span class='ocrx_word' id='word_1_4' title='bbox 1514 137 1547 174; x_wconf 68' lang='grc' dir='ltr'>δ’</span> 
     </span>
     <span class='ocr_line' id='line_1_2' title="bbox 65 233 1531 284; baseline -0.007 -8"><span class='ocrx_word' id='word_1_5' title='bbox 65 240 252 284; x_wconf 59' lang='lat' dir='ltr'>Anad&#39;emici</span> <span class='ocrx_word' id='word_1_6' title='bbox 270 240 463 278; x_wconf 71' lang='lat' dir='ltr'>commisii,</span> <span class='ocrx_word' id='word_1_7' title='bbox 494 241 526 269; x_wconf 86' lang='lat' dir='ltr'>et</span> <span class='ocrx_word' id='word_1_8' title='bbox 548 233 780 269; x_wconf 81' lang='lat' dir='ltr'>Nobilissimae</span> <span class='ocrx_word' id='word_1_9' title='bbox 803 234 983 268; x_wconf 81' lang='lat' dir='ltr'>Facultatis</span> <span class='ocrx_word' id='word_1_10' title='bbox 1001 233 1239 278; x_wconf 68' lang='lat' dir='ltr'>‘Philosophiae</span> <span class='ocrx_word' id='word_1_11' title='bbox 1261 233 1475 267; x_wconf 78' lang='lat' dir='ltr'>Theoreticae</span> <span class='ocrx_word' id='word_1_12' title='bbox 1499 238 1531 266; x_wconf 80' lang='lat' dir='ltr'>et</span> 
     </span>
    </p>
   </div>
   <div class='ocr_carea' id='block_1_2' title="bbox 64 292 931 336">
    <p class='ocr_par' dir='ltr' id='par_1_2' title="bbox 64 292 931 336">
     <span class='ocr_line' id='line_1_3' title="bbox 64 292 931 336; baseline -0.009 -4"><span class='ocrx_word' id='word_1_13' title='bbox 64 294 524 332; x_wconf 76' lang='lat' dir='ltr'>LiterarumHumaniorum</span> <span class='ocrx_word' id='word_1_14' title='bbox 546 292 679 327; x_wconf 82' lang='lat' dir='ltr'>decreto</span> <span class='ocrx_word' id='word_1_15' title='bbox 691 317 701 336; x_wconf 88' lang='lat'>‚</span> <span class='ocrx_word' id='word_1_16' title='bbox 729 311 769 317; x_wconf 85' lang='lat'>—-</span> <span class='ocrx_word' id='word_1_17' title='bbox 790 294 861 336; x_wconf 89' lang='lat' dir='ltr'>Ego</span> <span class='ocrx_word' id='word_1_18' title='bbox 881 293 931 325; x_wconf 88' lang='lat' dir='ltr'>Te</span> 
     </span>
    </p>
   </div>
   <div class='ocr_carea' id='block_1_3' title="bbox 83 368 1232 483">
    <p class='ocr_par' dir='ltr' id='par_1_3' title="bbox 83 368 1232 483">
     <span class='ocr_line' id='line_1_4' title="bbox 83 368 1055 387; baseline 0.011 -3"><span class='ocrx_word' id='word_1_19' title='bbox 83 369 166 387; x_wconf 47' lang='lat' dir='ltr'>›nv-12&amp;</span> <span class='ocrx_word' id='word_1_20' title='bbox 1053 368 1055 371; x_wconf 46' lang='lat'><strong><em>¹</em></strong></span> 
     </span>
     <span class='ocr_line' id='line_1_5' title="bbox 141 413 1232 483; baseline -0.001 -31"><span class='ocrx_word' id='word_1_21' title='bbox 141 426 168 483; x_wconf 36' lang='grc' dir='ltr'>,ᾗ</span> <span class='ocrx_word' id='word_1_22' title='bbox 204 414 234 441; x_wconf 73' lang='lat'>2&#39;-</span> <span class='ocrx_word' id='word_1_23' title='bbox 306 436 309 439; x_wconf 97' lang='lat'>-</span> <span class='ocrx_word' id='word_1_24' title='bbox 373 416 604 470; x_wconf 4' lang='lat' dir='ltr'><strong>BAVIZUM</strong></span> <span class='ocrx_word' id='word_1_25' title='bbox 649 413 971 473; x_wconf 74' lang='lat' dir='ltr'><strong>ANTONIUM</strong></span> <span class='ocrx_word' id='word_1_26' title='bbox 1016 417 1232 459; x_wconf 80' lang='lat' dir='ltr'>NAUTA,</span> 
     </span>
    </p>
   </div>
   <div class='ocr_carea' id='block_1_4' title="bbox 571 519 1032 551">
    <p class='ocr_par' dir='ltr' id='par_1_4' title="bbox 571 519 1032 551">
     <span class='ocr_line' id='line_1_6' title="bbox 571 519 1032 551; baseline -0.007 -9"><span class='ocrx_word' id='word_1_27' title='bbox 571 520 807 544; x_wconf 75' lang='lat' dir='ltr'>LEOVARDIA</span> <span class='ocrx_word' id='word_1_28' title='bbox 835 519 1032 551; x_wconf 60' lang='lat' dir='ltr'>FRISIUM,</span> 
     </span>
    </p>
   </div>
   <div class='ocr_carea' id='block_1_5' title="bbox 66 626 1543 1133">
    <p class='ocr_par' dir='ltr' id='par_1_5' title="bbox 66 626 1543 1133">
     <span class='ocr_line' id='line_1_7' title="bbox 66 626 1535 680; baseline -0.003 -11"><span class='ocrx_word' id='word_1_29' title='bbox 66 635 299 680; x_wconf 83' lang='lat' dir='ltr'>Philosophiae</span> <span class='ocrx_word' id='word_1_30' title='bbox 321 634 536 669; x_wconf 76' lang='lat' dir='ltr'>Theoreticae</span> <span class='ocrx_word' id='word_1_31' title='bbox 560 637 758 680; x_wconf 80' lang='lat' dir='ltr'>Magistrum</span> <span class='ocrx_word' id='word_1_32' title='bbox 785 641 817 669; x_wconf 87' lang='lat' dir='ltr'>et</span> <span class='ocrx_word' id='word_1_33' title='bbox 837 626 1028 669; x_wconf 82' lang='lat' dir='ltr'>Literarum</span> <span class='ocrx_word' id='word_1_34' title='bbox 1058 631 1308 666; x_wconf 85' lang='lat' dir='ltr'>Humaniorum</span> <span class='ocrx_word' id='word_1_35' title='bbox 1331 635 1511 680; x_wconf 86' lang='lat' dir='ltr'>Doctorem</span> <span class='ocrx_word' id='word_1_36' title='bbox 1525 655 1535 672; x_wconf 90' lang='lat'>,</span> 
     </span>
     <span class='ocr_line' id='line_1_8' title="bbox 68 682 1539 737; baseline -0.003 -12"><span class='ocrx_word' id='word_1_37' title='bbox 68 691 272 737; x_wconf 58' lang='lat' dir='ltr'>sollemniter</span> <span class='ocrx_word' id='word_1_38' title='bbox 282 688 376 734; x_wconf 76' lang='lat' dir='ltr'>dico,</span> <span class='ocrx_word' id='word_1_39' title='bbox 399 702 476 725; x_wconf 83' lang='lat' dir='ltr'>creo</span> <span class='ocrx_word' id='word_1_40' title='bbox 489 709 501 735; x_wconf 41' lang='lat' dir='ltr'>‚v</span> <span class='ocrx_word' id='word_1_41' title='bbox 516 694 671 726; x_wconf 85' lang='lat' dir='ltr'>remmtio</span> <span class='ocrx_word' id='word_1_42' title='bbox 692 712 736 718; x_wconf 90' lang='lat'><strong>—</strong></span> <span class='ocrx_word' id='word_1_43' title='bbox 757 691 842 726; x_wconf 82' lang='lat' dir='ltr'>facio</span> <span class='ocrx_word' id='word_1_44' title='bbox 859 691 919 725; x_wconf 87' lang='lat' dir='ltr'>tibi</span> <span class='ocrx_word' id='word_1_45' title='bbox 932 682 1139 736; x_wconf 52' lang='lat' dir='ltr'>&#39;potestatem</span> <span class='ocrx_word' id='word_1_46' title='bbox 1159 685 1361 722; x_wconf 79' lang='lat' dir='ltr'>cathedram</span> <span class='ocrx_word' id='word_1_47' title='bbox 1379 691 1539 721; x_wconf 88' lang='lat' dir='ltr'>Doctora-</span> 
     </span>
     <span class='ocr_line' id='line_1_9' title="bbox 67 745 1534 794; baseline -0.004 -11"><span class='ocrx_word' id='word_1_48' title='bbox 67 749 133 783; x_wconf 81' lang='lat' dir='ltr'>lem</span> <span class='ocrx_word' id='word_1_49' title='bbox 157 748 421 791; x_wconf 85' lang='lat' dir='ltr'>conscendendi,</span> <span class='ocrx_word' id='word_1_50' title='bbox 453 749 594 794; x_wconf 84' lang='lat' dir='ltr'><strong>indeque</strong></span> <span class='ocrx_word' id='word_1_51' title='bbox 612 750 748 793; x_wconf 82' lang='lat' dir='ltr'>quaevis</span> <span class='ocrx_word' id='word_1_52' title='bbox 773 748 853 782; x_wconf 82' lang='lat' dir='ltr'>artis</span> <span class='ocrx_word' id='word_1_53' title='bbox 884 754 1019 782; x_wconf 84' lang='lat' dir='ltr'>nostrae</span> <span class='ocrx_word' id='word_1_54' title='bbox 1038 748 1152 791; x_wconf 85' lang='lat' dir='ltr'>capita</span> <span class='ocrx_word' id='word_1_55' title='bbox 1180 745 1380 789; x_wconf 84' lang='lat' dir='ltr'>explicandi,</span> <span class='ocrx_word' id='word_1_56' title='bbox 1409 750 1534 779; x_wconf 84' lang='lat' dir='ltr'>veteres</span> 
     </span>
     <span class='ocr_line' id='line_1_10' title="bbox 69 802 1538 850; baseline -0.005 -9"><span class='ocrx_word' id='word_1_57' title='bbox 69 806 246 849; x_wconf 75' lang='lat' dir='ltr'>scriptores</span> <span class='ocrx_word' id='word_1_58' title='bbox 266 805 523 850; x_wconf 86' lang='lat' dir='ltr'>interpretandi,</span> <span class='ocrx_word' id='word_1_59' title='bbox 548 815 728 849; x_wconf 64' lang='lat' dir='ltr'>&gt;earumque</span> <span class='ocrx_word' id='word_1_60' title='bbox 752 806 939 849; x_wconf 77' lang='lat' dir='ltr'>linguarum</span> <span class='ocrx_word' id='word_1_61' title='bbox 959 805 1181 837; x_wconf 88' lang='lat' dir='ltr'>emolumento</span> <span class='ocrx_word' id='word_1_62' title='bbox 1202 803 1237 835; x_wconf 88' lang='lat' dir='ltr'>in</span> <span class='ocrx_word' id='word_1_63' title='bbox 1259 802 1429 846; x_wconf 89' lang='lat' dir='ltr'>publicum</span> <span class='ocrx_word' id='word_1_64' title='bbox 1450 812 1538 835; x_wconf 89' lang='lat' dir='ltr'>com-</span> 
     </span>
     <span class='ocr_line' id='line_1_11' title="bbox 70 858 1540 906; baseline -0.002 -11"><span class='ocrx_word' id='word_1_65' title='bbox 70 862 210 896; x_wconf 85' lang='lat' dir='ltr'>modum</span> <span class='ocrx_word' id='word_1_66' title='bbox 225 862 359 896; x_wconf 74' lang='lat' dir='ltr'>utendi:</span> <span class='ocrx_word' id='word_1_67' title='bbox 372 872 471 906; x_wconf 83' lang='lat' dir='ltr'>porro</span> <span class='ocrx_word' id='word_1_68' title='bbox 484 873 523 895; x_wconf 87' lang='lat' dir='ltr'>ea</span> <span class='ocrx_word' id='word_1_69' title='bbox 541 861 651 896; x_wconf 85' lang='lat' dir='ltr'>tribuo</span> <span class='ocrx_word' id='word_1_70' title='bbox 669 861 728 895; x_wconf 90' lang='lat' dir='ltr'>tibi</span> <span class='ocrx_word' id='word_1_71' title='bbox 744 867 863 895; x_wconf 83' lang='lat' dir='ltr'>cuncta</span> <span class='ocrx_word' id='word_1_72' title='bbox 873 871 977 905; x_wconf 78' lang='lat' dir='ltr'>,quae</span> <span class='ocrx_word' id='word_1_73' title='bbox 993 858 1055 894; x_wconf 84' lang='lat' dir='ltr'>rite</span> <span class='ocrx_word' id='word_1_74' title='bbox 1071 866 1181 894; x_wconf 86' lang='lat' dir='ltr'>creato</span> <span class='ocrx_word' id='word_1_75' title='bbox 1189 858 1422 903; x_wconf 82' lang='lat' dir='ltr'>Philosophiae</span> <span class='ocrx_word' id='word_1_76' title='bbox 1433 859 1540 892; x_wconf 85' lang='lat' dir='ltr'>Theo-</span> 
     </span>
     <span class='ocr_line' id='line_1_12' title="bbox 69 916 1541 963; baseline -0.003 -10"><span class='ocrx_word' id='word_1_77' title='bbox 69 919 190 953; x_wconf 78' lang='lat' dir='ltr'>reticae</span> <span class='ocrx_word' id='word_1_78' title='bbox 207 919 366 963; x_wconf 83' lang='lat' dir='ltr'>Magistro</span> <span class='ocrx_word' id='word_1_79' title='bbox 380 923 413 952; x_wconf 89' lang='lat' dir='ltr'>et</span> <span class='ocrx_word' id='word_1_80' title='bbox 429 918 621 952; x_wconf 83' lang='lat' dir='ltr'>Literarum</span> <span class='ocrx_word' id='word_1_81' title='bbox 632 919 882 952; x_wconf 82' lang='lat' dir='ltr'>Humaniorum</span> <span class='ocrx_word' id='word_1_82' title='bbox 894 918 1033 951; x_wconf 81' lang='lat' dir='ltr'>Doctori</span> <span class='ocrx_word' id='word_1_83' title='bbox 1046 942 1056 959; x_wconf 96' lang='lat'>,</span> <span class='ocrx_word' id='word_1_84' title='bbox 1070 917 1121 951; x_wconf 79' lang='lat' dir='ltr'>vel</span> <span class='ocrx_word' id='word_1_85' title='bbox 1136 918 1203 961; x_wconf 87' lang='lat' dir='ltr'>lege</span> <span class='ocrx_word' id='word_1_86' title='bbox 1212 942 1223 959; x_wconf 88' lang='lat'>,</span> <span class='ocrx_word' id='word_1_87' title='bbox 1236 917 1287 951; x_wconf 89' lang='lat' dir='ltr'>vel</span> <span class='ocrx_word' id='word_1_88' title='bbox 1304 916 1541 949; x_wconf 84' lang='lat' dir='ltr'>consuetudine</span> 
     </span>
     <span class='ocr_line' id='line_1_13' title="bbox 70 965 1543 1019; baseline -0.003 -11"><span class='ocrx_word' id='word_1_89' title='bbox 70 974 206 1011; x_wconf 75' lang='lat' dir='ltr'>concedi</span> <span class='ocrx_word' id='word_1_90' title='bbox 222 974 385 1019; x_wconf 79' lang='lat' dir='ltr'>tribuique</span> <span class='ocrx_word' id='word_1_91' title='bbox 404 976 510 1008; x_wconf 87' lang='lat' dir='ltr'>solent</span> <span class='ocrx_word' id='word_1_92' title='bbox 531 994 576 1007; x_wconf 69' lang='lat'>³¹1-</span> <span class='ocrx_word' id='word_1_93' title='bbox 598 982 684 1019; x_wconf 74' lang='lat' dir='ltr'>vquae</span> <span class='ocrx_word' id='word_1_94' title='bbox 700 985 765 1018; x_wconf 86' lang='lat' dir='ltr'>quo</span> <span class='ocrx_word' id='word_1_95' title='bbox 777 974 852 1007; x_wconf 80' lang='lat' dir='ltr'>rata</span> <span class='ocrx_word' id='word_1_96' title='bbox 866 965 970 1018; x_wconf 60' lang='lat' dir='ltr'>m&#39;a‘gis</span> <span class='ocrx_word' id='word_1_97' title='bbox 986 966 1073 1016; x_wconf 88' lang='lat' dir='ltr'>sint,</span> <span class='ocrx_word' id='word_1_98' title='bbox 1096 972 1247 1006; x_wconf 86' lang='lat' dir='ltr'>sollemni</span> <span class='ocrx_word' id='word_1_99' title='bbox 1262 974 1450 1016; x_wconf 88' lang='lat' dir='ltr'>Diplomate</span> <span class='ocrx_word' id='word_1_100' title='bbox 1466 983 1543 1005; x_wconf 85' lang='lat' dir='ltr'>con—</span> 
     </span>
     <span class='ocr_line' id='line_1_14' title="bbox 71 1026 1540 1076; baseline -0.001 -13"><span class='ocrx_word' id='word_1_101' title='bbox 71 1030 289 1075; x_wconf 75' lang='lat' dir='ltr'>signabuntur</span> <span class='ocrx_word' id='word_1_102' title='bbox 297 1055 307 1073; x_wconf 93' lang='lat'>,</span> <span class='ocrx_word' id='word_1_103' title='bbox 317 1031 406 1076; x_wconf 86' lang='lat' dir='ltr'>quod</span> <span class='ocrx_word' id='word_1_104' title='bbox 417 1032 535 1075; x_wconf 84' lang='lat' dir='ltr'>majori</span> <span class='ocrx_word' id='word_1_105' title='bbox 544 1027 740 1065; x_wconf 63' lang='lat' dir='ltr'>Academiae</span> <span class='ocrx_word' id='word_1_106' title='bbox 749 1032 858 1075; x_wconf 71' lang='lat' dir='ltr'>sigillo</span> <span class='ocrx_word' id='word_1_107' title='bbox 870 1026 1036 1064; x_wconf 78' lang='lat' dir='ltr'>munitum</span> <span class='ocrx_word' id='word_1_108' title='bbox 1051 1056 1060 1072; x_wconf 96' lang='lat'>‚</span> <span class='ocrx_word' id='word_1_109' title='bbox 1071 1031 1230 1074; x_wconf 80' lang='lat' dir='ltr'>justisque</span> <span class='ocrx_word' id='word_1_110' title='bbox 1240 1030 1367 1063; x_wconf 86' lang='lat' dir='ltr'>subscri</span> <span class='ocrx_word' id='word_1_111' title='bbox 1372 1028 1540 1074; x_wconf 83' lang='lat' dir='ltr'>ptionibus</span> 
     </span>
     <span class='ocr_line' id='line_1_15' title="bbox 73 1086 1543 1133; baseline -0.001 -12"><span class='ocrx_word' id='word_1_112' title='bbox 73 1088 308 1122; x_wconf 80' lang='lat' dir='ltr'>confirmatum</span> <span class='ocrx_word' id='word_1_113' title='bbox 328 1089 468 1133; x_wconf 78' lang='lat' dir='ltr'>accipies</span> <span class='ocrx_word' id='word_1_114' title='bbox 491 1092 510 1122; x_wconf 69' lang='lat' dir='ltr'>a</span> <span class='ocrx_word' id='word_1_115' title='bbox 531 1098 765 1122; x_wconf 65' lang='lat' dir='ltr'>amanam-,nmo</span> <span class='ocrx_word' id='word_1_116' title='bbox 788 1089 833 1122; x_wconf 89' lang='lat' dir='ltr'>V.</span> <span class='ocrx_word' id='word_1_117' title='bbox 845 1089 892 1122; x_wconf 84' lang='lat' dir='ltr'>Cl.</span> <span class='ocrx_word' id='word_1_118' title='bbox 904 1112 916 1130; x_wconf 92' lang='lat'>,</span> <span class='ocrx_word' id='word_1_119' title='bbox 939 1090 1080 1121; x_wconf 86' lang='lat' dir='ltr'>Senatus</span> <span class='ocrx_word' id='word_1_120' title='bbox 1095 1086 1286 1122; x_wconf 83' lang='lat' dir='ltr'>Academici</span> <span class='ocrx_word' id='word_1_121' title='bbox 1300 1093 1375 1120; x_wconf 84' lang='lat' dir='ltr'>acta</span> <span class='ocrx_word' id='word_1_122' title='bbox 1391 1091 1543 1121; x_wconf 78' lang='lat' dir='ltr'>curante.-</span> 
     </span>
    </p>
   </div>
   <div class='ocr_carea' id='block_1_6' title="bbox 74 1201 1553 2207">
    <p class='ocr_par' dir='ltr' id='par_1_6' title="bbox 74 1201 1550 2152">
     <span class='ocr_line' id='line_1_16' title="bbox 89 1201 1546 1247; baseline 0.001 -13"><span class='ocrx_word' id='word_1_123' title='bbox 89 1203 209 1244; x_wconf 51' lang='lat' dir='ltr'>Yffam,</span> <span class='ocrx_word' id='word_1_124' title='bbox 230 1213 318 1246; x_wconf 74' lang='lat' dir='ltr'>vquae</span> <span class='ocrx_word' id='word_1_125' title='bbox 341 1207 485 1245; x_wconf 83' lang='lat' dir='ltr'>restant,</span> <span class='ocrx_word' id='word_1_126' title='bbox 509 1213 549 1236; x_wconf 92' lang='lat' dir='ltr'>eo</span> <span class='ocrx_word' id='word_1_127' title='bbox 567 1202 710 1246; x_wconf 80' lang='lat' dir='ltr'>gratiora</span> <span class='ocrx_word' id='word_1_128' title='bbox 735 1207 835 1244; x_wconf 90' lang='lat' dir='ltr'>sunt,</span> <span class='ocrx_word' id='word_1_129' title='bbox 858 1201 946 1247; x_wconf 84' lang='lat' dir='ltr'>quod</span> <span class='ocrx_word' id='word_1_130' title='bbox 971 1202 1006 1235; x_wconf 87' lang='lat' dir='ltr'>in</span> <span class='ocrx_word' id='word_1_131' title='bbox 1028 1208 1060 1235; x_wconf 85' lang='lat' dir='ltr'>tc</span> <span class='ocrx_word' id='word_1_132' title='bbox 1079 1201 1226 1245; x_wconf 86' lang='lat' dir='ltr'>primum</span> <span class='ocrx_word' id='word_1_133' title='bbox 1249 1203 1402 1236; x_wconf 86' lang='lat' dir='ltr'>omnium</span> <span class='ocrx_word' id='word_1_134' title='bbox 1426 1212 1464 1234; x_wconf 84' lang='lat' dir='ltr'>ea</span> <span class='ocrx_word' id='word_1_135' title='bbox 1486 1201 1546 1235; x_wconf 88' lang='lat' dir='ltr'>ho·</span> 
     </span>
     <span class='ocr_line' id='line_1_17' title="bbox 75 1257 1540 1303; baseline -0.001 -11"><span class='ocrx_word' id='word_1_136' title='bbox 75 1258 166 1292; x_wconf 75' lang='lat' dir='ltr'>noris</span> <span class='ocrx_word' id='word_1_137' title='bbox 183 1257 323 1302; x_wconf 82' lang='lat' dir='ltr'>insignia</span> <span class='ocrx_word' id='word_1_138' title='bbox 338 1259 573 1301; x_wconf 83' lang='lat' dir='ltr'>conferuntur,</span> <span class='ocrx_word' id='word_1_139' title='bbox 598 1269 699 1303; x_wconf 88' lang='lat' dir='ltr'>quae,</span> <span class='ocrx_word' id='word_1_140' title='bbox 716 1270 757 1292; x_wconf 84' lang='lat' dir='ltr'>ex</span> <span class='ocrx_word' id='word_1_141' title='bbox 774 1259 966 1303; x_wconf 85' lang='lat' dir='ltr'>gravissimo</span> <span class='ocrx_word' id='word_1_142' title='bbox 988 1261 1157 1301; x_wconf 82' lang='lat' dir='ltr'>Majorum</span> <span class='ocrx_word' id='word_1_143' title='bbox 1175 1260 1270 1292; x_wconf 84' lang='lat' dir='ltr'>More</span> <span class='ocrx_word' id='word_1_144' title='bbox 1285 1265 1411 1292; x_wconf 79' lang='lat' dir='ltr'>retenta</span> <span class='ocrx_word' id='word_1_145' title='bbox 1422 1283 1431 1300; x_wconf 89' lang='lat'>,</span> <span class='ocrx_word' id='word_1_146' title='bbox 1449 1258 1540 1291; x_wconf 87' lang='lat' dir='ltr'>haud</span> 
     </span>
     <span class='ocr_line' id='line_1_18' title="bbox 74 1314 1545 1359; baseline -0.001 -12"><span class='ocrx_word' id='word_1_147' title='bbox 74 1314 273 1358; x_wconf 59' lang='lat' dir='ltr'>inepte‘sibi</span> <span class='ocrx_word' id='word_1_148' title='bbox 305 1315 458 1350; x_wconf 81' lang='lat' dir='ltr'>vindicat·</span> <span class='ocrx_word' id='word_1_149' title='bbox 476 1321 590 1351; x_wconf 81' lang='lat' dir='ltr'>nostra</span> <span class='ocrx_word' id='word_1_150' title='bbox 616 1316 806 1359; x_wconf 68' lang='lat' dir='ltr'>disciplina:</span> <span class='ocrx_word' id='word_1_151' title='bbox 856 1318 940 1348; x_wconf 84' lang='lat' dir='ltr'>Cum</span> <span class='ocrx_word' id='word_1_152' title='bbox 970 1317 1060 1349; x_wconf 87' lang='lat' dir='ltr'>enim</span> <span class='ocrx_word' id='word_1_153' title='bbox 1088 1327 1129 1349; x_wconf 84' lang='lat' dir='ltr'>ex</span> <span class='ocrx_word' id='word_1_154' title='bbox 1155 1316 1255 1349; x_wconf 86' lang='lat' dir='ltr'>medii</span> <span class='ocrx_word' id='word_1_155' title='bbox 1284 1315 1358 1350; x_wconf 76' lang='lat' dir='ltr'>&#39;aevi</span> <span class='ocrx_word' id='word_1_156' title='bbox 1390 1315 1545 1348; x_wconf 83' lang='lat' dir='ltr'>institutis</span> 
     </span>
     <span class='ocr_line' id='line_1_19' title="bbox 75 1370 1544 1415; baseline -0.001 -10"><span class='ocrx_word' id='word_1_157' title='bbox 75 1370 225 1405; x_wconf 72' lang='lat' dir='ltr'>fluxisset</span> <span class='ocrx_word' id='word_1_158' title='bbox 249 1373 482 1415; x_wconf 83' lang='lat' dir='ltr'>quaternarius</span> <span class='ocrx_word' id='word_1_159' title='bbox 506 1373 558 1406; x_wconf 85' lang='lat' dir='ltr'>ille</span> <span class='ocrx_word' id='word_1_160' title='bbox 577 1373 789 1406; x_wconf 76' lang='lat' dir='ltr'>Facultatum</span> <span class='ocrx_word' id='word_1_161' title='bbox 808 1372 1086 1405; x_wconf 84' lang='lat' dir='ltr'>Academicarum</span> <span class='ocrx_word' id='word_1_162' title='bbox 1105 1382 1284 1414; x_wconf 86' lang='lat' dir='ltr'>numerus,</span> <span class='ocrx_word' id='word_1_163' title='bbox 1318 1384 1356 1406; x_wconf 81' lang='lat' dir='ltr'>ca</span> <span class='ocrx_word' id='word_1_164' title='bbox 1382 1382 1462 1404; x_wconf 84' lang='lat' dir='ltr'>mox</span> <span class='ocrx_word' id='word_1_165' title='bbox 1490 1380 1544 1405; x_wconf 86' lang='lat' dir='ltr'>Ve-</span> 
     </span>
     <span class='ocr_line' id='line_1_20' title="bbox 77 1427 1545 1472; baseline 0.001 -13"><span class='ocrx_word' id='word_1_166' title='bbox 77 1427 156 1461; x_wconf 82' lang='lat' dir='ltr'>teris</span> <span class='ocrx_word' id='word_1_167' title='bbox 180 1427 357 1471; x_wconf 82' lang='lat' dir='ltr'>elegantiae</span> <span class='ocrx_word' id='word_1_168' title='bbox 381 1429 491 1462; x_wconf 80' lang='lat' dir='ltr'>studia</span> <span class='ocrx_word' id='word_1_169' title='bbox 518 1428 702 1462; x_wconf 83' lang='lat' dir='ltr'>instaurata</span> <span class='ocrx_word' id='word_1_170' title='bbox 729 1429 988 1472; x_wconf 84' lang='lat' dir='ltr'>confirmataque</span> <span class='ocrx_word' id='word_1_171' title='bbox 1014 1435 1111 1471; x_wconf 87' lang='lat' dir='ltr'>sunt,</span> <span class='ocrx_word' id='word_1_172' title='bbox 1144 1428 1231 1461; x_wconf 80' lang='lat' dir='ltr'>unde</span> <span class='ocrx_word' id='word_1_173' title='bbox 1254 1429 1423 1471; x_wconf 75' lang='lat' dir='ltr'>paullatim</span> <span class='ocrx_word' id='word_1_174' title='bbox 1451 1427 1545 1460; x_wconf 82' lang='lat' dir='ltr'>intel-</span> 
     </span>
     <span class='ocr_line' id='line_1_21' title="bbox 78 1482 1545 1528; baseline 0.001 -13"><span class='ocrx_word' id='word_1_175' title='bbox 78 1482 215 1527; x_wconf 80' lang='lat' dir='ltr'>ligerent</span> <span class='ocrx_word' id='word_1_176' title='bbox 231 1494 366 1523; x_wconf 80' lang='lat' dir='ltr'>omnes‚&#39;</span> <span class='ocrx_word' id='word_1_177' title='bbox 387 1484 581 1528; x_wconf 82' lang='lat' dir='ltr'>publiceque</span> <span class='ocrx_word' id='word_1_178' title='bbox 601 1483 779 1517; x_wconf 84' lang='lat' dir='ltr'>constituta</span> <span class='ocrx_word' id='word_1_179' title='bbox 800 1484 864 1516; x_wconf 83' lang='lat' dir='ltr'>hac</span> <span class='ocrx_word' id='word_1_180' title='bbox 884 1490 998 1517; x_wconf 83' lang='lat' dir='ltr'>nostra</span> <span class='ocrx_word' id='word_1_181' title='bbox 1020 1485 1190 1517; x_wconf 83' lang='lat' dir='ltr'>Facultate</span> <span class='ocrx_word' id='word_1_182' title='bbox 1214 1484 1432 1528; x_wconf 80' lang='lat' dir='ltr'>probaretur,</span> <span class='ocrx_word' id='word_1_183' title='bbox 1455 1485 1545 1517; x_wconf 87' lang='lat' dir='ltr'>nulla</span> 
     </span>
     <span class='ocr_line' id='line_1_22' title="bbox 79 1539 1547 1584; baseline 0.001 -11"><span class='ocrx_word' id='word_1_184' title='bbox 79 1539 130 1573; x_wconf 83' lang='lat' dir='ltr'>vel</span> <span class='ocrx_word' id='word_1_185' title='bbox 158 1539 314 1582; x_wconf 84' lang='lat' dir='ltr'>publica,</span> <span class='ocrx_word' id='word_1_186' title='bbox 346 1542 397 1574; x_wconf 88' lang='lat' dir='ltr'>vel</span> <span class='ocrx_word' id='word_1_187' title='bbox 419 1542 547 1584; x_wconf 74' lang='lat' dir='ltr'>pr1vata</span> <span class='ocrx_word' id='word_1_188' title='bbox 572 1540 709 1573; x_wconf 86' lang='lat' dir='ltr'>utilitate</span> <span class='ocrx_word' id='word_1_189' title='bbox 734 1540 965 1583; x_wconf 77' lang='lat' dir='ltr'>ponderandas</span> <span class='ocrx_word' id='word_1_190' title='bbox 989 1550 1060 1573; x_wconf 86' lang='lat' dir='ltr'>esse</span> <span class='ocrx_word' id='word_1_191' title='bbox 1089 1551 1146 1573; x_wconf 83' lang='lat' dir='ltr'>eas</span> <span class='ocrx_word' id='word_1_192' title='bbox 1176 1546 1287 1582; x_wconf 85' lang='lat' dir='ltr'>artes,-</span> <span class='ocrx_word' id='word_1_193' title='bbox 1315 1542 1347 1573; x_wconf 89' lang='lat' dir='ltr'>in</span> <span class='ocrx_word' id='word_1_194' title='bbox 1374 1540 1492 1584; x_wconf 86' lang='lat' dir='ltr'>quibus</span> <span class='ocrx_word' id='word_1_195' title='bbox 1509 1546 1547 1574; x_wconf 67' lang='lat' dir='ltr'>‘et</span> 
     </span>
     <span class='ocr_line' id='line_1_23' title="bbox 83 1595 1547 1641; baseline 0.001 -13"><span class='ocrx_word' id='word_1_196' title='bbox 83 1595 226 1630; x_wconf 85' lang='lat' dir='ltr'>colendis</span> <span class='ocrx_word' id='word_1_197' title='bbox 242 1597 305 1629; x_wconf 85' lang='lat' dir='ltr'>sita</span> <span class='ocrx_word' id='word_1_198' title='bbox 323 1601 462 1629; x_wconf 83' lang='lat' dir='ltr'>naturae</span> <span class='ocrx_word' id='word_1_199' title='bbox 478 1596 647 1635; x_wconf 82' lang='lat' dir='ltr'>humanae</span> <span class='ocrx_word' id='word_1_200' title='bbox 666 1602 751 1629; x_wconf 86' lang='lat' dir='ltr'>esset</span> <span class='ocrx_word' id='word_1_201' title='bbox 768 1598 970 1639; x_wconf 82' lang='lat' dir='ltr'>praestantia</span> <span class='ocrx_word' id='word_1_202' title='bbox 988 1596 1118 1639; x_wconf 82' lang='lat' dir='ltr'>omnis,</span> <span class='ocrx_word' id='word_1_203' title='bbox 1144 1603 1175 1630; x_wconf 90' lang='lat' dir='ltr'>et</span> <span class='ocrx_word' id='word_1_204' title='bbox 1194 1598 1230 1630; x_wconf 89' lang='lat' dir='ltr'>in</span> <span class='ocrx_word' id='word_1_205' title='bbox 1249 1596 1445 1641; x_wconf 70' lang='lat' dir='ltr'>negligendis</span> <span class='ocrx_word' id='word_1_206' title='bbox 1464 1603 1547 1630; x_wconf 83' lang='lat' dir='ltr'>tetra</span> 
     </span>
     <span class='ocr_line' id='line_1_24' title="bbox 81 1651 1546 1698; baseline -0.001 -11"><span class='ocrx_word' id='word_1_207' title='bbox 81 1657 179 1696; x_wconf 78' lang='lat' dir='ltr'>atque</span> <span class='ocrx_word' id='word_1_208' title='bbox 201 1651 359 1686; x_wconf 82' lang='lat' dir='ltr'>immanis</span> <span class='ocrx_word' id='word_1_209' title='bbox 386 1652 582 1693; x_wconf 48' lang='lat' dir='ltr'>barbariem</span> <span class='ocrx_word' id='word_1_210' title='bbox 612 1664 691 1695; x_wconf 86' lang='lat' dir='ltr'>nec,</span> <span class='ocrx_word' id='word_1_211' title='bbox 712 1651 748 1686; x_wconf 63' lang='lat' dir='ltr'>‘si</span> <span class='ocrx_word' id='word_1_212' title='bbox 772 1654 822 1688; x_wconf 84' lang='lat' dir='ltr'>vel</span> <span class='ocrx_word' id='word_1_213' title='bbox 849 1655 922 1697; x_wconf 82' lang='lat' dir='ltr'>ipsa</span> <span class='ocrx_word' id='word_1_214' title='bbox 946 1655 1068 1686; x_wconf 85' lang='lat' dir='ltr'>utilitas</span> <span class='ocrx_word' id='word_1_215' title='bbox 1092 1660 1286 1698; x_wconf 81' lang='lat' dir='ltr'>quaeratur,</span> <span class='ocrx_word' id='word_1_216' title='bbox 1320 1655 1474 1698; x_wconf 82' lang='lat' dir='ltr'>cuiquam</span> <span class='ocrx_word' id='word_1_217' title='bbox 1501 1654 1546 1686; x_wconf 86' lang='lat' dir='ltr'>fa·</span> 
     </span>
     <span class='ocr_line' id='line_1_25' title="bbox 82 1709 1548 1754; baseline 0.002 -13"><span class='ocrx_word' id='word_1_218' title='bbox 82 1709 140 1745; x_wconf 87' lang='lat' dir='ltr'>cile</span> <span class='ocrx_word' id='word_1_219' title='bbox 158 1709 268 1744; x_wconf 83' lang='lat' dir='ltr'>locum</span> <span class='ocrx_word' id='word_1_220' title='bbox 298 1709 412 1743; x_wconf 86' lang='lat' dir='ltr'>cedere</span> <span class='ocrx_word' id='word_1_221' title='bbox 436 1722 511 1743; x_wconf 81' lang='lat' dir='ltr'>eam</span> <span class='ocrx_word' id='word_1_222' title='bbox 530 1710 758 1754; x_wconf 83' lang='lat' dir='ltr'>disciplinam,</span> <span class='ocrx_word' id='word_1_223' title='bbox 783 1712 878 1752; x_wconf 83' lang='lat' dir='ltr'>cujus</span> <span class='ocrx_word' id='word_1_224' title='bbox 899 1710 1059 1744; x_wconf 86' lang='lat' dir='ltr'>beneficio</span> <span class='ocrx_word' id='word_1_225' title='bbox 1085 1722 1125 1744; x_wconf 83' lang='lat' dir='ltr'>ac</span> <span class='ocrx_word' id='word_1_226' title='bbox 1146 1717 1318 1744; x_wconf 80' lang='lat' dir='ltr'>momento</span> <span class='ocrx_word' id='word_1_227' title='bbox 1337 1710 1495 1752; x_wconf 81' lang='lat' dir='ltr'>debetur,</span> <span class='ocrx_word' id='word_1_228' title='bbox 1519 1710 1548 1744; x_wconf 88' lang='lat' dir='ltr'>si</span> 
     </span>
     <span class='ocr_line' id='line_1_26' title="bbox 81 1765 1546 1811; baseline -0.001 -9"><span class='ocrx_word' id='word_1_229' title='bbox 81 1765 161 1811; x_wconf 74' lang='lat' dir='ltr'>quid</span> <span class='ocrx_word' id='word_1_230' title='bbox 179 1766 215 1802; x_wconf 85' lang='lat' dir='ltr'>in</span> <span class='ocrx_word' id='word_1_231' title='bbox 232 1766 363 1810; x_wconf 84' lang='lat' dir='ltr'>reliquis</span> <span class='ocrx_word' id='word_1_232' title='bbox 384 1766 540 1809; x_wconf 73' lang='lat' dir='ltr'>artibus,</span> <span class='ocrx_word' id='word_1_233' title='bbox 553 1776 696 1811; x_wconf 89' lang='lat' dir='ltr'>quarum</span> <span class='ocrx_word' id='word_1_234' title='bbox 720 1766 842 1800; x_wconf 86' lang='lat' dir='ltr'>arctior</span> <span class='ocrx_word' id='word_1_235' title='bbox 860 1768 1067 1800; x_wconf 80' lang='lat' dir='ltr'>existimatur</span> <span class='ocrx_word' id='word_1_236' title='bbox 1092 1777 1164 1801; x_wconf 83' lang='lat' dir='ltr'>esse</span> <span class='ocrx_word' id='word_1_237' title='bbox 1191 1779 1267 1800; x_wconf 88' lang='lat' dir='ltr'>cum</span> <span class='ocrx_word' id='word_1_238' title='bbox 1289 1769 1373 1801; x_wconf 82' lang='lat' dir='ltr'>Vitae</span> <span class='ocrx_word' id='word_1_239' title='bbox 1401 1779 1546 1801; x_wconf 87' lang='lat' dir='ltr'>commo-</span> 
     </span>
     <span class='ocr_line' id='line_1_27' title="bbox 80 1823 1550 1868; baseline 0.001 -12"><span class='ocrx_word' id='word_1_240' title='bbox 80 1823 131 1856; x_wconf 81' lang='lat' dir='ltr'>dis</span> <span class='ocrx_word' id='word_1_241' title='bbox 157 1824 312 1862; x_wconf 77' lang='lat' dir='ltr'>societas,</span> <span class='ocrx_word' id='word_1_242' title='bbox 345 1825 423 1857; x_wconf 88' lang='lat' dir='ltr'>insit</span> <span class='ocrx_word' id='word_1_243' title='bbox 452 1823 688 1866; x_wconf 55' lang='lat' dir='ltr'>humanitem,</span> <span class='ocrx_word' id='word_1_244' title='bbox 720 1825 893 1867; x_wconf 85' lang='lat' dir='ltr'>omnisque</span> <span class='ocrx_word' id='word_1_245' title='bbox 917 1824 1157 1866; x_wconf 85' lang='lat' dir='ltr'>pulcritudinis.</span> <span class='ocrx_word' id='word_1_246' title='bbox 1218 1827 1333 1868; x_wconf 83' lang='lat' dir='ltr'>Neque</span> <span class='ocrx_word' id='word_1_247' title='bbox 1350 1831 1414 1866; x_wconf 73' lang='lat' dir='ltr'>tu,</span> <span class='ocrx_word' id='word_1_248' title='bbox 1447 1824 1550 1857; x_wconf 82' lang='lat' dir='ltr'>Nobi-</span> 
     </span>
     <span class='ocr_line' id='line_1_28' title="bbox 83 1880 1550 1924; baseline 0.001 -12"><span class='ocrx_word' id='word_1_249' title='bbox 83 1880 208 1916; x_wconf 85' lang='lat' dir='ltr'>lissime</span> <span class='ocrx_word' id='word_1_250' title='bbox 230 1883 373 1922; x_wconf 79' lang='lat' dir='ltr'>Doct0r‚</span> <span class='ocrx_word' id='word_1_251' title='bbox 396 1880 564 1914; x_wconf 79' lang='lat' dir='ltr'>humiliter</span> <span class='ocrx_word' id='word_1_252' title='bbox 580 1882 620 1914; x_wconf 85' lang='lat' dir='ltr'>de</span> <span class='ocrx_word' id='word_1_253' title='bbox 634 1887 706 1914; x_wconf 81' lang='lat' dir='ltr'>arte</span> <span class='ocrx_word' id='word_1_254' title='bbox 722 1888 835 1915; x_wconf 83' lang='lat' dir='ltr'>nostra</span> <span class='ocrx_word' id='word_1_255' title='bbox 852 1880 991 1913; x_wconf 78' lang='lat' dir='ltr'>senties:</span> <span class='ocrx_word' id='word_1_256' title='bbox 1018 1881 1075 1913; x_wconf 82' lang='lat' dir='ltr'>sed</span> <span class='ocrx_word' id='word_1_257' title='bbox 1090 1882 1118 1913; x_wconf 93' lang='lat' dir='ltr'><em>T</em></span> <span class='ocrx_word' id='word_1_258' title='bbox 1117 1891 1186 1924; x_wconf 78' lang='lat' dir='ltr'>oga</span> <span class='ocrx_word' id='word_1_259' title='bbox 1202 1881 1399 1914; x_wconf 76' lang='lat' dir='ltr'>Doclorczlz&#39;</span> <span class='ocrx_word' id='word_1_260' title='bbox 1414 1882 1550 1915; x_wconf 79' lang='lat' dir='ltr'>indutus</span> 
     </span>
     <span class='ocr_line' id='line_1_29' title="bbox 86 1935 1550 1982; baseline 0 -13"><span class='ocrx_word' id='word_1_261' title='bbox 86 1935 239 1980; x_wconf 74' lang='lat' dir='ltr'>cogitabis</span> <span class='ocrx_word' id='word_1_262' title='bbox 259 1936 424 1972; x_wconf 81' lang='lat' dir='ltr'>vindicem</span> <span class='ocrx_word' id='word_1_263' title='bbox 445 1949 516 1972; x_wconf 85' lang='lat' dir='ltr'>esse</span> <span class='ocrx_word' id='word_1_264' title='bbox 533 1944 566 1971; x_wconf 85' lang='lat' dir='ltr'>te</span> <span class='ocrx_word' id='word_1_265' title='bbox 583 1944 733 1981; x_wconf 77' lang='lat' dir='ltr'>oportere</span> <span class='ocrx_word' id='word_1_266' title='bbox 745 1963 754 1980; x_wconf 92' lang='lat'>,</span> <span class='ocrx_word' id='word_1_267' title='bbox 779 1949 818 1971; x_wconf 88' lang='lat' dir='ltr'>ac</span> <span class='ocrx_word' id='word_1_268' title='bbox 835 1937 1070 1980; x_wconf 85' lang='lat' dir='ltr'>depositarium</span> <span class='ocrx_word' id='word_1_269' title='bbox 1091 1944 1188 1982; x_wconf 84' lang='lat' dir='ltr'>atque</span> <span class='ocrx_word' id='word_1_270' title='bbox 1205 1939 1417 1982; x_wconf 80' lang='lat' dir='ltr'>interpretem</span> <span class='ocrx_word' id='word_1_271' title='bbox 1434 1948 1550 1970; x_wconf 83' lang='lat' dir='ltr'>earum</span> 
     </span>
     <span class='ocr_line' id='line_1_30' title="bbox 85 1993 1550 2039; baseline 0 -13"><span class='ocrx_word' id='word_1_272' title='bbox 85 1993 265 2032; x_wconf 81' lang='lat' dir='ltr'>virtutum,</span> <span class='ocrx_word' id='word_1_273' title='bbox 289 1995 502 2037; x_wconf 84' lang='lat' dir='ltr'>simplicitatis</span> <span class='ocrx_word' id='word_1_274' title='bbox 517 2020 526 2036; x_wconf 94' lang='lat'>,</span> <span class='ocrx_word' id='word_1_275' title='bbox 550 1996 750 2037; x_wconf 79' lang='lat' dir='ltr'>venustatis,</span> <span class='ocrx_word' id='word_1_276' title='bbox 774 1994 959 2039; x_wconf 80' lang='lat' dir='ltr'>gravitatis,</span> <span class='ocrx_word' id='word_1_277' title='bbox 991 1993 1110 2037; x_wconf 84' lang='lat' dir='ltr'>quibus</span> <span class='ocrx_word' id='word_1_278' title='bbox 1136 1994 1247 2028; x_wconf 83' lang='lat' dir='ltr'>divina</span> <span class='ocrx_word' id='word_1_279' title='bbox 1269 1996 1322 2028; x_wconf 86' lang='lat' dir='ltr'>illa</span> <span class='ocrx_word' id='word_1_280' title='bbox 1343 1998 1550 2027; x_wconf 74' lang='lat' dir='ltr'>Graecorum</span> 
     </span>
     <span class='ocr_line' id='line_1_31' title="bbox 87 2048 1550 2095; baseline 0.001 -15"><span class='ocrx_word' id='word_1_281' title='bbox 87 2048 382 2093; x_wconf 86' lang='lat' dir='ltr'>Romanorumque</span> <span class='ocrx_word' id='word_1_282' title='bbox 408 2052 609 2094; x_wconf 77' lang='lat' dir='ltr'>exemplaria</span> <span class='ocrx_word' id='word_1_283' title='bbox 633 2050 915 2084; x_wconf 82' lang='lat' dir='ltr'>immortalitatem</span> <span class='ocrx_word' id='word_1_284' title='bbox 940 2056 1115 2083; x_wconf 81' lang='lat' dir='ltr'>consecuta</span> <span class='ocrx_word' id='word_1_285' title='bbox 1145 2057 1234 2084; x_wconf 83' lang='lat' dir='ltr'>sunt.</span> <span class='ocrx_word' id='word_1_286' title='bbox 1287 2054 1402 2095; x_wconf 83' lang='lat' dir='ltr'>Itaque</span> <span class='ocrx_word' id='word_1_287' title='bbox 1423 2052 1550 2094; x_wconf 80' lang='lat' dir='ltr'>quoties</span> 
     </span>
     <span class='ocr_line' id='line_1_32' title="bbox 90 2103 1550 2152; baseline 0 -13"><span class='ocrx_word' id='word_1_288' title='bbox 90 2103 148 2138; x_wconf 80' lang='lat' dir='ltr'>tibi</span> <span class='ocrx_word' id='word_1_289' title='bbox 170 2106 221 2140; x_wconf 76' lang='lat' dir='ltr'>Vel</span> <span class='ocrx_word' id='word_1_290' title='bbox 238 2105 412 2139; x_wconf 72' lang='lat' dir='ltr'>dicendum</span> <span class='ocrx_word' id='word_1_291' title='bbox 425 2132 436 2149; x_wconf 90' lang='lat'>,</span> <span class='ocrx_word' id='word_1_292' title='bbox 458 2109 509 2142; x_wconf 88' lang='lat' dir='ltr'>vel</span> <span class='ocrx_word' id='word_1_293' title='bbox 533 2108 763 2142; x_wconf 81' lang='lat' dir='ltr'>disserendum</span> <span class='ocrx_word' id='word_1_294' title='bbox 781 2108 861 2149; x_wconf 85' lang='lat' dir='ltr'>erit,</span> <span class='ocrx_word' id='word_1_295' title='bbox 885 2106 984 2150; x_wconf 82' lang='lat' dir='ltr'>hujus</span> <span class='ocrx_word' id='word_1_296' title='bbox 1007 2110 1127 2151; x_wconf 77' lang='lat' dir='ltr'>Togae</span> <span class='ocrx_word' id='word_1_297' title='bbox 1152 2109 1343 2152; x_wconf 72' lang='lat' dir='ltr'>gravitatem</span> <span class='ocrx_word' id='word_1_298' title='bbox 1367 2114 1463 2151; x_wconf 85' lang='lat' dir='ltr'>atque</span> <span class='ocrx_word' id='word_1_299' title='bbox 1481 2118 1550 2140; x_wconf 86' lang='lat' dir='ltr'>am-</span> 
     </span>
    </p>

    <p class='ocr_par' dir='ltr' id='par_1_7' title="bbox 832 2164 1553 2207">
     <span class='ocr_line' id='line_1_33' title="bbox 832 2164 1553 2207; baseline -0.001 -11"><span class='ocrx_word' id='word_1_300' title='bbox 832 2165 862 2196; x_wconf 88' lang='lat' dir='ltr'>A</span> <span class='ocrx_word' id='word_1_301' title='bbox 885 2167 906 2196; x_wconf 84' lang='lat'>5-</span> <span class='ocrx_word' id='word_1_302' title='bbox 1494 2164 1553 2207; x_wconf 88' lang='lat' dir='ltr'>pli-</span> 
     </span>
    </p>
   </div>
  </div>
 </body>
</html>
