1919 2511
402 118 633 151 RESPONSIO
663 128 707 150 AD
736 117 1046 158 QUAESTIONEM
1075 117 1356 149 LITERARIAM.
1603 124 1639 155 33

826 223 944 234 ——.

540 302 798 334 FABULA
869 300 1219 333 VIGESIMA.

612 398 801 421 CORVUS
854 399 904 418 ET
955 398 1150 418 VULPEs·

411 475 517 506 Insedit
537 477 616 507 altae
633 483 733 506 corvus
753 476 818 505 olim
837 476 955 514 quercui

410 528 514 557 Rostro
534 531 637 567 rapaci
655 529 728 557 casei
740 526 873 564 frustum
892 533 1006 563 tenens,-

410 579 496 617 Quem
516 580 606 615 vafra
625 579 728 609 blando
747 578 882 615 adgressa
901 578 941 605 sie
959 578 1053 616 vulpes
1073 577 1134 607 dolo
1154 583 1213 605 est:

409 630 501 667 Quam
520 631 671 669 pulchram
691 638 792 666 avem,
813 637 897 667 quam
918 629 1060 667 splendide
1078 630 1184 659 cultam
1204 629 1300 656 intuor

407 685 513 713 Pennis
531 684 638 714 decoris
649 705 660 721 ,
681 691 766 722 atque
784 682 1014 713 versicoloribus!

404 734 511 771 Salve,
532 736 647 773 inquit,
669 746 683 764 o
699 742 857 773 generosa:
878 734 955 773 quod
971 734 996 762 si
1012 731 1149 772 praedita

406 787 501 816 Canta
515 787 621 823 fuisses
633 809 643 824 ,
664 789 767 817 summi
785 796 850 816 eras
869 795 934 816 aves
950 785 1044 823 Jovis.

407 837 450 867 At
468 838 538 874 iile,
560 847 681 876 magnae
698 839 832 867 inductus
850 839 882 866 in
901 845 973 876 spem
990 836 1121 874 gloriae,

404 889 498 918 Canta
517 889 648 920 indecoro
667 899 758 919 rauca
778 890 861 920 solvit
876 895 1018 927 guttura.

408 941 480 970 Tum
501 941 657 980 versipellis
676 940 820 970 decidente
839 950 918 970 caseo

400 992 510 1031 -Vulpes
530 994 642 1031 potita:
661 1001 742 1021 corve
760 999 815 1028 tu,
835 992 949 1028 inquit,
970 991 1065 1019 omnia

409 1043 503 1072 Habes
522 1042 651 1078 abunde
673 1049 765 1071 mente
782 1041 930 1070 duntaxat
947 1049 1040 1070 cares.

410 1143 466 1181 Qui
485 1151 580 1171 coram
601 1143 632 1170 in
652 1151 680 1170 05
699 1148 728 1171 te
746 1142 850 1171 laudat
866 1163 876 1176 ,
897 1140 1020 1169 insidias
1038 1140 1146 1168 struit:

402 1194 466 1231 ⁴Qui
485 1192 569 1223 laude
583 1193 654 1228 fieta
679 1192 818 1230 ducitur,
838 1200 888 1222 cor
907 1200 961 1220 non
980 1190 1074 1222 habet.

156 1301 261 1330 Corvus
289 1303 316 1327 et
342 1296 457 1335 Vulpes.
498 1295 579 1324 Haec
602 1295 685 1324 etiam
714 1295 822 1325 Fabula
846 1302 891 1326 est
920 1295 996 1324 inter
1026 1293 1090 1323 illas
1118 1299 1188 1328 quas
1211 1288 1357 1321 Phaedrus
1375 1288 1445 1319 Lib.
1460 1287 1487 1317 1.
1507 1287 1566 1318 fab.
1585 1295 1632 1326 13.

112 1350 269 1387 tractavit,
285 1348 336 1378 sed
352 1348 387 1377 ad
404 1355 488 1384 quam
512 1346 631 1376 omnino
654 1347 750 1376 eadem
774 1347 887 1378 faciunt
906 1355 978 1383 quae
998 1345 1034 1375 ad
1050 1343 1227 1381 superiorem
1246 1341 1371 1372 fabulam
1393 1339 1530 1371 diximus.
1551 1341 1636 1371 Faera

116 1411 186 1434 num
211 1401 285 1432 enim
305 1399 429 1430 Gabriae
454 1399 579 1428 fabulam
602 1408 649 1436 19.
680 1399 857 1437 expressisse
884 1408 919 1429 ex
942 1396 1156 1435 comparatione
1180 1394 1264 1424 facile
1284 1392 1429 1430 liquebit,
1459 1400 1522 1420 cum
1546 1391 1634 1421 Phae-

117 1456 188 1484 drus
211 1453 311 1490 potius
335 1460 395 1481 eam
425 1450 552 1480 fabulam
581 1450 709 1479 imitatus
734 1459 799 1480 esse
823 1450 953 1480 videatur
978 1456 1061 1484 quam
1083 1447 1201 1483 Aesopo
1233 1443 1335 1474 tribuit
1358 1442 1551 1480 Aphthonius
1581 1443 1637 1472 So·

119 1507 235 1544 phista‚
253 1505 328 1535 unde
349 1512 410 1533 eam
434 1502 550 1540 repetiit
572 1502 608 1530 de
629 1502 714 1531 Furia
739 1502 803 1532 No.
818 1502 887 1532 216.
929 1500 1037 1529 Mirum
1057 1504 1150 1528 autem
1169 1504 1252 1533 quam
1275 1495 1420 1524 diversum
1438 1493 1555 1523 omnino
1573 1494 1635 1531 epi..

118 1557 260 1596 mythium
287 1562 345 1586 tres
367 1554 412 1585 illi
436 1554 595 1591 scriptores
619 1554 687 1583 huic
715 1553 829 1583 fabulae
860 1551 1084 1590 subjunxerint3
1114 1549 1252 1584 Aesopus
1276 1546 1350 1575 enim
1378 1545 1481 1580 docet,
1504 1545 1637 1574 hostibus

117 1618 178 1641 non
204 1617 268 1639 esse
294 1607 461 1644 fidendum
483 1606 628 1636 Phaedrus
641 1627 650 1642 ,
672 1605 821 1644 ingenium
847 1605 1012 1643 praevalere
1031 1598 1214 1633 fortitudini;
1233 1598 1363 1628 Faernus
1385 1604 1457 1625 vero
1470 1615 1482 1632 ,
1503 1594 1638 1626 Gabi-iam

118 1668 258 1697 secutus,
279 1657 477 1690 adulatoribus
496 1659 603 1687 nullam
624 1658 709 1688 fidem
729 1667 792 1688 esse
811 1657 983 1687 habendam.

164 1712 269 1742 Pennis
288 1725 325 1735 —
343 1709 569 1740 versicoloribus.
611 1708 698 1739 Tales
727 1710 840 1746 plumas
865 1706 967 1737 tribuit
990 1704 1133 1735 columbis
1159 1703 1225 1732 Cic.
1245 1702 1310 1733 Fin.
1346 1701 1415 1731 Lib.
1435 1699 1491 1730 III.
1523 1707 1587 1736 cap.
1608 1706 1637 1736 5.

116 1764 232 1802 plumae
249 1761 427 1792 versicolores
442 1760 587 1791 columbis.

159 1814 255 1843 Canta
273 1812 402 1844 indecoro
423 1819 479 1845 cet.
498 1812 634 1842 Fortasse
654 1812 781 1843 imitatus
801 1819 845 1842 est
864 1811 955 1842 Ovid.
980 1808 1100 1838 Metam.
1120 1800 1255 1843 Lib‚}11.
1278 1813 1323 1833 vs,
1340 1803 1410 1840 484.

733 1864 798 1893 Vox
816 1862 960 1892 iracunda
973 1882 984 1898 ,
1004 1862 1159 1898 minaxque

449 1917 594 1954 Plenaque
613 1918 734 1945 terroris
753 1924 842 1944 rauco
860 1914 895 1944 de
910 1917 1031 1952 guttum
1043 1910 1163 1948 fertur·

165 1969 263 1998 Mente
287 1968 433 1998 duntaxat
453 1976 546 1996 cares.
587 1967 662 1996 Nam
684 1974 761 1999 recte
781 1967 848 1997 Cic.
872 1966 907 1995 de
926 1965 1025 1994 Amic.
1047 1971 1113 1999 cap.
1132 1963 1195 2000 26..
1207 1980 1235 1997 ⁷„
1255 1961 1363 2005 Aperte
1380 1956 1547 1987 adulantem
1567 1963 1643 1984 nemo

129 2041 148 2058 „
169 2031 223 2051 non
241 2021 340 2058 videt,
364 2021 419 2049 nisi
435 2021 486 2058 qui
509 2018 661 2050 admodum
685 2025 726 2048 est
749 2027 844 2048 excors
853 2018 874 2031 ”
896 2018 946 2054 qui
968 2015 1098 2053 egregius
1126 2019 1170 2041 est
1192 2012 1226 2040 de
1253 2010 1418 2040 adulatione
1436 2010 1532 2038 locus.

167 2073 223 2112 Qui
243 2081 338 2104 coram
366 2073 397 2101 in
420 2081 448 2102 os
472 2078 500 2101 te
524 2070 638 2102 laudat.
679 2070 806 2102 Locutio
829 2068 1003 2100 Terentiana
1026 2065 1155 2103 Adelph.
1178 2063 1248 2094 Act.
1266 2063 1302 2094 ΙΙ.
1324 2061 1373 2091 Sc.
1389 2069 1419 2098 4.
1442 2068 1488 2088 vs·
1507 2067 1540 2096 5·
1577 2107 1646 2139 Ab!

882 2121 909 2151 E
931 2130 948 2151 2
