1919 2511
258 204 297 237 46
616 198 797 229 ANTONII
818 193 995 227 HENRICI
1015 202 1083 224 vAN
1103 201 1171 225 nER
1188 193 1303 237 BOQN
1324 192 1470 225 MESCH

263 293 347 320 num,
371 292 428 320 quo
458 285 524 320 plus
554 282 639 320 hujus
668 279 786 310 extracti
811 279 941 309 continet
962 278 1084 313 humus,
1116 285 1150 306 eo
1177 279 1267 316 major
1297 278 1359 315 ejus
1390 276 1523 306 fertilitas
1549 285 1612 306 esse
1640 284 1779 315 apparet,

264 337 341 372 quod
371 335 508 372 probatur
528 335 615 362 humo
639 333 699 360 atra
726 338 754 360 et
777 330 875 365 acida;
898 337 967 366 quas
984 327 1110 357 vidimus
1133 337 1196 357 esse
1218 328 1424 364 infertiliores,
1447 335 1474 357 et
1501 328 1589 357 simul
1609 328 1703 359 miuus
1727 331 1781 369 hu-

265 389 313 424 J'us
343 386 461 414 extracti
484 385 607 420 liabere3
633 383 760 420 probant
786 381 868 410 etiam
891 379 997 408 diversi
1023 378 1120 414 modi,
1152 378 1259 414 quibus
1282 378 1413 408 fertilitas
1442 387 1577 415 agrorum
1605 380 1782 417 adaugetur,

264 445 292 466 et
319 437 424 473 quibus
441 457 451 472 ,
483 443 514 464 ut
538 435 683 464 cineribus
707 442 736 462 v.
764 440 815 468 g.‚
844 437 1000 459 extractum
1023 429 1103 458 humi
1128 429 1217 466 magis
1243 429 1368 458 solubile
1391 429 1453 458 fieri
1484 429 1623 460 diximus.
1675 431 1782 460 Probat

263 488 387 524 denique
407 486 599 522 experientia,
629 485 696 514 illos
720 491 802 519 agros
822 481 940 511 maxime
960 488 1024 509 esse
1044 479 1177 515 steriles,
1201 480 1251 516 qui
1279 482 1326 510 vel
1350 482 1470 509 multum
1500 480 1589 516 oxydi
1612 480 1682 510 ferri
1707 490 1778 512 con-

262 539 372 574 tinent,
395 539 441 567 vel
468 538 597 565 exhalant
625 533 834 571 hydrogenium
857 531 1029 561 sulfuratum
1045 550 1056 566 ,
1075 531 1231 567 quoniam,
1254 537 1286 559 ut
1307 529 1451 564 vidimus,
1473 537 1501 559 et
1520 531 1578 560 hoc
1605 538 1632 561 et
1653 533 1704 562 illo
1726 533 1779 562 hu·

261 590 298 619 mi
324 596 479 618 extractum
509 596 543 615 ex
572 588 646 622 aqua
674 585 828 622 deponitur
855 590 882 612 et
908 580 1065 611 insolubile
1097 581 1143 610 fit.
1184 581 1314 617 Verum,
1346 582 1424 617 quod
1451 581 1534 611 etiam
1559 583 1634 612 valet
1658 583 1692 611 de
1719 592 1781 613 om-

259 641 346 670 nibus
370 640 431 669 aliis
455 638 599 674 materiis,
632 646 702 674 quas
726 636 835 665 radices
860 636 1018 670 plantarum
1039 631 1215 667 absorbent,
1236 632 1292 660 hoc
1318 632 1397 660 humi
1424 640 1580 662 extractum
1605 635 1686 663 valde
1704 636 1781 671 aqua

258 691 433 720 dissolutum
454 698 519 719 esse
544 689 648 724 debet3
677 694 802 716 ceterum
835 685 909 714 enim
935 692 994 713 non
1018 682 1102 711 facile
1131 683 1302 712 absorbetur
1330 692 1425 720 neque
1450 683 1528 713 favet
1556 685 1688 721 planti53
1719 685 1777 715 imo

257 742 341 771 etiam
369 750 403 770 ex
426 739 628 777 experimentis
657 737 802 767 Saussurii
820 741 956 770 constat,
977 734 1139 770 plantarum
1166 733 1274 762 radices
1298 734 1367 770 plus
1385 743 1473 770 aquae
1496 735 1672 772 absorbere,
1693 745 1779 773 quam

258 793 384 821 materiei
408 801 497 828 aquae
524 792 634 820 solutae
655 790 735 828 (1).
776 788 833 817 Sed
852 788 924 815 hanc
953 793 1012 814 non
1040 786 1130 813 solam
1158 790 1285 820 praestat
1309 793 1383 820 aqua
1411 785 1586 822 utilitatem,
1615 794 1720 822 nempe
1746 793 1779 816 ut

257 851 365 873 ceteras
385 843 513 872 materies
536 842 690 879 praecipue
708 839 789 869 humi
810 844 965 868 extractum
994 836 1089 865 solvat
1111 842 1139 864 et
1158 836 1253 872 aptius
1273 836 1393 872 reddat,
1422 844 1454 865 ut
1470 837 1639 866 adhaustum
1665 839 1778 874 plantas

256 896 333 930 aiat,
354 903 452 923 verum
470 893 531 930 ipsa
557 901 600 922 est
618 901 682 921 cum
702 890 805 920 ceteris
829 888 974 926 egregium
999 893 1096 915 earum
1122 886 1272 924 pabulum.
1314 886 1386 916 Tam
1413 889 1503 917 multa
1534 895 1628 918 autem
1657 894 1726 918 sunt
1750 895 1780 921 et

261 945 453 981 experimenta
477 950 505 972 et
527 943 766 980 observationes,
798 950 870 977 quae
887 940 959 969 hanc
983 938 1107 975 probant
1132 939 1322 974 sententiam,
1344 945 1376 967 ut
1402 939 1437 967 de
1456 939 1542 977 huJus
1561 939 1682 970 veritate
1706 948 1780 969 nun·

260 1008 342 1035 quam
368 998 524 1027 dubitarint
548 996 687 1034 physici,
718 996 776 1024 imo
808 993 891 1023 multi
915 991 960 1021 his
989 991 1060 1020 adeo
1087 991 1117 1019 in
1145 998 1268 1019 errorem
1290 989 1369 1018 ducti
1388 990 1468 1026 sint,
1500 997 1532 1019 ut
1555 999 1658 1027 aquam
1682 991 1779 1025 solum

258 1058 320 1077 esse
347 1048 551 1078 nutrimentum
576 1047 742 1077 statuerint.
783 1045 824 1074 Et
844 1043 957 1079 quidem
983 1050 1073 1077 aquae
1101 1040 1309 1077 principiorum
1337 1041 1471 1076 copulam
1498 1040 1571 1077 ipsis
1596 1040 1701 1077 plantis
1719 1039 1778 1069 dis-

257 1100 358 1133 solvi,
395 1099 479 1127 multi
504 1100 563 1136 jam
587 1097 780 1135 conjiciebant
800 1114 811 1131 ,
841 1101 875 1122 ut
901 1091 1084 1121 Senebierius
1112 1091 1186 1129 (2)
1214 1099 1242 1120 et
1268 1090 1486 1127 Bet-tholletus,
1516 1092 1598 1128 cujus
1625 1091 1780 1121 auctorita-

256 1158 313 1179 tem
340 1149 495 1186 plurimum
527 1149 579 1178 hac
607 1148 636 1177 in
666 1156 695 1176 re
721 1149 818 1176 valere
844 1143 946 1174 scribit
978 1141 1163 1172 Saussurius.
1210 1141 1243 1169 Si
1271 1147 1365 1169 autem
1400 1141 1577 1170 attendamus
1606 1142 1643 1171 ad
1670 1141 1782 1179 experi-

260 1207 356 1229 menta
386 1195 502 1228 hae'de
526 1206 556 1226 re
579 1207 595 1226 a
623 1196 776 1227 Saussurio
803 1195 956 1227 instituta,
988 1191 1123 1220 videntur
1150 1192 1264 1228 plantae
1287 1191 1329 1220 sic
1348 1200 1450 1227 aquam
1470 1192 1647 1230 absorbere,
1667 1199 1700 1222 ut
1726 1193 1780 1222 hu-

257 1253 304 1289 jus
332 1256 438 1286 partem
468 1250 634 1284 destruant,
657 1247 778 1282 suisque
806 1245 936 1282 partibus
959 1244 1083 1281 J'ungant
1106 1243 1314 1280 hydrogenium
1335 1250 1364 1272 et
1387 1244 1559 1281 oxygenium
1582 1245 1659 1282 (3).
1699 1245 1778 1281 Idem

257 1302 432 1330 Schraderus
455 1301 541 1330 docet
557 1322 567 1333 ‚
598 1299 647 1335 qui
665 1320 688 1335 ,Δ
710 1298 846 1334 quoniam
875 1298 987 1333 plantae
1017 1296 1048 1324 in
1071 1301 1156 1323 azoto
1171 1314 1182 1330 ‚
1220 1294 1418 1333 hydrogenio,
1446 1297 1494 1324 vel
1517 1296 1598 1332 acido
1617 1295 1778 1333 *carbonico

257 1352 369 1388 positae
389 1358 479 1381 noctu
505 1351 635 1378 exhalant
658 1349 770 1378 acidum
790 1347 995 1382 carbouicum,
1028 1345 1170 1374 existimat
1194 1346 1315 1373 multum
1341 1345 1429 1383 hujus
1453 1347 1525 1378 acidi
1544 1346 1692 1381 sarbonici
1717 1346 1777 1375 for-

257 1403 327 1433 mari
351 1411 440 1439 aquae
467 1401 612 1437 oxygenio
630 1421 640 1436 ,
670 1409 741 1437 quae
771 1407 870 1430 contra
898 1406 983 1427 suum
1015 1395 1224 1433 hydrogenium
1255 1404 1320 1424 cum
1351 1398 1465 1433 plautae
1495 1397 1646 1434 principiis
1675 1400 1777 1435 junge-

255 1461 300 1482 ret
321 1453 400 1489 (4>·
1690 1476 1693 1477 γ
1739 1483 1741 1486 .

297 1505 430 1533 Summae
449 1502 537 1539 igitur
558 1508 603 1531 est
630 1510 702 1538 aqua
726 1501 858 1530 utilitatis
880 1501 937 1530 imo
958 1499 1138 1530 necessitatis
1160 1502 1320 1537 plantarum
1344 1500 1544 1537 incremento,
1568 1500 1703 1536 quoniam
1728 1507 1778 1528 ex·

254 1562 377 1584 tractum
405 1553 486 1582 humi
511 1553 635 1589 suscipit
667 1560 695 1581 et
720 1560 751 1581 ut
782 1552 888 1589 plantis
920 1551 1070 1581 sorbeatur
1100 1551 1190 1588 facit,
1218 1551 1296 1581 aliud
1320 1552 1400 1580 humi
1432 1558 1590 1584 extractum
1617 1551 1651 1580 ab
1682 1550 1778 1579 aleali-

259 1607 314 1634 bus
339 1605 462 1634 solubile
483 1603 608 1633 fertilius
635 1603 728 1632 reddit
744 1623 754 1638 ,
782 1604 907 1640 denique
939 1604 1074 1640 quoniam
1099 1604 1162 1641 ipsa
1188 1612 1233 1634 est
1257 1605 1362 1642 plantis
1386 1604 1535 1634 alimento.
1576 1604 1646 1634 Non
1679 1604 1778 1633 imme-

259 1657 315 1685 rito
339 1656 424 1692 igitur
440 1661 551 1685 veteres
573 1657 686 1684 coelum
714 1662 741 1684 et
765 1655 855 1685 aerem
875 1657 909 1685 ad
933 1656 1030 1685 fontes
1055 1655 1213 1688 fertilitatis
1237 1656 1380 1693 pertinere
1405 1656 1559 1691 dixerunt,
1582 1655 1692 1691 quippe
1714 1654 1779 1690 qui-

259 1708 312 1736 bus
337 1715 393 1743 ope
415 1708 531 1742 pluviae
558 1713 587 1734 et
615 1707 687 1734 roris
710 1715 785 1741 aqua
808 1706 892 1736 terris
924 1708 1079 1744 reddatur3
1111 1709 1161 1737 sed
1184 1708 1242 1737 illis
1272 1707 1373 1736 multis
1400 1707 1533 1736 fontibus
1549 1727 1561 1743 ‚
1597 1706 1646 1743 qui
1674 1713 1777 1742 aquam

257 1758 362 1796 plantis
391 1757 562 1793 praebeant,
593 1766 659 1786 sane
683 1758 788 1786 humus
813 1759 1020 1788 adnumeranda
1049 1766 1113 1794 est,
1143 1759 1226 1795 cujus
1253 1765 1352 1788 natura
1382 1758 1421 1786 ita
1453 1765 1499 1786 est
1522 1764 1682 1794 comparata
1699 1776 1710 1792 ‚
1745 1763 1777 1785 ut

258 1818 324 1847 prae
350 1808 483 1837 omnibus
506 1808 568 1837 aliis
592 1808 694 1845 terris,
718 1817 789 1845 quae
814 1810 845 1840 in
870 1812 933 1841 solo
955 1819 1047 1849 sunt,
1069 1812 1216 1842 maximam
1241 1811 1343 1840 habeat
1371 1818 1399 1839 et
1418 1819 1507 1847 aquae
1534 1809 1728 1839 absorbendae
1747 1815 1775 1836 et

1735 1866 1776 1889 te-

292 1940 355 1974 (1)
374 1939 433 1966 vid.
452 1940 571 1966 Saussute
589 1940 608 1965 l.
625 1941 642 1967 1.
667 1948 695 1973 p.
713 1948 763 1973 247
788 1949 816 1968 et
837 1950 911 1977 seqq.

291 1989 357 2023 (α)
376 1986 435 2012 Vid.
454 1987 578 2012 Senebier
596 1987 613 2013 1.
632 1988 650 2013 1.
673 1995 702 2019 p.
721 1988 771 2017 i96
797 1995 823 2014 et
844 1997 918 2024 seqq.

293 2033 310 2068 (
324 2033 355 2067 3)
377 2033 436 2059 Vid.
457 2032 577 2057 Saussure
598 2033 614 2059 l.
634 2034 651 2059 l.
676 2040 705 2065 p.
723 2041 782 2067 237.

292 2079 361 2115 (4)
379 2079 439 2105 Vid.
458 2078 579 2105 Schrader
596 2079 613 2105 i.
631 2079 649 2105 1.
675 2087 706 2112 p.
721 2086 770 2114 317
790 2087 814 2107 et
833 2082 894 2115 318.
