1919 2511
285 214 324 243 44
586 199 784 232 PETRI
840 195 1195 228 ABRAHAMI
1251 195 1496 233 JELTES

286 286 383 324 specie
405 285 526 316 diversis
544 284 705 322 expositis,
725 282 854 318 loquitur
876 281 909 309 de
931 278 1089 316 prophaSI,
1112 285 1139 307 et
1157 278 1326 308 restituendi
1342 280 1427 308 modo
1448 279 1548 319 (42).
1591 279 1687 309 Primo
1709 279 1792 309 etiam

287 339 334 367 hic
359 339 470 367 Auctor
490 338 523 365 de
549 336 676 372 auxilio,
698 334 776 370 quod
799 341 899 361 manus
922 330 1022 359 afferre
1042 338 1166 367 possunt
1184 331 1213 359 in
1240 331 1351 359 humeri
1375 331 1563 366 extensione,
1591 330 1743 366 loquitur,
1766 337 1794 359 et

286 390 412 419 mantilis
437 397 519 417 usum
548 388 662 421 laudat,
683 384 792 422 aegroti
815 384 925 411 axillam
952 381 1124 416 subeuntis,
1153 389 1181 410 et
1205 382 1283 410 nodo
1312 383 1342 411 in
1373 383 1499 419 chirurgi
1523 383 1634 411 cervice
1660 382 1794 411 connexi.

286 441 361 472 Dein
384 447 474 469 autem
488 459 498 474 2
520 447 583 467 cum
610 445 726 473 quoque
749 436 819 464 hanc
845 432 1014 462 restituendi
1040 433 1157 461 modum
1183 442 1242 462 non
1265 443 1377 470 semper
1400 434 1584 462 sufficientem
1600 433 1634 462 'in
1654 432 1796 461 diffieilio-

284 493 309 521 ri
331 500 399 520 casu
420 495 555 524 censeat,
577 487 778 517 deficientibus
797 486 832 514 ad
850 484 1044 513 extensionem
1068 483 1200 520 viribus,
1222 493 1359 514 memorat
1384 487 1515 520 laqueum
1538 486 1655 512 humero
1677 482 1797 519 imposi-

285 551 365 579 tum,
385 543 446 572 sive
469 541 615 577 cingulum
641 538 801 568 coriaceum
829 535 946 564 Hildani
966 534 1073 573 (43),
1103 543 1229 570 quocum
1255 545 1394 564 uncorum
1424 534 1479 572 Ope
1506 535 1582 563 funis
1606 534 1792 571 adjtmgitur‚
1833 564 1836 568 ,

286 605 345 632 quo
372 594 497 631 plurium
522 591 669 620 hominum
696 589 740 618 vis
764 588 799 617 ad
826 587 1020 616 extensionem
1048 585 1162 614 institui
1189 594 1290 623 posset
1312 588 1409 627 (44).
1449 587 1480 615 Si
1506 595 1575 615 vero
1602 593 1629 614 et
1653 586 1708 614 hoc
1734 594 1793 614 non

284 647 405 676 sufficiat
431 645 672 677 instrumentum,
695 638 918 676 confugiendum
944 646 1006 667 esse
1025 644 1122 667 monet
1138 638 1174 666 ad
1197 638 1383 675 Polyspastas
1406 637 1513 675 (45),
1535 646 1585 673 per
1611 645 1685 672 quos
1702 636 1796 665 mino-r

282 698 328 727 vis
348 698 520 734 majorem⁰
504 716 521 731 ὃ
524 695 620 731 ignere
641 699 737 729 potest
759 693 857 729 (46).

321 749 479 777 Prudenter
497 752 589 774 tamen
613 750 709 772 mouet
736 743 868 776 Auctor,
888 741 1042 770 curandum
1065 749 1148 775 esse,
1170 749 1205 769 ne
1227 747 1345 776 propter
1370 740 1484 770 nimiam
1507 741 1553 769 vel
1577 739 1606 769 in
1628 739 1795 769 extensione

281 801 329 828 vel
354 798 384 827 in
409 796 595 825 restitutione
619 792 805 827 violentiam,
828 792 875 821 vel
901 792 1045 827 musculi,
1074 793 1176 827 nervi,
1203 801 1312 827 venae,
1339 798 1424 827 atque
1449 792 1586 827 arteriae,
1616 793 1663 820 vel
1683 798 1711 820 et
1732 791 1796 827 ipsa

282 860 348 879 ossa
370 849 566 882 collidantur,
585 847 631 874 vel
650 844 887 881 disrumpantur,
909 852 961 873 nec
988 843 1059 873 illud
1075 843 1289 879 omittendum,
1313 843 1391 878 quod
1413 850 1495 871 caute
1517 843 1707 878 aequabiliter
1730 843 1794 871 bra·

281 903 378 931 chium
405 899 570 929 extendatur
591 903 608 933 t
618 896 695 934 47).

794 975 825 1012 §-
846 981 877 1011 5.
914 974 950 1012 J.
980 972 1022 1003 L.
1050 973 1130 1003 Petit
1156 975 1289 1013 (ιγ-μ),

319 1055 506 1090 Praemissis,
529 1061 600 1090 quas
623 1051 798 1082 necessarias
825 1057 907 1087 putat
923 1051 957 1079 ad
977 1052 1104 1079 luxatum
1129 1052 1277 1080 humerum
1297 1057 1362 1087 apte
1382 1051 1577 1087 reponendum
1590 1071 1601 1087 ,
1622 1052 1796 1081 Instrumen—

279 1108 302 1137 ti
328 1107 574 1144 proprietatibus,
596 1104 737 1141 proponit
759 1102 870 1132 Petitus
888 1103 1131 1138 instrumentum,
1153 1101 1182 1131 in
1203 1111 1261 1137 quo
1291 1102 1343 1130 hae
1365 1111 1463 1131 omnes
1484 1102 1676 1138 reperirentur
1695 1103 1756 1138 (48
1767 1107 1793 1139 >-

279 1159 414 1188 Locutus
431 1165 522 1187 autem
542 1157 576 1185 de
589 1157 823 1192 polyspastorum
847 1162 902 1182 usu
921 1153 949 1181 in
968 1153 1078 1181 humeri
1094 1153 1183 1182 luxati
1201 1154 1404 1188 restitutione,
1424 1163 1527 1182 novam
1549 1153 1667 1190 exponit
1682 1154 1795 1182 Auctor

277 1210 454 1244 machinam,
468 1210 551 1246 cujus
567 1206 723 1242 descriptio
735 1225 746 1241 ,
758 1206 823 1233 fuse
839 1204 873 1233 ab
892 1205 943 1233 illo
958 1204 1081 1239 tradita,
1091 1204 1146 1232 huc
1163 1205 1235 1233 redit
1246 1205 1337 1241 (49)·
1358 1211 1473 1233 constat
1485 1214 1500 1232 e
1519 1205 1630 1233 duabus
1641 1204 1788 1241 partibus·
1779 1226 1790 1241 ,

277 1270 334 1290 una
348 1261 452 1289 dicitur
464 1267 581 1298 corpus,
598 1260 683 1288 altera
699 1259 787 1286 rami.
814 1243 932 1293 Corpus
948 1255 1130 1284 constituunt
1142 1256 1199 1283 duo
1212 1255 1310 1292 tigna,
1333 1255 1407 1284 duos
1428 1256 1514 1292 pedes
1532 1262 1560 1284 et
1580 1256 1710 1285 undecim
1726 1256 1792 1293 Ρο1

276 1312 346 1341 lices
362 1313 466 1348 longa,
484 1312 556 1339 duos
570 1310 690 1346 pollices
714 1311 769 1338 lata
788 1315 815 1336 et
831 1307 992 1336 octodecim
1009 1307 1098 1336 lineas
1116 1316 1227 1342 crassa,
1247 1316 1318 1343 quae
1328 1314 1404 1344 ti‘rna
1421 1309 1554 1344 parallela
1568 1308 1682 1337 duobus
1702 1315 1795 1338 trans·

272 1365 368 1394 versis
382 1365 617 1401 conjunguntur,
640 1369 667 1391 et
684 1371 699 1391 a
718 1370 750 1391 se
766 1361 890 1390 iiivicem
907 1359 1030 1388 sedecim
1049 1359 1138 1388 lineas
1155 1358 1274 1387 distant.
1315 1359 1499 1388 Intermediae
1517 1366 1609 1388 autem
1635 1366 1703 1389 sunt
1724 1359 1796 1389 duae

277 1417 458 1450 trabeculae,
480 1423 550 1450 quae
561 1434 571 1449 ‚
593 1413 691 1442 tertiae
714 1421 769 1449 ope
790 1412 907 1440 firmiter
923 1419 1087 1447 connexae,
1107 1412 1187 1448 juxta
1204 1410 1283 1447 tigna
1300 1411 1430 1448 longiora
1447 1411 1554 1440 moveri
1564 1418 1706 1448 possunt,
1726 1421 1793 1441 cum

274 1467 418 1496 trochleae
434 1465 553 1494 mobiles
572 1464 612 1492 ibi
628 1463 738 1498 adsint,
764 1462 832 1491 fune
851 1471 904 1491 suo
922 1462 1097 1496 instructae,
1121 1462 1170 1497 qui
1188 1462 1296 1490 circum
1314 1462 1474 1498 cylindrum
1494 1462 1626 1497 firmum,
1648 1464 1732 1500 eujus
1747 1462 1794 1493 axi

274 1517 397 1547 adfixum
408 1523 451 1545 est
465 1515 644 1544 manubrium
661 1513 817 1548 versabile,
829 1512 957 1542 volvitur
973 1519 1000 1540 et
1015 1511 1143 1541 tenditur
1154 1533 1164 1548 ,
1178 1512 1216 1541 ita
1233 1520 1264 1541 ut
1273 1513 1307 1541 ad
1318 1515 1437 1541 alterum
1456 1513 1600 1542 machinae
1613 1520 1768 1543 extremum
1779 1534 1791 1551 ‚

276 1568 358 1598 basin
368 1568 491 1604 scilicet,
506 1567 667 1596 trabeculae
680 1567 745 1595 illae
759 1566 942 1595 intermediae
955 1564 1101 1594 trahantur
1111 1585 1120 1600 ,
1131 1564 1276 1599 simulque
1284 1565 1419 1593 humerus
1429 1584 1440 1600 ,
1455 1564 1595 1601 singulari
1603 1565 1712 1594 habena
1724 1573 1789 1594 cum

1758 1623 1794 1644 ns

315 1701 396 1736 (42)
422 1703 497 1729 Laut.
516 1701 602 1728 Heist.
622 1701 714 1728 Heellr.
732 1700 846 1727 onderw.
865 1699 929 1725 door
956 1698 990 1724 H.
1010 1705 1058 1723 van
1076 1698 1195 1723 Ulhoorn
1222 1703 1233 1723 1
1247 1697 1316 1724 decl.
1339 1704 1356 1730 7
1375 1696 1498 1723 Hoofdst.
1523 1706 1550 1730 p.
1564 1705 1613 1730 279
1631 1703 1688 1730 seq.
1706 1697 1790 1724 Amst.

282 1757 292 1777 ι
334 1757 358 1776 1.
393 1757 430 1776 to.

297 1757 390 1830 Ἕω)
414 1797 431 1821 l.
450 1803 474 1822 c.
496 1803 523 1827 p.
540 1801 601 1825 233.
625 1793 699 1819 conf.
723 1793 775 1819 tab.
792 1792 818 1818 6.
845 1791 887 1824 fig.
908 1799 948 1825 17.
968 1792 1099 1817 Scultetus
1116 1791 1240 1824 Wapenh.
1258 1797 1312 1816 cet.
1337 1790 1388 1816 tab.
1407 1798 1450 1824 24.
1474 1790 1495 1818 f.
1513 1799 1539 1817 2.

275 1870 277 1874 ,
316 1841 396 1876 (44)
424 1844 534 1868 Heister.
560 1842 578 1868 l.
598 1848 623 1868 c.
648 1849 675 1873 p.
693 1841 756 1868 281.

315 1889 398 1923 (45)
425 1890 442 1913 l·
462 1896 488 1914 c.
513 1889 564 1915 tab.
582 1888 628 1913 cit.
655 1886 699 1918 fig.
721 1885 759 1912 18.
777 1884 915 1916 descriptio
934 1884 1014 1911 datur.
1038 1893 1066 1917 p.
1083 1891 1142 1916 233.

313 1935 395 1970 (46)
419 1936 449 1961 Iu
466 1935 624 1968 polyspastis
645 1934 688 1958 erit
705 1933 817 1965 potentia
834 1933 864 1957 ad
884 1932 1067 1962 resistentiam,
1086 1933 1125 1956 uti
1144 1931 1228 1955 unitas
1249 1929 1279 1955 ad
1303 1935 1432 1955 numerum
1449 1930 1562 1960 funium,
1580 1936 1593 1954 a
1607 1929 1697 1961 quibus
1713 1930 1787 1956 resis-

280 1984 357 2009 tentia
377 1982 520 2016 dependet,
540 1981 592 2006 sive
610 1981 652 2010 qui
672 1979 832 2004 resistentiae
856 1978 975 2012 pondere
999 1979 1147 2005 tenduntur.
1173 1978 1200 2005 S.
1220 1977 1245 2004 S.
1263 1985 1289 2003 v.
1307 1976 1332 2003 d.
1351 1976 1421 2009 Eyk.
1442 1976 1502 2003 lust.
1521 1976 1600 2007 Phys.
1627 1976 1648 2006 §.
1663 1982 1724 2007 433·

314 2029 392 2063 (47)
418 2029 527 2053 ileister.
552 2028 570 2052 1.
590 2034 613 2050 c.
641 2033 667 2057 p.
686 2026 742 2051 282.

276 2084 279 2097 l
312 2074 395 2108 (48)
424 2075 491 2100 Petit
509 2073 595 2098 Traite
615 2072 660 2096 des
679 2071 769 2097 malad.
797 2078 816 2098 t.
838 2077 860 2098 1.
884 2079 911 2103 p-
932 2078 990 2104 191.
1019 2071 1096 2098 Paris·
1117 2078 1190 2106 1741.

312 2120 393 2155 (49)
421 2122 438 2147 l.
457 2128 482 2147 c.
509 2128 536 2152 p.
558 2119 599 2150 198
614 2123 721 2148 —213.
750 2118 822 2145 conf.
843 2117 917 2150 ⁴Bell.
942 2126 956 2143 a
981 2123 1046 2150 syst,
1070 2117 1103 2143 of
1125 2125 1191 2150 surg.
1218 2117 1272 2143 vol.
1291 2117 1316 2143 6.
1342 2117 1410 2148 plate
1428 2117 1471 2151 76.
1498 2116 1542 2148 fig.
1561 2124 1575 2142 2
1592 2117 1618 2139 et
1635 2118 1662 2145 3.
1695 2113 1790 2142 Edinb.

281 2168 353 2200 1788.
372 2168 432 2193 8v0.
