1919 2511
274 139 313 160 22
559 127 848 168 JOANNIS
909 127 1220 159 HERMANI
1279 126 1503 158 KROON

315 212 392 241 Eam
411 213 499 248 joras
517 209 624 242 Deam.
665 213 848 249 Exquisitius
877 219 904 241 et
923 213 957 242 ad
976 212 1151 249 optimorum
1179 211 1352 248 scriptorum
1376 213 1537 249 exemplum
1557 211 1663 241 dictum
1678 213 1788 250 jurare

275 264 367 293 Deam
390 266 504 300 active,
527 265 605 301 quod
625 266 713 301 vulgo
740 265 845 293 dicitur
857 264 966 301 jurare
981 272 1033 303 per
1051 264 1158 293 Deam.
1200 265 1243 292 Ita
1261 263 1372 293 Catuli.
1396 264 1496 293 Carm.
1512 262 1609 294 LXV.
1631 272 1677 294 vs.
1695 274 1748 302 40.

601 316 719 352 Adjoro
736 322 819 355 teque
837 323 975 354 tuumque
997 321 1098 353 caput.

276 377 336 405 quo
353 370 419 397 loco
441 368 647 399 Callimachum
666 370 811 399 imitatur:
844 370 900 403 Σήν
916 381 947 399 τε
965 369 1048 404 κώμην
1064 369 1179 404 ὤμου-οι,
1202 365 1246 396 σόν
1262 378 1294 396 ’τε
1313 366 1388 402 βίον·
1408 365 1469 395 vid.
1489 366 1604 403 Fragm.
1625 375 1640 395 a
1656 365 1788 404 Bentlejo

276 422 346 449 coll.
379 428 433 456 pag
448 427 519 457 435⁶.
562 420 666 449 Cicero
693 420 763 449 Lib.
788 420 859 450 V11.
889 420 975 456 epist.
999 428 1030 448 12
1056 420 1090 448 ad
1118 418 1220 447 Famil.
1268 437 1286 453 „
1307 416 1445 454 Quomodo
1469 424 1564 445 autem
1590 417 1643 446 tibi
1667 416 1792 456 placebit

279 493 298 506 ,,
315 470 414 508 jovem
443 470 565 508 lapidem
578 470 706 508 jurare,
726 481 789 500 cum
815 474 907 507 scias,
937 472 1036 509 Jovem
1060 472 1172 498 iratum
1198 478 1253 497 esse
1277 469 1383 496 nemini
1411 467 1538 506 posse?”
1569 468 1643 497 Satis
1670 469 1791 505 amplam

276 523 472 559 exemplorum
493 522 606 559 copiam
625 523 732 552 dabunt
752 523 884 552 Broukh.
912 523 948 552 ad
969 523 1042 552 illud
1061 522 1175 552 Tibulli
1194 522 1264 551 Lib.
1284 521 1336 552 Ν.
1358 522 1433 557 eleg.
1458 529 1503 558 13.
1525 530 1571 551 VS.
1593 527 1639 556 15.

606 576 686 603 Haec
705 576 760 604 ubi
777 582 881 605 sancta
897 581 966 603 tuae
982 574 1112 610 Jamonis
1131 575 1253 602 numina
1269 571 1357 607 juro.

279 630 306 653 et
326 624 474 655 Drakenb.
493 626 527 655 ad
546 625 620 655 illud
646 627 709 655 Silii
734 627 796 656 Ital.
821 626 891 656 Lib.
913 626 995 655 V111.
1025 635 1069 655 vs.
1090 633 1146 662 105
1177 645 1195 661 ,,
1210 624 1341 654 tellurem
1359 623 1433 653 hanc
1442 623 1550 660 juro.'’

314 675 498 714 Digaosccre.
538 678 667 707 Verbum
694 686 767 715 puto
794 679 825 709 h.
856 680 880 708 l.
906 678 1001 707 minus
1027 677 1194 714 appositum
1220 684 1276 712 pro
1306 674 1437 711 simplice
1461 683 1593 712 noscere,
1614 684 1791 714 cognoscere,

275 728 453 765 i.·2telligcre‚·
476 735 556 758 notat
581 730 654 759 enim
681 730 797 767 proprie
821 739 867 759 res
891 729 1018 761 diversas
1034 730 1200 768 cognitione
1221 737 1388 764 secernere,
1409 735 1442 757 ut
1459 729 1535 765 apud
1553 729 1656 758 Horat.
1677 729 1747 758 Lib.
1764 729 1790 758 1.

276 778 365 813 epist.
394 787 441 815 15.
465 787 511 808 vs,
532 788 578 816 29.
611 801 630 815 ,,
652 790 737 810 curvo
761 780 920 819 dignoscere
946 783 1085 812 καίων’
1114 789 1142 811 et
1177 780 1266 810 Ovid.
1293 779 1413 809 Metam.
1444 778 1515 809 Lib.
1541 780 1630 809 Xln.
1656 788 1703 810 vs.
1723 779 1792 817 835.

605 831 689 860 Inter
707 840 736 860 se
756 833 880 869 similes,
902 834 954 864 vix
975 840 1007 863 ut
1025 834 1192 873 dignoscere
1202 833 1304 871 possis.

276 888 371 915 neque
390 880 446 909 alio
464 889 571 917 sensu,
595 882 673 918 quod
692 882 798 919 sciam,
821 886 962 914 occurrit.

316 931 468 969 Torqaere.
510 933 557 962 Ne
583 934 703 962 verbum
731 934 787 963 hoc
813 936 848 964 de
874 936 1010 973 prudenti
1032 936 1096 966 viro
1123 934 1266 965 invidiose
1292 934 1419 971 positum
1440 934 1588 969 videatur,
1616 941 1796 970 apponemus

274 985 372 1012 locum
398 983 498 1014 Cicer.
524 984 559 1012 de
589 986 704 1014 Invent.
739 985 808 1017 Lib.
833 986 857 1016 I.
895 996 960 1024 cap.
987 995 1039 1017 21.
1067 987 1117 1016 ubi
1137 986 1268 1017 similiter
1293 995 1353 1015 non
1378 985 1408 1016 in
1429 987 1528 1014 malam
1548 994 1668 1022 prorsus
1686 991 1795 1022 partem

274 1041 441 1071 usurpatur.
481 1035 581 1072 Agens
605 1036 678 1064 enim
695 1036 734 1065 ibi
751 1038 786 1066 de
803 1047 903 1067 causae
923 1040 1106 1075 expositione
1130 1046 1248 1074 monet,
1269 1047 1306 1068 ne
1326 1038 1397 1074 quid
1411 1037 1440 1066 in
1457 1037 1505 1066 illa
1522 1038 1645 1066 obscure
1661 1044 1689 1066 et
1705 1037 1798 1074 negli-

274 1094 376 1122 genter
400 1087 529 1123 dicatur,
551 1087 686 1123 additque
717 1108 735 1123 ‚‚
754 1098 866 1126 quare,
888 1097 921 1118 ut
944 1090 994 1118 hoc
1014 1091 1117 1119 vitium
1140 1091 1266 1124 vitetur,
1292 1090 1387 1120 omnia
1409 1087 1568 1126 torquenda
1585 1094 1652 1118 sunt
1668 1087 1710 1117 ad
1725 1097 1797 1119 com·

279 1156 298 1172 ,‚
317 1138 427 1167 modom
449 1147 516 1167 suae
535 1137 671 1167 causae-’⁹
711 1139 804 1169 Conf.
825 1141 909 1170 etiarn
928 1141 981 1176 Or.
1007 1150 1072 1178 cap.
1095 1142 1142 1174 16.

987 1246 1100 1257 —.

688 1322 996 1353 FABULA
1072 1321 1391 1355 DECIMA.

810 1419 984 1444 svaEx,
1035 1418 1088 1438 ET
1137 1418 1270 1438 MORS·

570 1496 733 1533 Lignatum
755 1505 881 1535 egressus
901 1495 1042 1524 nemorosi
1061 1494 1103 1523 ad
1119 1496 1247 1525 culmina
1267 1496 1370 1524 montis

566 1546 699 1582 Confecto
719 1547 768 1575 sab
782 1547 867 1583 fasce
887 1556 972 1575 senex
991 1555 1019 1574 se
1038 1554 1066 1574 se
1085 1547 1154 1576 inde
1166 1548 1307 1584 ferebat:

569 1597 725 1636 Quumque
745 1599 844 1628 labore
864 1599 948 1634 viae,
969 1604 1060 1636 atque
1080 1599 1189 1633 injusto
1204 1599 1332 1639 pondere
1348 1605 1465 1637 pressus

567 1650 727 1686 Abjeet'sset
747 1661 814 1680 onus
831 1672 842 1687 ,
863 1652 928 1681 solis
949 1651 1103 1688 deprensus
1122 1652 1156 1680 in
1176 1653 1259 1680 arvis

571 1701 699 1730 Illortem
720 1704 919 1740 implorabat,
941 1709 1063 1731 mortem
1083 1710 1167 1741 saepe
1186 1712 1236 1731 ore
1253 1702 1360 1731 ciebat.

570 1751 649 1781 Eece
669 1760 765 1782 autem
786 1756 852 1783 huie
871 1755 956 1783 dt'rae
976 1755 1079 1792 species
1098 1762 1127 1781 se
1141 1753 1261 1791 pallida
1283 1753 1385 1781 mortis

574 1803 689 1832 Obtulit
701 1825 710 1840 .,
733 1811 779 1840 et,
800 1807 824 1833 si
844 1805 918 1843 quid
935 1806 1042 1841 vellet,
1058 1811 1177 1843 praesto
1197 1814 1253 1833 esse
1267 1805 1401 1843 professa
1421 1809 1482 1840 est,

572 1852 628 1883 Ille
648 1862 724 1884 metu
744 1855 871 1892 sudans,
893 1862 979 1895 atque
998 1859 1032 1886 in
1051 1856 1208 1885 contraria
1227 1864 1326 1886 versus

544 1921 546 1923 >
572 1905 669 1944 Vota5
683 1908 763 1944 juva
783 1917 845 1944 me,
865 1909 983 1946 inquit,
1004 1914 1085 1946 tergo
1105 1909 1181 1938 hunc
1200 1909 1350 1947 imponere
1364 1907 1495 1944 fascem.

576 2006 671 2037 Multi
687 2009 833 2039 absentem
854 2010 963 2040 audent
982 2017 1100 2040 mortem
1120 2017 1315 2046 contemnere,
1336 2006 1420 2048 quae'
1432 2019 1497 2039 mox

573 2057 676 2088 Terret
697 2069 761 2097 eos,
782 2063 857 2091 voris
876 2069 1098 2100 repraesentata
1116 2063 1247 2102 periclis.

323 2107 439 2145 Senex,
461 2115 488 2138 et
508 2108 602 2141 Mors.
644 2111 752 2143 Fabula
773 2113 819 2142 bis
839 2121 931 2144 exstat
947 2115 977 2145 in
998 2115 1115 2152 antiqua
1134 2113 1342 2152 Aesopicarum
1364 2112 1538 2143 collectione
1554 2111 1615 2143 No.
1632 2119 1671 2140 20
1692 2116 1719 2140 et
1735 2109 1801 2146 146.

1735 2170 1803 2193 Item
