1919 2511
403 111 631 146 RESPONSIO
659 118 703 141 AD
732 105 1040 149 QUAESTIONEM
1068 103 1347 137 LITERARIAM.
1595 111 1631 139 59

310 294 569 336 FAIQULA
624 288 1167 335 QUADRAGEsnviA
1225 284 1447 317 SEXTA.

677 390 786 411 1³10A
839 388 890 408 ET
943 387 1070 406 Aves.

412 467 551 497 Cuculum
571 467 662 506 opacis
673 466 827 504 frondium
849 465 956 495 umbris
976 460 1107 492 abditum

408 517 523 548 Intuita
541 519 616 548 limis
629 520 719 558 pica,
740 524 768 547 et
786 518 950 556 accipitrem
970 519 1062 548 rata,

409 570 504 599 Aeria
521 570 608 599 celeri
623 570 719 608 spatia
733 567 874 597 tranabat
885 566 986 603 fuga,

413 618 507 656 Quam
526 621 716 657 conspicatae,
737 627 810 657 quae
829 616 1010 652 assidebant,
1031 614 1134 648 alites,

413 668 528 698 Vanum
548 670 627 698 illius
646 677 804 706 terrorem,
826 676 854 698 et
874 670 986 698 insanos
1005 670 1093 692 metus

410 718 529 758 Coepere
547 720 668 757 salibus,
690 728 776 754 atqve
794 722 858 744 rim
872 716 1025 752 prosequi:

413 769 521 807 Quibus
540 771 615 804 illa,
637 776 685 804 ego
705 765 831 795 riderier
848 764 943 801 vobis,
965 765 1010 793 ait

417 820 499 849 Malo
510 839 521 855 ‚
543 827 629 856 quam
649 818 748 846 amicis
766 826 801 846 ac
814 817 983 856 propinquis
996 814 1111 851 flerier.

417 919 526 949 Fertur
537 918 659 958 facilius
678 917 754 957 quod
765 917 874 957 pudet,
896 925 982 955 quam
1002 913 1079 954 quod
1093 912 1182 951 piget.

166 1021 237 1049 Pica
263 1026 290 1049 et
316 1020 403 1049 Aves.
443 1019 523 1049 Haec
558 1019 655 1049 fabula
691 1018 826 1057 propriae
854 1017 967 1047 videtur
996 1012 1199 1046 inventionis,
1229 1017 1261 1039 ac
1287 1008 1461 1038 documento
1487 1010 1550 1040 est,
1578 1002 1647 1040 quid

131 1077 275 1109 praestare
303 1070 332 1099 in
355 1071 412 1099 hoc
435 1078 538 1107 genere
560 1070 645 1106 poeta
670 1070 834 1106 potuisset,
856 1068 881 1097 si
903 1075 968 1097 suas
993 1065 1087 1101 ipsius
1107 1062 1217 1092 fabulas
1242 1060 1308 1090 dare
1333 1057 1486 1089 voluisset.

168 1122 280 1151 Intuita
300 1121 375 1150 limis
392 1122 469 1159 pica.
510 1119 630 1150 Terent.
651 1120 792 1149 Eunuch.
814 1119 881 1149 Act.
902 1117 960 1147 ΙΙΙ.
983 1116 1033 1144 Sc.
1049 1121 1079 1151 5.
1100 1121 1150 1143 vs.
1167 1120 1219 1149 53.

415 1171 530 1200 Interea
551 1179 661 1200 somnus
680 1172 821 1207 virginem
844 1167 1004 1207 opprimit:
1023 1173 1071 1202 ego
1091 1164 1166 1193 limis
1185 1166 1273 1200 specto

416 1222 464 1250 Sic
481 1229 534 1259 per
547 1221 693 1258 flabellum
712 1219 887 1250 clanculum.

131 1274 183 1303 ubi
208 1275 305 1309 limis,
333 1279 451 1303 notante
474 1272 614 1307 Donato,
635 1277 734 1308 potest
756 1278 819 1299 esse
841 1270 888 1299 vel
905 1267 1058 1298 Nominat.
1084 1265 1167 1302 Sing.
1188 1265 1236 1294 vel
1260 1261 1360 1294 Ablat.
1389 1261 1489 1297 plui-‚3
1510 1258 1647 1289 subintel·

133 1327 211 1354 lecto
231 1325 326 1353 oculis.

173 1375 267 1404 Aeria
285 1375 370 1404 celeri
389 1375 483 1413 spatia
502 1374 642 1404 tranabat
654 1372 745 1411 faga.
786 1371 872 1409 Virg.
892 1369 965 1401 Lib.
982 1368 1039 1399 VI.
1059 1368 1135 1399 Aen.
1156 1375 1202 1398 vs·
1217 1372 1286 1404 245.

420 1425 479 1454 Illa
491 1425 589 1461 fretus
610 1426 673 1462 agit
691 1430 783 1454 ventos
803 1429 831 1452 et
851 1420 970 1451 turbida
990 1427 1098 1450 tranat

430 1475 556 1505 Nubila.

175 1528 284 1557 Fertur
301 1526 424 1564 facilius
448 1532 507 1556 cet.
547 1524 667 1562 Optime
694 1524 847 1555 discrimen
873 1524 1009 1555 observat
1035 1523 1109 1554 inter
1133 1520 1221 1552 verba
1242 1518 1350 1559 pudere
1372 1524 1400 1546 et
1421 1516 1539 1555 pigere:
1569 1512 1648 1548 prius

102 1592 105 1595 ⁴
137 1580 211 1610 enim
234 1580 268 1607 ad
290 1578 435 1613 dedecus,
457 1576 605 1613 posterius
633 1577 669 1605 ad
691 1577 825 1606 damnum
850 1583 879 1606 et
898 1577 1025 1606 dolorem
1053 1574 1198 1610 refertur;
1224 1571 1284 1602 vid.
1312 1569 1446 1601 Gronov.
1468 1567 1502 1595 ad
1525 1564 1659 1593 Senecae-

137 1632 287 1666 Agamem.
312 1637 358 1660 vs.
375 1629 440 1658 162.
479 1627 615 1656 Faciebat
635 1633 729 1656 autem
755 1628 826 1658 haee
850 1627 916 1664 pica
937 1635 1004 1656 cum
1025 1626 1060 1656 P.
1077 1625 1151 1663 Syro
1175 1632 1221 1654 vs.
1242 1631 1309 1653 ιη.

423 1677 511 1708 Caret
527 1678 655 1716 periculo
674 1679 745 1716 qui,
765 1679 852 1708 etiam
873 1686 959 1716 quum
978 1682 1020 1707 est
1040 1681 1141 1713 tutus,
1160 1680 1254 1705 cavet.

138 1740 200 1762 nam
222 1738 253 1760 ut
273 1731 344 1761 ibid.
366 1735 430 1766 est,
451 1737 498 1758 vs.
519 1737 587 1765 119.

425 1779 516 1810 Citius
534 1781 613 1810 venit
626 1781 786 1821 periculum
805 1789 869 1810 cum
888 1779 1089 1810 contemnitur.

138 1839 167 1863 et
197 1841 245 1863 vs,
277 1834 340 1863 116.

427 1882 554 1914 Cavenda·
572 1883 655 1912 nulla
674 1888 716 1912 est
733 1881 908 1912 dimittenda
927 1882 1044 1911 occasio.

141 1934 255 1966 Festive
275 1943 379 1966 servus
398 1934 448 1967 ille
464 1933 617 1964 Plautinus
636 1933 667 1963 in
684 1933 767 1964 Pers.
787 1935 857 1964 Act.
872 1933 930 1963 ΙΙΙ.
951 1932 1001 1962 Sc.
1022 1937 1050 1960 1.

432 1986 528 2015 Herus
548 1986 572 2014 si
592 1985 719 2014 minatus
739 1990 780 2014 est
798 1985 907 2014 malum
927 1991 1003 2013 servo
1023 1990 1070 2010 suo

432 2037 556 2067 Tametsi
574 2035 608 2066 id
617 2037 757 2075 futurum
776 2045 831 2066 non
848 2040 888 2065 est
908 2033 957 2063 ubi
974 2038 1090 2072 captum
1110 2029 1146 2059 ’st
1160 2029 1309 2068 flagrum,
1579 2070 1609 2099 D

911 2085 941 2115 H
962 2094 981 2115 2
1611 2078 1657 2098 um
