1919 2511
356 117 397 138 20
682 99 1015 135 GIDEONIS
1070 99 1220 138 JANI
1277 103 1549 134 VERDAM

361 190 550 229 companatio,-
570 188 620 217 sed
643 194 839 224 praeterquam
864 186 943 223 quod
959 185 1028 214 haec
1052 183 1206 215 methodus
1229 186 1278 216 htc
1302 186 1429 216 adhiberi
1449 190 1592 222 nequeat,
1613 183 1729 221 longior
1750 190 1779 213 et
1804 193 1865 215 mo-

360 242 462 272 lestior
475 242 544 270 mihi
559 241 692 277 videtur,
715 248 798 276 quam
818 248 890 275 quae
906 239 1078 276 applicetur.

402 303 448 331 23.
479 293 552 322 Cum
575 294 631 330 jam
656 300 671 320 a
697 289 848 327 proposito
881 290 1088 324 decessissem,
1117 288 1213 317 denuo
1237 288 1363 317 virorum
1387 288 1544 318 Illustrium
1573 286 1664 316 libros
1693 286 1866 324 perscrutati

363 345 473 373 animus
489 351 565 372 erat:
586 343 720 372 consului
739 342 846 378 igitur,
863 342 896 369 de
910 349 976 369 casu
993 339 1153 376 praesenti,
1172 340 1229 368 duo
1246 339 1454 376 scriptiuncula
1469 339 1515 368 111.
1540 348 1583 367 LA
1609 347 1657 367 Gn
1669 347 1718 367 AN
1730 347 1778 367 σε
1793 358 1804 372 ,
1825 338 1866 366 al·

363 403 477 429 terum,
501 395 579 430 quod
598 393 741 422 invenitur
759 391 786 420 in
802 392 863 428 ejus
882 399 968 427 opere
988 391 1131 419 celebrato
1156 390 1233 420 Mec.
1260 391 1352 419 Anal.
1375 391 1463 420 Tom.
1483 391 1508 419 I.
1537 399 1603 426 pag.
1626 390 1696 422 108,
1724 391 1841 418 alterum
1854 409 1866 424 ,

361 445 441 481 quod
459 443 596 472 insertum
615 443 702 472 estin
727 442 918 470 Asisctllauet's
934 441 1153 470 Taurinensibm
1169 462 1179 478 ‚
1205 440 1295 469 Tom.
1321 441 1375 470 IV.
1407 449 1474 477 pag.
1500 441 1565 469 188.
1614 440 1711 469 Inveni
1741 439 1770 468 in
1787 439 1866 468 hisce

361 496 476 532 scriptis
501 495 678 524 functionem
698 492 911 521 differentialem
938 491 1096 527 temporis,
1126 491 1241 528 (quae,
1271 501 1335 520 cum
1361 493 1415 520 Vir
1432 492 1559 520 Illustris
1587 492 1666 520 aliam
1696 497 1812 519 secutus
1828 492 1867 519 sit

362 546 491 575 solvendi
503 546 638 573 rationem
651 564 661 578 ‚
683 549 712 571 et
725 551 788 571 cnm
806 543 867 579 ejus
884 542 1029 578 problema
1047 542 1118 570 idem
1131 551 1189 571 non
1207 542 1293 570 fuerit
1309 549 1392 578 atque
1407 549 1555 575 nostrum,
1576 542 1686 570 diversa
1705 549 1748 570 est
1767 550 1782 569 a
1800 549 1870 570 nos-

362 605 403 625 tra
419 596 598 625 differentiali
616 594 766 623 functione
779 613 789 628 ,
811 593 861 621 sed
882 600 974 621 tamen
991 593 1026 621 ad
1047 592 1161 620 eandem
1187 591 1246 621 sere
1267 592 1385 621 formam
1406 593 1501 621 reduci
1519 586 1662 628 potest3)
1684 592 1733 619 sed
1756 591 1868 620 functio

360 648 507 685 integralis
531 656 589 676 non
611 648 711 675 datur:
741 645 788 674 via
807 646 1004 674 tantummodo
1024 651 1198 674 monstratur
1213 665 1223 679 .,
1246 653 1301 680 qua
1323 644 1371 673 illa
1393 643 1505 672 functio
1530 643 1559 671 in
1582 651 1650 671 casu
1678 643 1724 670 vel
1750 641 1869 670 maxime

360 699 523 736 particulari
545 705 643 734 posset
656 696 812 733 integrari3
836 697 903 724 hffnc
923 696 991 724 mihi
1010 697 1090 725 venit
1114 697 1142 725 in
1166 704 1308 731 mentem,
1330 696 1547 733 integrationem
1574 696 1713 723 formulae
1731 693 1869 730 generalis

360 749 432 778 Viro
456 749 565 778 Illustri
593 748 733 776 difficilius
752 747 840 775 visam
867 757 948 783 esse,
979 756 1060 783 quam
1081 757 1152 783 quae
1182 748 1356 782 efficeretur-3
1387 754 1414 775 et
1441 756 1505 775 cum
1531 754 1628 776 nostra
1659 745 1770 775 functio
1791 753 1871 774 com-

360 801 483 837 positior
504 801 585 828 etiam
620 799 656 827 sit
681 798 849 833 functione,
879 807 893 826 a
914 807 960 826 LA
984 807 1147 827 GRANGE
1176 799 1260 834 data,
1289 798 1363 826 haud
1396 804 1500 825 temere
1522 796 1615 825 facere
1638 796 1708 824 mihi
1733 796 1869 831 videbar,

361 859 425 879 cum
455 850 619 884 statuerim,
656 849 820 878 functiones
846 848 1047 878 differentiales
1077 850 1161 888 (7),
1192 849 1261 887 (8)
1287 855 1314 877 et
1338 847 1404 886 (9)
1426 847 1512 877 nullis
1538 846 1705 876 recentioris
1722 847 1872 882 analyseos

364 900 476 930 auxiliis
497 900 631 936 integrat-i
653 908 750 936 posse.

403 952 464 980 Hac
481 950 619 986 opinione
642 951 777 987 adjutus,
803 949 873 977 redii
891 950 924 978 ad
942 958 1035 986 opus,
1055 950 1167 988 jamjam
1185 951 1336 984 relictum,
1357 957 1384 978 et
1400 950 1470 979 hanc
1487 950 1700 986 responsionem
1718 948 1871 987 Quaestio-

363 998 408 1031 nis
431 1001 675 1035 Astronomicae‚
699 1000 906 1035 qualiscunque
933 1009 1007 1034 erar,
1037 1009 1064 1031 et
1089 1002 1118 1030 in
1142 1009 1278 1038 quantum
1305 1002 1466 1038 quaestioni
1492 1001 1704 1037 satisfaciebat,
1734 1001 1871 1029 Virorum

361 1054 589 1085 Clarissimorum
605 1051 713 1089 judicio
735 1051 903 1079 submittere
925 1053 1084 1089 constitui3
1108 1054 1158 1082 sed
1175 1054 1259 1081 simul
1281 1053 1362 1080 etiam
1381 1052 1451 1080 mihi
1475 1053 1636 1088 proposui,
1659 1052 1725 1080 huic
1751 1059 1875 1088 respon-

365 1103 441 1132 sioni
460 1102 660 1138 imperfectae,
682 1102 762 1130 aliam
783 1102 937 1139 adjungere
954 1104 1140 1139 problematis
1158 1104 1350 1139 solntionem,
1375 1103 1463 1139 magis
1479 1111 1570 1132 autem
1591 1104 1802 1140 particularem.

403 1163 451 1189 24.
479 1153 564 1181 initio
587 1154 671 1189 hujus
696 1153 786 1181 seculi
811 1153 881 1182 noni
902 1153 1022 1190 decimi,
1044 1155 1126 1183 multi
1151 1155 1302 1191 magnique
1326 1153 1432 1189 lapides
1457 1153 1486 1182 in
1512 1154 1630 1182 diversis
1647 1153 1757 1182 Galliae
1777 1152 1870 1189 regio·

363 1204 469 1238 nibus,
492 1211 524 1231 ex
553 1203 616 1230 aere
643 1202 855 1238 atmospherico
882 1203 910 1232 in
932 1210 1033 1232 terram
1059 1206 1244 1240 decidebant3
1277 1213 1360 1233 nemo
1383 1204 1486 1232 doctus
1512 1204 1577 1233 huic
1597 1205 1793 1241 phaenomeno
1811 1203 1871 1233 sin·

364 1254 474 1290 gulari,
496 1262 588 1282 veram
615 1261 725 1281 causam
755 1253 881 1282 tribuere
907 1261 1038 1290 poterat;
1060 1257 1169 1284 nullum
1197 1257 1412 1292 phaenomenon
1438 1255 1589 1291 physicum
1619 1262 1766 1292 cognltum
1789 1260 1867 1290 erat,

364 1314 422 1341 quo
451 1306 521 1333 tales
551 1302 658 1338 lapides
687 1303 715 1331 in
736 1303 800 1340 ipso
822 1305 885 1333 aere
904 1306 1115 1342 atmospherIco
1137 1306 1234 1335 subito
1259 1306 1385 1343 generari
1407 1312 1546 1342 possent3
1568 1312 1596 1334 et
1613 1306 1707 1335 omnis
1732 1305 1869 1341 Physices

366 1363 394 1384 et
414 1354 549 1383 Chemiae
577 1353 704 1390 cognitio
735 1355 806 1383 hanc
832 1355 1008 1391 hypothesin
1032 1356 1106 1385 inter
1136 1357 1256 1386 absurda
1283 1356 1382 1393 potius
1403 1356 1539 1392 ponebat.
1582 1357 1703 1385 Montes
1729 1355 1872 1385 vulcanici

365 1407 435 1435 tales
456 1405 563 1441 lapides
581 1404 633 1432 sub
650 1404 698 1432 tali
717 1407 821 1440 angulo
841 1413 966 1434 eructare
983 1413 1123 1442 possent,
1145 1414 1220 1436 tanta
1240 1407 1286 1441 vi,
1309 1415 1342 1436 ut
1365 1407 1393 1435 in
1413 1407 1492 1435 aliam
1513 1407 1694 1436 remotiorem
1723 1406 1869 1443 regionem

363 1458 546 1491 laberentur3
562 1456 612 1483 sed
623 1463 819 1491 praeterquam
836 1457 913 1491 quod
925 1458 1049 1494 analysis
1065 1459 1190 1488 chemica
1207 1460 1309 1488 horum
1321 1458 1444 1495 lapidum
1461 1459 1613 1495 docuerit,
1631 1467 1724 1488 earum
1741 1465 1870 1487 naturam

363 1517 421 1537 non
436 1507 590 1536 convenire
615 1515 679 1534 cum
709 1507 877 1536 substantiis
903 1509 1060 1537 vulcanicis
1079 1510 1222 1546 cognitis,
1250 1510 1331 1538 etiam
1350 1510 1421 1538 hanc
1440 1510 1615 1545 hypothesin
1639 1510 1785 1538 admittere
1811 1517 1870 1538 non

363 1565 494 1594 poterant
506 1557 582 1585 docti
595 1579 602 1591 2
617 1557 748 1592 quoniam
763 1558 924 1587 etiamtunc
934 1560 1071 1594 temporis
1082 1562 1176 1589 nullae
1186 1561 1367 1589 vehementes
1385 1560 1566 1596 explosiones
1584 1560 1745 1589 vulcanicae
1757 1581 1766 1592 ,
1776 1568 1870 1596 neque
1909 1558 1912 1561 ’

362 1610 391 1638 in
410 1608 498 1637 Italia
510 1629 518 1643 ‚
538 1616 630 1643 neque
649 1607 676 1636 in
695 1607 797 1636 Sicilia
817 1610 985 1638 observatae
1003 1616 1081 1638 sunt.
1125 1609 1293 1640 Statuebant
1308 1618 1356 1639 aut
1378 1611 1529 1639 credebant
1547 1610 1634 1647 igitur
1654 1610 1771 1646 Physici
1783 1631 1794 1646 ‚
1815 1610 1869 1639 hos

361 1660 467 1695 lapides
481 1680 490 1694 ‚
514 1658 685 1694 explosione
701 1659 819 1693 quadarn
832 1680 841 1694 ‚
861 1668 875 1687 e
896 1661 961 1689 luna
977 1660 1006 1688 in
1027 1663 1156 1689 tellurem
1175 1670 1236 1690 esse
1255 1663 1373 1699 ejectos.
1414 1662 1601 1690 Calculabant
1617 1670 1686 1698 ergo
1708 1661 1868 1690 Mathema-

360 1708 430 1744 tici,
461 1716 487 1736 et
511 1707 640 1743 inprimis
670 1708 714 1736 111.
752 1717 801 1737 DE
825 1716 872 1737 LA
895 1718 1027 1739 PLACE
1059 1718 1086 1739 et
1112 1712 1162 1740 Cl.
1184 1720 1327 1740 POlsso
1339 1720 1378 1748 N,
1409 1719 1512 1747 quanta
1543 1712 1571 1740 vi
1598 1721 1705 1748 corpus
1727 1712 1867 1749 quoddam

361 1767 376 1787 e
397 1760 463 1787 luna
491 1766 565 1787 esset
588 1758 819 1795 projiciendum,
850 1768 880 1788 ut
907 1761 936 1789 in
958 1763 1086 1790 tellurem
1112 1763 1296 1799 perveniret,
1325 1770 1352 1792 et
1379 1770 1486 1799 quanto
1511 1763 1649 1799 temporis
1679 1763 1747 1792 huic
1772 1762 1869 1793 cursui

359 1818 434 1847 opus
459 1809 547 1837 foret.

397 1861 505 1890 Eorum
532 1860 790 1889 commentationes
820 1863 901 1890 nullo
933 1862 1021 1891 modo
1042 1863 1184 1899 inspicere
1214 1865 1319 1900 potui,
1341 1864 1391 1893 sed
1416 1873 1450 1892 ex
1468 1864 1681 1901 Ephemeride,
1703 1865 1750 1893 cui
1768 1865 1868 1894 titulus

357 1911 559 1941 connaissance
583 1910 629 1939 des
653 1918 762 1949 temps,
792 1911 846 1941 A0.
867 1914 950 1949 1804.
981 1922 1047 1950 pag.
1066 1924 1141 1952 405,
1169 1916 1280 1952 opinari
1307 1916 1414 1953 coepi,
1445 1924 1642 1952 POISSON,
1665 1917 1694 1945 in
1716 1925 1766 1945 sua
1791 1924 1870 1945 com-

358 1962 532 1991 mentatione
545 1983 553 1996 ,
574 1962 706 1998 posuisse
719 1983 728 1998 ‚
760 1972 868 1999 corpus
889 1956 918 1993 in
939 1966 1066 1993 tellurem
1097 1967 1246 2002 pervenire
1271 1974 1352 1995 motu
1379 1967 1527 1996 rectilineo
1543 1988 1554 2004 ‚
1584 1976 1677 2003 neque
1691 1967 1792 2004 ·igitur
1813 1966 1867 1995 sub

359 2013 481 2049 quodam
505 2014 610 2048 angulo
642 2014 894 2048 (quemadmodum
914 2023 968 2043 nos
992 2017 1180 2053 posuimus‚)
1199 2020 1356 2056 projectum
1369 2038 1378 2054 ‚
1401 2019 1451 2047 sed
1469 2019 1498 2048 in
1514 2019 1672 2048 directione
1692 2019 1761 2048 radii
1770 2024 1867 2048 vecto-

355 2064 419 2100 ris,
439 2064 476 2092 de
502 2064 569 2092 luna
593 2063 629 2092 ad
647 2065 780 2094 tellurem
810 2065 901 2095 ducti.
941 2065 1026 2095 Loco
1053 2068 1125 2096 enim
1156 2069 1269 2098 laudato
1296 2069 1422 2106 legitur3
1457 2089 1475 2107 ,‚
1497 2077 1672 2099 noxsson
1700 2069 1864 2099 invenisse:

1810 2120 1866 2149 vim
