1919 2511
299 182 319 209 6
605 178 802 209 PETRI
852 177 1206 210 ABRAHAMI
1249 179 1511 219 JELTES.

299 260 398 291 literae
412 267 437 293 Δ
452 268 609 292 mutuatum
628 271 690 292 esse
705 258 793 297 dicit,
809 269 826 291 a
838 269 950 290 summo
967 262 1086 292 humero
1096 282 1106 298 ‚
1117 262 1292 292 extremitate
1304 264 1449 294 acromiali
1462 264 1617 295 claviculae
1626 274 1640 301 ,’
1654 271 1681 295 et
1711 273 1814 304 scapu-

301 314 344 342 lae
358 313 456 350 spinae
470 313 595 350 margine
608 313 739 343 inferiori
751 312 869 349 incipit3
886 312 950 342 inde
967 313 1048 342 hicce
1062 315 1213 344 musculus
1226 322 1356 352 eseptem
1374 316 1558 351 portionibus
1573 322 1709 346 constans
1721 317 1811 355 (αι),

303 365 474 401 operimenti
501 365 612 400 instar,
634 364 746 400 obtegit
774 370 862 401 caput
890 364 967 393 ossis
993 365 1124 400 humeri,
1154 365 1292 402 illiusque
1319 367 1469 403 portiones
1490 367 1525 396 ad
1543 375 1574 396 se
1593 367 1715 396 invicem
1733 377 1813 398 acce-

301 416 392 452 dunt,
414 416 609 451 descendunt,
630 421 666 443 et<
679 415 878 451 triangularem
902 417 1064 444 musculum
1088 415 1230 451 formant,
1259 417 1343 454 cujus
1363 424 1543 453 extremum,
1567 418 1688 455 (apex)
1709 418 1737 448 in
1752 426 1814 449 ten·

301 467 393 496 dinem
418 467 619 501 terminatum,
644 466 797 494 tuberculo
822 466 942 503 majori,
960 473 990 494 et
1009 466 1108 502 spinae
1131 467 1207 496 ossis
1227 468 1337 495 humeri
1356 468 1504 498 inseritur.
1543 468 1626 498 Illius
1647 476 1739 499 autem
1763 478 1811 500 ac-

300 517 342 546 tio
363 518 500 546 consistit
521 518 549 546 in
570 517 873 546 atto'llendo'humero
892 513 1034 546 ¹exteriora
1059 525 1182 553 versuS,
1205 519 1282 553 quod
1310 520 1387 547 recta
1414 518 1489 547 linea
1514 518 1568 555 fit,
1589 520 1615 548 si
1643 526 1723 549 totus
1743 529 1814 550 con-

299 568 427 597 trahatur
454 571 622 604 musculus,
651 567 770 603 obliqua
800 568 941 597 anteriora
963 576 1084 604 versuS,
1114 568 1139 597 si
1164 577 1229 605 pars
1260 570 1321 607 eJ'us
1348 569 1473 598 anterior
1503 572 1686 607 praevaleatg,
1714 578 1813 607 poste-

299 619 375 647 riora
399 628 522 654 versus,
546 619 570 647 si
597 618 742 655 posterior
762 619 822 656 (22
832 619 858 655 ).

336 669 383 699 M.
408 669 691 699 Coraca-brachium
716 678 741 698 s.
763 669 930 707 perfhrattts
955 670 1077 699 Casserii
1102 670 1411 707 (Coraca-humera.
1438 671 1595 700 chaussier
1615 679 1642 701 et
1665 673 1813 709 Dumas.)

298 722 423 759 incipit,
445 722 532 758 capiti
558 721 684 751 breviori
713 720 845 757 Bicipitis
868 721 978 750 brachii
1003 723 1181 757 adhaerens,
1211 732 1226 751 a
1249 731 1388 759 processu
1410 723 1579 752 coraco'tdeo
1606 725 1760 759 scapulae,
1784 730 1813 752 et

297 773 453 802 directione
471 781 573 809 parum
601 772 720 808 obliqua
744 771 890 801 descendit
914 773 993 809 juxta
1012 781 1054 801 os.
1072 773 1183 802 humeri
1201 774 1237 802 ad
1255 772 1444 809 posteriorem
1463 779 1571 808 partem
1596 772 1740 802 interioris
1763 782 1813 802 su-

297 825 423 861 perficiei
450 825 524 854 ossis
546 825 681 860 humeri,
706 823 755 852 ubi
779 833 869 860 prope
889 824 1028 860 originem
1050 833 1089 853 m.
1116 823 1270 852 Brachiaiis
1298 823 1402 851 interni
1429 822 1576 852 inseritur.
1617 824 1713 861 Hujus
1736 832 1813 852 mus.

295 877 353 905 culi
378 877 489 905 actione
517 885 549 905 os
567 876 678 905 humeri
713 883 740 903 et
764 877 879 912 scapula
901 877 935 904 ad
954 885 984 904 se
1003 876 1126 905 invicem
1145 876 1346 908 attrahuntur,
1367 874 1401 902 ad
1421 874 1494 902 latus
1520 873 1653 910 corporis
1676 875 1809 903 admove·

295 935 343 955 ttzr
367 936 400 955 os
422 927 553 962 humeri,
580 935 607 955 et
636 927 780 955 introrsus
807 936 977 956 conversum
1004 928 1086 956 etiam
1115 935 1274 956 extrorsum
1301 925 1376 954 verti
1400 931 1496 961 potest
1517 925 1576 961 (24
1588 927 1615 962 ).

333 979 380 1007 M.
404 978 485 1006 Tei-es
506 978 598 1014 major
620 978 707 1014 (25⁴)
732 978 1050 1016 (Scapnlo-hume'ral.
1096 978 1263 1008 Chaussier.
1295 976 1720 1014 Anguli‹-scapulo-hume‘ral,
1751 978 1814 1007 Dn-

297 1030 388 1066 inas)
419 1029 557 1065 originem
594 1029 672 1056 ducit
701 1029 736 1057 ab
765 1029 902 1058 exteriori
926 1037 1005 1065 parte
1037 1030 1134 1067 anguli
1162 1028 1311 1058 inferioris
1339 1029 1493 1064 scapulae,
1522 1027 1659 1062 illiusque
1687 1028 1812 1064 margine

296 1081 399 1117 priori.
443 1081 509 1108 Hoc
534 1088 684 1114 crassum„
707 1086 801 1115 teres,
830 1080 1004 1116 'principium
1030 1082 1064 1109 ad
1094 1090 1127 1109 os
1153 1081 1267 1116 tendit,
1294 1086 1342 1115 et,
1373 1086 1528 1107 extremum
1557 1079 1721 1108 tendineum
1751 1078 1813 1108 for-

296 1140 395 1166 mans,
419 1131 453 1159 ad
478 1132 563 1159 tuber
590 1130 664 1159 ossis
692 1130 802 1159 humeri
832 1131 927 1160 minus
956 1131 1132 1161 terminatur.
1177 1130 1311 1160 Primaria
1342 1129 1451 1158 humeri
1475 1130 1561 1166 hujus
1588 1130 1711 1159 musculi
1734 1130 1808 1160 actio

295 1182 453 1224 consistere
474 1182 588 1211 videtur
612 1182 641 1210 in
667 1183 825 1211 attollendo
844 1191 909 1211 osse
933 1183 1043 1212 humeri
1067 1192 1143 1220 pone
1160 1190 1292 1220 tergum,
1313 1189 1341 1211 et
1358 1183 1387 1211 in
1409 1181 1545 1210 vertendo
1561 1180 1738 1216 introrsum,
1761 1181 1810 1209 ubi

296 1241 460 1262 extrorsum
487 1235 540 1261 sust
565 1233 655 1269 priori
680 1239 760 1268 parte
783 1242 954 1262 conversum
982 1242 1025 1263 est
1045 1235 1141 1273 (26).

335 1284 465 1312 Musculi
486 1290 601 1319 autem,
625 1284 673 1319 qui
700 1291 883 1319 sequuntur,
906 1284 1026 1321 propius
1050 1286 1085 1314 ad
1103 1286 1331 1315 articulationem
1352 1284 1511 1318 accedunt,
1534 1292 1652 1318 eamque
1679 1284 1810 1312 extremis

295 1335 436 1363 tendineis
473 1334 606 1371 firmant,
637 1334 675 1363 ita
708 1341 740 1363 ut
772 1341 857 1370 caput
886 1336 961 1364 ossis
989 1337 1100 1365 humen
1129 1337 1159 1366 in
1187 1337 1308 1366 cavitate
1333 1336 1481 1373 glenoidea
1508 1334 1665 1363 arctissime
1693 1335 1811 1363 retinea-

297 1393 342 1414 tur
364 1386 423 1423 (27
433 1385 462 1422 ).

334 1436 383 1465 M.
395 1436 610 1474 Subscapularis
622 1437 735 1474 (Sous-
746 1438 1081 1476 scapczlo-trochiterim
1107 1439 1263 1468 Chaussier
1274 1445 1301 1468 et
1312 1439 1455 1474 Dumasv)
1469 1447 1485 1466 a
1503 1437 1566 1466 tota
1582 1436 1642 1466 fere
1659 1436 1810 1473 superficie

296 1487 407 1515 interno
425 1487 486 1516 sive
499 1489 625 1517 concava
643 1490 773 1524 scapulae
786 1489 939 1525 provenit.
961 1490 1114 1526 ipsiusque
1128 1490 1277 1527 fasciculi,
1298 1490 1422 1520 radiatim
1434 1489 1588 1526 dispositi3
1610 1489 1639 1518 in
1654 1496 1810 1518 extremum

298 1546 466 1575 commune,
487 1540 647 1568 tendineum
660 1561 670 1575 ‚
689 1541 860 1576 confluunt,
882 1542 960 1576 quod
975 1543 1143 1571 anteriorem
1162 1542 1305 1579 ligamenti
1323 1541 1480 1578 capsularis
1502 1547 1609 1577 partem
1629 1539 1755 1577 obtegit,
1772 1540 1812 1568 ita

299 1596 349 1623 nt,
372 1596 504 1618 monente
519 1590 730 1619 XVeitbrechtio
747 1596 805 1627 <29
819 1596 833 1630 )
859 1612 876 1627 „
887 1593 1073 1621 extremitatis
1092 1593 1189 1630 portio
1203 1592 1322 1621 inferior
1339 1592 1426 1629 magis
1447 1600 1580 1624 carnosa,
1599 1597 1626 1620 et
1641 1591 1688 1619 vix
1704 1591 1732 1620 in
1747 1591 1810 1626 ipszi

298 1640 454 1668 insertione
472 1640 604 1669 teudinea
626 1647 740 1669 externe
760 1642 919 1671 arctissime
940 1645 1120 1680 (capsulae)
1139 1645 1333 1680 agglutinetur
1353 1658 1389 1665 —
1409 1652 1461 1672 nec
1479 1643 1540 1672 sine
1557 1642 1736 1671 lacerationis
1753 1651 1812 1670 me-

299 1698 328 1717 tu
351 1691 444 1726 possit
471 1691 611 1726 separari:
635 1691 730 1728 portio
761 1700 853 1721 autem
880 1696 1030 1730 superior,
1060 1696 1088 1724 in
1118 1695 1235 1724 formam
1265 1695 1422 1723 tendincam
1446 1694 1534 1730 magis
1566 1700 1684 1721 teretem
1715 1701 1810 1721 torna-

299 1748 325 1768 ta
346 1756 381 1762 --
403 1743 544 1777 capsulam
571 1742 677 1778 intrat3
701 1749 786 1779 atque
807 1745 890 1772 intra
915 1747 976 1783 ejus
1002 1748 1149 1775 cavitatem
1169 1755 1232 1775 cum
1259 1747 1307 1775 illa
1332 1753 1521 1774 concrescens
1546 1752 1646 1772 versus
1670 1744 1808 1772 anteriora

299 1800 384 1826 super
415 1799 500 1828 caput
522 1793 709 1828 producitur,
739 1802 770 1823 ut
795 1796 1025 1831 protuberantiae
1057 1798 1184 1826 interiori
1216 1796 1392 1826 inseratur.”
1443 1796 1485 1824 Os
1513 1795 1622 1823 humeri
1651 1794 1807 1823 introrsum

299 1842 448 1878 insigniter
473 1843 574 1876 vertit,
596 1845 741 1874 contrario
767 1847 852 1875 modo
876 1853 960 1882 atque
986 1847 1223 1884 Infra-spinatus
1251 1856 1278 1877 et
1302 1848 1391 1876 Teres
1412 1845 1477 1885 (30
1488 1849 1514 1882 ).

1758 1896 1806 1926 M.

334 1973 416 2007 (αι)
438 1974 532 2001 Sandis.
552 1976 672 2010 descript.
695 1986 774 2004 muse.
795 1988 821 2012 p.
837 1987 897 2012 ‘2²3-
1069 1981 1154 2015 (22)
1178 1981 1245 2006 idem
1269 1982 1286 2007 1.
1304 1988 1329 2007 c-
1353 1989 1380 2012 p·
1396 1987 1453 2012 224-

336 2020 417 2053 (23)
439 2021 497 2047 Alb.
525 2028 542 2048 t.
563 2024 603 2049 18.
627 2024 646 2049 f.
663 2032 692 2057 7.
708 2032 798 2057 a—g.
820 2026 864 2058 fig.
881 2026 906 2054 8.
925 2034 1007 2057 a-g.
1164 2025 1247 2061 (24)
1274 2027 1370 2054 Sandis.
1390 2028 1407 2051 1.
1425 2034 1449 2052 c.
1478 2033 1504 2058 p.
1523 2031 1571 2057 231
1585 2032 1637 2056 seq.

335 2065 418 2100 (25)
444 2067 505 2093 Alb.
532 2073 550 2094 t.
571 2070 609 2096 18.
635 2069 679 2101 fig.
696 2078 721 2102 9.
748 2079 771 2098 a.
790 2073 816 2098 b.
835 2073 862 2099 b.
880 2080 904 2100 c.
924 2079 948 2099 c.
975 2073 1019 2105 fig.
1041 2079 1078 2099 io.
1103 2081 1126 2100 a.
1145 2081 1168 2100 a.
1186 2074 1213 2101 b.

334 2112 416 2145 (εὖ)
444 2112 539 2141 Sandif.
564 2115 580 2139 l.
601 2123 624 2141 c.
649 2123 665 2148 p
693 2124 751 2150 227.
955 2118 1039 2152 (27)
1066 2120 1235 2146 Weitbtecht.
1262 2121 1279 2145 1.
1298 2127 1320 2145 c.
1348 2119 1373 2152 §.
1392 2125 1433 2150 23.

335 2157 416 2192 (23)
443 2160 502 2186 Alb.
528 2167 547 2187 t.
568 2160 607 2187 18.
634 2161 677 2194 fig⁴
698 2170 736 2196 15.
755 2171 837 2196 a-g.
975 2164 1056 2198 (29)
1083 2167 1099 2192 l.
1120 2173 1144 2191 c.
1281 2164 1361 2200 (30)
1387 2163 1483 2191 Sandis.
1502 2165 1519 2190 i.
1539 2170 1563 2191 c,
1581 2172 1607 2196 p.
1623 2165 1668 2190 228
1686 2170 1739 2194 seq.
