1919 2511
711 77 1109 112 ORATIO.
1607 87 1649 119 15

178 163 212 196 in
236 162 437 196 Francicum
466 169 657 195 sermonem
680 172 814 197 versum
839 163 959 204 fuisse,
989 164 1147 209 denique,
1178 171 1214 199 ut
1232 165 1273 199 de
1299 173 1369 200 arte
1386 171 1497 202 nostra
1516 168 1645 214 dicam,

177 219 263 262 leges
285 224 316 251 et
335 217 441 250 edicta
463 216 526 249 hoe
544 222 691 261 tempore
716 218 757 251 de
784 221 855 261 jure
879 219 1039 254 hodierno
1058 232 1129 254 esse
1152 221 1300 265 condita,
1324 235 1467 267 quorum
1488 228 1647 260 nonnulla

176 275 222 307 ita
247 274 382 306 fuerunt
406 274 549 316 egregia,
582 278 619 305 ut
644 275 679 307 in
703 275 785 316 juris
812 275 931 309 Gallici
958 276 1134 310 codicibus
1159 278 1347 317 novissimis
1372 290 1489 313 eorum
1512 283 1646 326 vestigia

176 329 338 373 hodieque
361 329 571 371 reperiantur
595 329 687 363 haud
709 341 828 373 pauca.
873 332 917 364 At
936 333 987 366 vel
1006 331 1055 366 sie
1076 339 1207 375 tamen,
1230 341 1304 378 post
1327 347 1570 369 cornorum>
1581 350 1641 380 os,

173 387 274 429 jacuit
296 386 331 418 in
355 385 457 417 Galli-31
483 396 614 429 quoque
631 385 826 419 historicum
849 386 931 429 juris
953 390 1096 422 Romani
1120 390 1279 424 studium.
1324 394 1370 424 Ut
1389 393 1566 435 scriptores
1587 403 1647 428 ve·-

174 449 257 475 teres
274 452 317 475 ex
333 441 622 483 translationibus,
650 442 696 475 ita
722 443 1013 486 jurisprudentiam
1037 457 1080 479 ex
1101 445 1228 480 Edictis
1251 448 1366 491 regiiS,
1397 447 1432 481 id
1457 453 1508 481 est
1528 459 1569 482 ex
1588 459 1646 482 re-

172 498 364 531 motissimis
386 508 406 529 a
429 496 519 530 fonte
540 497 673 540 rivulis,
696 497 915 533 hauriendam
938 508 1152 535 censuerunt.

214 554 287 587 Alia
309 554 350 587 A.
365 554 405 586 A.
420 556 465 586 H.
482 556 542 587 H.!
573 555 684 588 omnia
705 555 740 588 in
759 556 866 599 patria
884 562 999 589 nostra
1017 556 1306 601 deprehendimus.
1351 561 1428 593 Fuit
1445 561 1481 594 in
1502 564 1536 596 ea
1555 569 1644 607 tum,

171 615 208 642 ut
230 609 320 653 apud
343 610 464 654 Anglos
489 615 521 644 et
547 612 754 653 Germanos,
786 610 1018 655 Philosophia,
1050 615 1196 648 maxime
1222 616 1400 658 naturam,
1433 618 1468 653 in
1494 617 1642 660 honore3

170 666 319 698 studium
334 668 498 699 sermonis
515 668 613 710 patrii
630 665 767 700 minime
783 667 986 711 neglectum,
1005 670 1094 702 Juris
1109 681 1188 705 vero
1204 672 1323 715 Belgiei
1339 672 1520 708 Prudentia
1538 686 1644 719 quae-

171 721 268 763 dam,
292 727 426 754 auctore
449 733 616 764 GROT10‚
640 729 719 757 nata
738 725 838 756 simul
856 730 887 756 et
908 725 1030 758 adulta.
1082 726 1147 760 Sed
1173 733 1344 771 praeterea
1374 728 1507 768 (vereor
1529 732 1568 764 A.
1587 733 1641 765 ΑΛ

168 789 211 811 ne
236 777 441 810 ambitiosior
467 777 617 812 videattu·
642 778 770 820 oratio,
807 780 919 813 dicam
945 787 1060 815 tamen
1085 783 1174 826 quod
1201 784 1384 827 sentiam),
1425 786 1520 828 quasi
1552 787 1645 830 apud

170 844 277 867 unum
297 834 460 878 populum
483 844 599 867 omnes
624 836 722 869 simul
745 834 971 869 doctrinarum
988 837 1102 871 laudes
1120 839 1294 873 ostendere
1312 839 1467 874 voluisset
1484 852 1640 876 summus

166 895 358 923 nostrarum
381 900 494 922 rerum
517 890 667 933 Arbiter,
697 891 733 925 in
754 893 857 935 patria
875 893 992 934 simul,
1020 899 1053 927 et
1071 901 1176 937 artes,
1207 901 1239 929 et
1256 897 1382 929 litterae
1403 896 1639 942 humaniores,

166 951 198 978 et
221 946 496 990 jurisprudentiae
519 957 595 981 vere
614 950 788 981 Romanae
807 948 990 982 floruerunt
1011 950 1131 984 studia.
1176 952 1267 993 Quin
1289 952 1380 986 hisce
1397 954 1553 988 laudibus
1575 955 1640 989 do-

165 1003 310 1035 mesticis
335 1008 546 1036 accesserunt
576 1014 705 1047 quoque
734 1015 811 1045 eae,
844 1015 930 1048 quae
958 1010 1133 1038 externam
1157 1005 1371 1041 honestarent
1395 1011 1508 1053 populi
1534 1012 1637 1045 nostri

165 1057 405 1100 conditionem,
423 1057 498 1090 belli
513 1058 671 1104 pacisque
689 1050 753 1093 hoe
770 1065 917 1104 tempore
933 1060 1065 1094 arbitri!
1112 1061 1176 1094 Sed
1192 1062 1232 1095 de
1247 1062 1298 1095 his
1316 1066 1494 1107 quominus
1510 1066 1618 1100 dicam
1627 1091 1639 1109 ,

165 1119 197 1146 et
216 1113 315 1156 hujus
334 1114 398 1146 loci
413 1115 498 1147 ratio
522 1121 554 1147 et
571 1127 649 1149 mea
669 1127 723 1149 me
743 1116 896 1160 prohibet
915 1117 1065 1151 infantia.
1113 1118 1225 1152 Redeo
1244 1112 1343 1162 igitur
1364 1120 1407 1153 ad
1424 1123 1639 1164 jureconsul-

164 1175 218 1204 tos
236 1172 381 1203 nostros!
1592 1184 1595 1186 “

208 1227 255 1258 Ut
276 1226 312 1259 in
337 1227 445 1259 cetera
462 1226 598 1271 Europa
619 1238 661 1260 ex
681 1228 883 1272 compendiis
908 1235 939 1262 et
962 1230 1260 1272 commentariolis,
1283 1231 1333 1265 vel
1341 1231 1450 1275 freto
1467 1235 1633 1277 Παπίου,

162 1287 200 1315 ut
222 1281 397 1324 jocabauu'
424 1295 658 1317 nummum-s
681 1283 756 1327 (1),
789 1285 986 1318 sternendo
1014 1285 1237 1329 suffecturi-9,
1268 1288 1348 1329 juris
1374 1289 1518 1322 Romani
1537 1297 1633 1333 pete„

162 1337 264 1371 batur
283 1339 441 1382 cognitio,
464 1339 510 1371 ita
530 1340 566 1372 in
583 1341 690 1383 patria
707 1351 836 1384 quoque
856 1342 973 1373 melius
993 1341 1120 1384 adhuc,
1143 1342 1183 1376 de
1202 1344 1335 1386 singulis
1356 1345 1632 1388 jiuisprudentiae

162 1394 408 1438 cognoscendae
434 1394 662 1438 adminiculis,
690 1397 798 1429 meriti
820 1396 952 1430 fuerant
970 1398 1184 1442 interpretes,
1208 1409 1310 1442 qua-m
1334 1399 1375 1433 de
1397 1403 1632 1436 commutanda

161 1449 232 1493 ipsa
248 1450 418 1493 disciplina
430 1450 530 1493 juris,
547 1457 644 1496 atque
660 1451 856 1496 explicando
874 1454 1030 1489 universo
1047 1456 1119 1497 jure
1127 1457 1300 1497 Romano,
1318 1458 1628 1500 ›ex-populiRonm-

160 1507 194 1540 ni
217 1505 365 1550 ingenio,
388 1506 554 1550 moribus,
576 1508 663 1541 fatis.
707 1511 824 1552 Neque
839 1508 904 1543 hoe
920 1510 992 1554 ipso
1007 1515 1157 1554 tempore
1172 1511 1250 1543 illud
1273 1513 1354 1555 egit,
1379 1518 1437 1545 aut
1465 1525 1628 1556 nemus,

160 1568 219 1596 aut
239 1575 359 1596 voEn
367 1575 430 1605 us,
459 1573 542 1607 quos
564 1563 702 1598 honoris
721 1575 823 1598 eausa
841 1568 996 1608 nomino,
1025 1571 1064 1599 ut
1081 1577 1123 1599 ex
1139 1567 1212 1610 ipso
1234 1568 1351 1610 Populi
1376 1570 1517 1602 Romani
1535 1570 1628 1614 inge-

157 1619 233 1660 nio,
255 1620 307 1661 jus
324 1620 517 1655 Romanum
536 1621 627 1655 civile
643 1621 857 1655 illustrarent.
900 1624 1047 1666 Uterque
1066 1632 1144 1656 vero
1166 1633 1244 1656 cum
1261 1623 1301 1656 de
1318 1624 1481 1667 exegetica
1497 1630 1529 1658 et
1545 1625 1629 1669 dog-

157 1674 280 1708 matiea
298 1675 425 1707 ratione
443 1676 566 1719 egregie
587 1677 726 1710 meritus
746 1683 849 1720 esset,
880 1679 1002 1711 exstitit
1025 1678 1179 1721 demum,
1211 1680 1267 1722 qui
1287 1690 1391 1713 novae
1411 1680 1483 1713 viae
1503 1680 1626 1714 ineun-

157 1730 218 1764 dae
239 1735 271 1763 et
289 1735 405 1763 auctor
426 1735 459 1763 et
478 1731 547 1765 dux
567 1738 669 1774 esset,
700 1745 786 1766 GER.
810 1745 1026 1777 NOODT1US,
1054 1736 1221 1783 egregium
1246 1745 1326 1767 mox
1346 1734 1469 1783 laboris
1494 1737 1624 1770 socium

156 1791 276 1819 nactus
302 1797 723 1822 AN'r.scHULT1NG1UM.
768 1790 864 1823 Lieet
886 1788 984 1834 igitur
1007 1791 1062 1823 alii
1085 1782 1377 1833 jurisprudentiam
1400 1792 1606 1824 intuerentui
1612 1817 1624 1834 ‚

154 1841 254 1877 veluti
278 1839 432 1875 imbrem
453 1841 582 1877 eodem
603 1843 743 1889 impetu
764 1844 808 1879 de
827 1846 928 1880 coelo
950 1845 1164 1890 delapszcm5
1194 1851 1252 1879 aut
1273 1850 1448 1890 tamquam
1460 1847 1623 1891 fungum

1601 1913 1621 1936 e

195 1978 253 2009 (ι)
271 1977 296 2000 In
315 1977 379 2000 mvd
395 1978 465 2004 meth.
484 1978 539 2002 disc.
555 1979 690 2011 docendaeq.
703 1983 824 2014 jurisprud.
839 1984 900 2011 Pan,
912 1993 978 2017 spec.
1002 1986 1024 2016 s,
1035 1986 1072 2011 ἂι.
1102 1985 1144 2010 Est
1161 1984 1221 2009 iuud
1236 1983 1377 2016 opmeulum
1394 1984 1486 2008 editum
1504 1985 1529 2009 in
1542 1984 1614 2010 nes.

161 2024 248 2053 iuriepr.
261 2021 360 2051 juvem,
378 2030 437 2053 quae
453 2022 542 2053 prodiit
558 2024 632 2054 Neap-
651 2031 672 2050 a.
688 2028 754 2056 ¹7⁵4·
