1919 2511
419 99 649 131 RESPONSIO
677 108 722 130 An
750 100 1060 140 QUAESTIONEM
1087 101 1368 135 LITERARIAM.
1610 109 1650 147 87

839 204 957 217 u—

312 279 572 313 FABULA
629 281 1156 314 SEPTUAGESIMA
1214 284 1479 318 TERTIA.-

722 378 1062 400 AsTROLOGUS.

425 452 554 483 Obscura
573 456 731 495 astrologus
747 455 890 494 graditur
908 456 977 484 dum
995 456 1081 484 noetis
1100 456 1132 484 in
1151 455 1256 485 umbra

427 503 558 534 Intentus
577 506 646 535 coelo
658 526 668 542 ‚
690 513 717 534 et
736 507 824 535 tacite
842 506 999 535 labentibus
1017 507 1129 542 astris,

423 554 542 584 Decidit
560 558 591 584 in
606 563 723 595 puteum
734 566 745 585 :
764 566 884 595 casuque
903 558 1023 594 afflictus
1042 558 1138 598 iniquo

424 604 602 644 Implorabat
621 615 695 645 opem
706 628 716 642 ,
737 607 879 645 Divosque
898 608 1073 645 hominesque
1090 607 1193 638 ciebat.

423 655 549 686 Exeitus
567 659 681 687 accessit
696 659 778 696 putei
796 660 904 687 vicinus
923 657 965 687 ad
985 667 1051 687 oras

424 707 522 737 Salsus
539 708 636 744 homo,
657 716 706 738 et:
726 717 866 747 quaenam
886 709 953 737 haec
972 715 1025 738 tua
1043 716 1103 739 tam
1122 716 1328 749 praepostera,
1350 710 1427 742 dixit
1437 733 1456 750 2,

424 758 481 788 Est
501 760 577 788 ratio
588 761 605 788 .2
624 769 691 788 nam
710 760 761 797 qui
780 767 847 789 ante
862 759 945 799 pedes
965 770 1038 798 quae
1057 768 1122 790 sunt
1141 763 1198 791 sita
1218 763 1331 800 παι-ῖς,

424 809 538 839 Dissita
558 817 624 839 tam
643 812 724 849 longe
738 810 883 849 profiteris
903 810 999 840 sidera
1020 821 1106 842 nosse.

427 885 507 923 Quid
523 896 622 916 rerum
641 897 755 917 caussas
766 908 777 924 ‚
798 894 978 926 naturaeque
996 888 1097 918 abdita
1116 892 1229 928 quaeris
1242 910 1260 926 ,‚

421 935 484 975 Ipse
502 939 547 966 tui
566 940 675 977 ipsius,
693 941 883 978 propriaeque
902 939 983 968 oblite
1002 941 1128 970 salutis?

173 1018 352 1056 Astrologus.
391 1017 448 1046 Est
472 1018 547 1047 inter
569 1018 683 1049 fabulas
713 1020 838 1049 Gabriae
863 1021 926 1052 No.
945 1031 996 1052 22.
1021 1029 1050 1052 et
1067 1023 1144 1053 Cod.
1169 1022 1253 1052 Flor.
1274 1022 1337 1052 No.
1359 1031 1404 1061 19.
1444 1026 1532 1063 Apud
1556 1029 1650 1058 Plato.

133 1076 198 1098 nem
224 1068 254 1098 in
275 1068 435 1098 Theaeteto
459 1069 516 1099 hoc
539 1070 663 1100 refertur
687 1071 722 1100 ad
746 1071 919 1109 Thaletem,
940 1080 1074 1103 monente
1097 1074 1132 1103 de
1157 1074 1243 1105 Furia
1265 1075 1295 1105 in
1319 1077 1397 1105 notis
1412 1076 1445 1105 ad
1462 1076 1522 1107 fab.
1539 1080 1653 1116 Aesop0.

132 1119 334 1156 Epimythium
359 1119 486 1149 Graecae
503 1120 617 1151 fabulae
639 1128 702 1158 est,
724 1124 805 1159 quod
824 1123 956 1160 plerique
983 1132 1049 1153 cum
1077 1125 1238 1162 praesentia
1257 1126 1406 1164 nesciant,
1426 1126 1522 1158 futura
1541 1138 1651 1167 cogno-

133 1178 213 1198 scere
240 1170 412 1207 glorientur.

170 1220 269 1250 Tacite
296 1221 453 1252 labentibus
477 1225 576 1254 astris.
616 1219 753 1253 Similiter
776 1225 812 1254 de
839 1235 913 1255 anno
942 1225 1031 1256 Ovid.
1053 1225 1169 1257 Fastor.
1194 1226 1267 1258 Lib.
1282 1227 1309 1257 Ι.
1338 1236 1384 1258 vs·
1402 1228 1451 1266 65.

422 1273 504 1310 Jane
521 1274 626 1313 biceps,
648 1276 720 1304 anni
739 1278 826 1305 tacite
845 1276 966 1306 labentis
988 1278 1078 1315 origo.

137 1329 167 1353 et
190 1322 259 1353 Lib.
280 1323 336 1355 IV.
357 1333 391 1354 ex
409 1325 497 1356 Pont.
520 1328 596 1363 eleg.
611 1335 661 1355 10.
679 1335 725 1356 vs.
742 1335 792 1364 54.

421 1376 464 1406 Et
484 1378 571 1406 tacite
589 1384 726 1415 peragens
746 1379 805 1407 lene
824 1378 994 1409 Melanthus
1011 1381 1081 1409 iter.

131 1426 178 1455 Ad
206 1435 290 1463 quem
313 1427 412 1456 locum
433 1428 474 1457 cl.
498 1427 601 1464 G-ierig
623 1429 716 1458 laudat
742 1429 868 1458 Senecae
891 1431 976 1461 Brev.
994 1431 1081 1459 Vitae
1096 1440 1161 1468 cap.
1178 1432 1206 1461 8.
1245 1450 1269 1467 „⁷
1282 1431 1350 1461 Non
1366 1434 1565 1464 tumultuatur
1577 1442 1650 1464 tem-

133 1497 152 1515 „
167 1486 223 1517 pus
237 1481 414 1517 praeteriens
425 1500 436 1515 ,
456 1489 505 1508 nee
520 1479 650 1509 admonet
671 1490 719 1509 nos
736 1482 892 1511 velocitatis
910 1491 996 1516 suae,
1017 1480 1067 1509 sed
1081 1483 1168 1510 tacite
1185 1482 1332 1512 labitur.”

169 1529 267 1559 Salsus
286 1530 375 1559 homo.
418 1530 451 1560 Id
472 1537 516 1560 est
533 1532 621 1560 homo
639 1539 799 1567 venustus,
821 1532 933 1568 lepidus
945 1541 961 1568 3⁷
983 1531 1049 1560 Cic.
1072 1532 1107 1560 de
1126 1532 1211 1563 Orat.
1229 1532 1297 1563 Lib.
1310 1533 1349 1565 ΙΙ.
1375 1542 1440 1571 cap.
1459 1537 1508 1572 56.
1543 1558 1561 1573 ‚‚
1579 1548 1646 1567 nam

132 1599 151 1614 „
170 1588 224 1608 esse
246 1582 374 1617 quamvis
391 1568 521 1617 facetum
550 1581 715 1619 (Crassum
734 1583 826 1620 scil.)
852 1589 938 1620 atque
964 1583 1089 1619 salsum,
1118 1592 1173 1612 non
1200 1585 1285 1611 nimis
1310 1590 1350 1612 est
1363 1591 1418 1622 per
1442 1596 1469 1614 se
1488 1589 1577 1625 ipsum
1601 1592 1647 1617 in·

132 1651 151 1666 „
170 1630 357 1661 videndum?
383 1633 418 1661 de
444 1633 516 1662 Nat.
548 1634 676 1662 Deorum
704 1633 774 1663 Lib.
790 1634 814 1664 I.
842 1643 906 1671 cap.
928 1637 976 1664 28.
1012 1654 1030 1672 „
1049 1635 1099 1666 hoe
1123 1636 1214 1674 ipsum
1237 1635 1341 1663 salsum
1368 1636 1413 1664 illi
1443 1645 1470 1667 et
1498 1647 1646 1669 venustum

131 1701 149 1718 „
170 1680 353 1711 videbatur”
381 1682 473 1712 Conf.
493 1683 613 1713 Ernesti
632 1684 683 1713 Cl.
704 1684 771 1713 Cic.
791 1684 822 1713 in
841 1693 926 1715 voce.

829 1790 945 1799 ...-

309 1862 548 1894 ABULA
604 1864 1137 1900 SEP'EUAGESIMA
1198 1867 1493 1905 QUARTAE.

671 1960 755 1980 Leo
806 1960 858 1980 ΕΤ
907 1954 1098 1982 &suaves-

417 2033 565 2071 Confectus
583 2037 657 2065 senio
676 2036 738 2072 leo,
759 2045 845 2074 quum
857 2037 923 2074 jam
943 2047 1080 2075 quaerere
1098 2039 1219 2069 victum.

408 2086 546 2124 Vanam,
563 2094 596 2117 ut
615 2088 754 2126 quondam
767 2089 882 2126 juvenis
896 2110 913 2127 ,,.
928 2099 982 2119 uon
997 2095 1109 2129 posset,
1129 2089 1164 2119 id
1181 2095 1250 2119 astu
1576 2131 1609 2162 B

1610 2141 1644 2162 fib
