1919 2511
372 139 604 171 RESPON510
631 147 674 169 AD
705 137 1015 178 QUAESTIONEM
1045 136 1327 168 LITERARIAM.
1578 141 1612 170 17

96 228 168 260 Lib.
194 225 264 256 VII.
297 234 343 256 vs.
365 226 433 262 778.
471 242 489 260 ,‚
506 222 624 253 vadosus
644 222 774 265 amnis-’⁹
817 222 953 251 Ceterum
972 221 1115 260 profluens
1143 229 1196 257 pro
1207 219 1326 257 flumine
1344 218 1426 247 etiam
1445 217 1521 254 apud
1537 217 1614 246 Plin.

117 279 198 310 Hist.
217 277 245 306 L
268 277 311 306 ib.
323 276 392 305 VII.
414 281 443 304 et
463 284 528 311 cap.
546 283 590 304 10.
612 281 640 303 et
662 273 766 303 Cicero
786 272 856 303 Lib.
876 275 915 303 ΙΙ.
937 274 972 302 de
992 273 1110 302 inventa

136 331 225 368 Inque
244 327 335 358 tabem
355 325 506 364 liquidam.
545 325 668 361 Proprio
689 332 718 353 et
737 324 873 354 interiore
892 332 981 353 sensu
1001 323 1092 352 utitur
1114 322 1203 351 verbo
1229 321 1322 354 tabes,
1354 320 1451 356 quod,
1481 326 1630 348 monente-

97 381 208 411 Vossio
231 380 261 409 in
278 378 431 414 Etym01.,
450 377 568 413 proprie
595 375 824 414 liquefactionem
848 375 1003 412 significat.
1044 374 1120 403 Hinc
1139 372 1244 402 Livius
1267 371 1338 401 Lib.
1364 371 1443 401 XXI.
1472 378 1537 406 cap.
1565 371 1631 406 36.†

96 442 156 464 non
179 437 289 461 tantum
316 428 406 458 dixit:
438 448 457 463 ‚‚
474 429 505 456 in
522 427 576 457 levi
595 428 689 465 glacie
714 427 869 466 tabidaque
886 429 951 457 nive
977 425 1145 456 volutari:”
1166 425 1216 453 sed
1240 430 1285 453 et:
1321 443 1338 458 „
1354 430 1408 461 per
1421 421 1553 458 fluentem
1572 427 1618 452 ta,

100 505 119 520 „
139 484 198 512 bem
228 481 402 520 liquescentis
426 480 500 508 nivis
530 478 680 517 ingredi.”
707 478 844 517 1Qu0dsi
873 478 920 506 hie
951 486 1023 506 usus
1054 479 1102 507 τοῦ
1134 475 1210 505 tabes
1236 474 1327 503 rarior
1354 473 1411 508 sit,
1433 480 1461 502 at
1486 472 1616 502 firmatur

97 543 191 566 tamen
203 531 404 568 frequentiore
422 538 478 559 usu
495 530 578 565 verbi
589 529 746 567 tabescere,
765 539 819 568 pro
835 530 1005 568 liquescere,
1025 534 1058 557 ut
1073 527 1148 564 apud
1157 527 1289 556 Plautum
1306 525 1335 554 in
1351 524 1478 553 Mercat.
1499 523 1570 553 Act.
1588 523 1615 553 l.

97 586 148 615 Sc.
166 594 193 615 2.
215 592 262 614 νε.
280 592 331 621 91.

722 633 851 673 Aedepol
868 641 919 662 cor
938 634 1074 662 miserum
1095 632 1207 660 meum!

345 685 436 723 ⁴Quod
449 687 592 724 guttatim
615 687 808 721 contabescit,
827 686 914 724 quasi
934 685 966 712 in
986 692 1092 722 aquam
1114 680 1257 711 indideris
1277 678 1376 708 salem.

103 741 151 770 Sic
171 746 199 768 et
217 739 250 768 de
270 738 337 767 salis
355 737 561 773 liquefactione
577 737 669 766 utitur
684 738 762 767 Cato
781 738 815 766 de
833 736 878 765 Re
896 735 1032 764 Rustica:
1052 734 1094 763 sic
1117 741 1225 768 „cerae
1241 728 1408 760 tabescunt”
1427 728 1502 764 apud
1523 727 1614 757 Ovid.

97 792 220 821 Metam.
247 789 318 818 Lib.
335 788 425 818 Vm.
453 796 499 818 vs.
519 790 589 825 287.
631 809 648 824 „
665 790 742 818 nives
772 786 959 820 tabescunt,”
987 786 1063 822 apud
1086 785 1221 813 Senecam
1246 782 1368 820 Quaest.
1394 780 1465 808 Nat.
1494 779 1563 809 Lib.
1578 781 1613 808 V.

96 852 161 878 cap.
184 850 230 871 ιι,
274 840 397 877 Propter
416 840 485 868 ha'ec
510 848 580 868 vero
606 839 682 869 dicat
708 839 833 868 fortasse
864 837 989 873 anquis,
1012 835 1163 873 epitheton
1186 832 1325 872 liquidam
1350 839 1468 867 prorsus
1493 830 1619 858 otiosum

98 901 180 923 esse:
211 898 240 921 et
266 891 292 920 si
314 900 380 920 vera
407 889 492 920 fateri
516 892 671 926 volumus,
702 890 744 919 sic
766 896 809 918 est
837 897 923 924 sane,
953 889 1020 917 licet
1050 886 1227 923 optimorum
1250 890 1399 921 poetarum
1426 881 1562 917 exemplis
1589 888 1619 909 se

99 943 251 973 defendere
278 943 373 979 possit
400 941 524 971 Faernus
549 951 579 971 v.
598 950 626 972 c.
650 941 784 970 Tibullis
802 940 874 969 Lib.
892 939 919 969 Ι.
940 940 1014 976 eleg.
1037 945 1066 974 5.
1089 946 1137 967 vs.
1151 938 1201 972 76.

618 992 657 1021 In
680 992 798 1031 liquida
818 996 872 1019 nat
892 989 947 1019 tibi
968 989 1060 1018 linter
1079 997 1169 1026 aqua.

96 1045 189 1076 Ovid.
202 1044 285 1075 ·Lib.
305 1043 363 1074 111.
385 1043 453 1073 Am.
477 1045 551 1080 eleg.
569 1051 600 1081 5.
622 1053 669 1074 vs.
688 1052 736 1073 11.

385 1094 549 1123 Candidior
573 1095 693 1123 nivibus
709 1114 720 1130 ,
742 1100 812 1123 tunc
829 1102 893 1122 cum
912 1091 1042 1121 cecidere
1061 1095 1206 1124 recentes,

425 1145 461 1173 In
482 1145 613 1184 liquidas
635 1144 766 1173 nondum
788 1152 861 1181 quas
880 1151 963 1172 mora
982 1141 1073 1171 vortit
1091 1148 1195 1178 aquas.

102 1207 129 1232 et
149 1199 255 1231 Claud.
283 1198 314 1228 in
333 1196 410 1227 Ruf.
431 1196 523 1233 praef.
545 1197 580 1225 ad
599 1195 670 1224 Lib.
686 1194 711 1224 Ι.

387 1247 517 1286 Cephisos
536 1247 657 1287 liquidis
670 1246 783 1285 purior
803 1245 866 1275 ibat
885 1245 980 1284 aquis.

485 1429 794 1461 FABULA
876 1424 1234 1458 SEPTIMA.

656 1523 820 1546 FORMICA
854 1522 896 1544 ΕΤ
931 1522 1073 1544 CICADA.

390 1603 523 1633 Hiberna
542 1608 688 1641 exponunt
707 1601 776 1632 dum
795 1601 951 1635 frumenta
972 1598 1093 1629 humida
1112 1598 1165 1627 soli

393 1655 564 1690 Formicae,
585 1655 716 1691 confecta
726 1653 813 1689 fame
834 1658 861 1681 et
882 1650 1056 1680 moribunda
1075 1648 1179 1679 cicada

395 1708 551 1737 Auxilium
573 1708 656 1736 rebus
676 1707 795 1746 supplex
815 1705 920 1734 orabat
939 1704 1043 1740 egenis.

394 1759 482 1788 Hanc
494 1759 628 1796 formica
648 1768 743 1794 anus,
764 1763 791 1786 et
810 1756 900 1786 multo
921 1764 974 1784 usu
993 1754 1077 1782 docta
1098 1753 1234 1790 rogavit,

393 1810 481 1848 ,Quid
498 1819 598 1840 rerum
616 1816 731 1839 aestate
750 1810 871 1846 egisset;
891 1815 1035 1846 quumque
1054 1805 1130 1839 illa,
1151 1811 1250 1833 sonoro

399 1864 436 1892 Se
456 1862 690 1890 membranarum
708 1861 815 1899 pulsu,
836 1866 864 1888 et
883 1857 1091 1896 crepitantibus
1112 1855 1191 1890 alis,

398 1913 521 1942 Diceret
543 1914 666 1943 aestivos
684 1908 831 1940 hominum
851 1910 953 1937 lenisse
972 1907 1104 1942 labores,-

396 1964 534 1994 Formica
551 1966 718 2003 excipiens:
738 1964 764 1992 si
784 1968 871 1997 tunc,
891 1959 989 1997 inquit
1007 1958 1137 1988 cecinisti

394 2015 569 2055 Imprudens
589 2015 704 2051 animi,
725 2023 814 2045 ‘vacuo
834 2020 910 2042 nunc
928 2018 1049 2050 corpore
1067 2010 1158 2039 salta·

405 2118 522 2148 Aetatis
541 2118 609 2148 dum
629 2127 681 2150 νιν
699 2119 820 2157 agitur,
840 2121 900 2145 tum
920 2112 1031 2144 consule
1049 2111 1182 2142 brumae.

893 2167 920 2196 C
1552 2157 1626 2186 For-
