1919 2511
342 103 570 137 RESPONSIO
600 118 643 139 AD
674 111 989 149 QUAESTIONEM
1019 117 1349 156 THEOLOGICAM.
1564 144 1599 173 31

76 178 200 217 habere,
231 184 281 219 qui
307 194 425 222 magnos
450 197 622 226 progressus
650 191 789 223 fecissent
827 205 922 226 sacrae
949 200 1109 237 scripturae
1138 203 1365 240 interpretandae
1393 212 1477 249 (ι).
1519 216 1594 247 Pro-

31 218 34 220 *
73 233 120 260 cul
145 233 233 263 dubio
255 243 347 265 autem
373 239 520 269 referenda
545 249 589 271 est
612 243 719 273 Car010
741 246 829 282 gratia
854 249 1000 286 omnium,
1029 261 1121 289 quae,
1146 254 1240 290 prima
1264 266 1327 286 euin
1357 260 1486 293 insecuta
1519 274 1593 296 aeta-

72 287 121 317 te,
144 287 300 316 constituta
320 289 397 324 sint,
418 293 463 320 vel
484 292 518 320 azi
535 293 656 323 ciericos
683 296 1097 332 sacris>iitte1·is>erudiendos
1129 305 1258 342 adeoque
1286 310 1320 338 ad
1353 313 1454 342 melius
1480 319 1591 351 praedi-

72 333 187 363 candam
216 337 327 367 Christi
357 341 514 371 doctrinam
548 351 631 380 aptos
656 347 837 384 reddendos,
868 352 914 380 vei
940 361 1012 388 quae
1041 357 1133 384 solam
1168 366 1300 393 spectent
1336 365 1588 398 praedicationem.

66 382 159 419 Jussit
185 388 338 418 concilium
365 393 617 432 Aquisgranense,
647 406 662 426 a
689 398 844 429 Ludovico
871 402 946 439 Pio,
975 413 1048 434 anno
1072 407 1335 447 DCCCXXXVI,
1375 424 1588 456 convocatum,

72 434 240 473 episcopum
272 448 407 477 oportere
439 452 565 480 paratum
598 456 684 484 esse,
718 451 753 479 ad
791 452 926 482 veritates
964 455 1065 485 Sacrae
1097 458 1260 495 Scripturae
1293 464 1421 494 salubres
1454 468 1587 498 omnibus

69 492 135 521 apte
161 490 361 523 praedicandas
387 493 417 523 in
445 497 579 528 ecclesia.
620 497 708 529 Hunc
735 501 764 530 in
793 502 878 532 finem
904 506 1032 541 quotidie
1052 508 1076 536 ei
1102 518 1199 540 sacros
1225 512 1316 543 libros
1344 518 1519 547 evoivendos
1542 528 1586 549 es-

68 543 119 572 se,
149 546 184 567 ex
217 541 323 576 quibus
357 553 474 582 quoque
502 548 647 586 disceret,
679 561 738 588 quo
771 555 858 583 modo
894 557 1074 594 orationem,
1105 563 1261 592 secundum
1300 566 1389 596 varias
1422 570 1584 600 auditorum

66 586 149 617 dotes
167 609 178 624 ,
203 590 365 623 institueret
389 597 471 634 (2).
520 600 588 637 Quo
618 603 717 632 eodem
753 607 869 634 saecuio
899 607 1048 638 Valentiae
1078 610 1173 642 habita
1202 617 1331 651 synodus
1357 620 1474 656 voluit,
1502 628 1535 650 ut
1559 623 1583 651 si

67 637 131 673 quis
144 659 154 674 ,
173 650 207 670 ex
226 645 304 672 auiae
322 647 542 686 ecclesiasticis,
565 652 600 680 ab
621 652 795 691 imperatore
814 657 971 694 episcopus
998 670 1159 700 crearetur,
1181 665 1256 695 haud
1282 668 1362 703 prius
1384 671 1583 701 admitteretur

64 688 99 716 ad
117 698 221 722 munus
237 694 419 734 obeundum,
435 709 517 736 quarn
535 710 675 740 examen,
693 712 721 734 et
739 707 773 736 de
790 710 962 747 eruditione,
980 719 1007 740 et
1024 713 1058 741 de
1073 715 1202 745 moribus
1221 718 1357 749 subiisset
1378 722 1464 759 (3).
1506 723 1583 753 Wil-

62 739 203 771 lebertum
228 751 321 776 tamen
335 768 347 785 ‚
368 749 606 783 Catalaunensem
628 758 965 798 episcopunrsscreatum,
996 772 1054 793 non
1079 766 1132 795 alia
1157 768 1327 799 eruditionis
1354 781 1420 802 suae
1442 775 1577 810 specimi-

61 798 97 819 na
119 792 232 824 dedisse
247 799 434 837 accepimus,
457 803 513 832 nisi
529 813 560 833 se
583 807 678 843 legere
697 819 788 846 posse
813 813 978 849 symbolum
999 815 1065 844 fidei
1085 817 1165 855 (4).
1207 820 1384 859 Hincomar,
1407 824 1578 855 Rhemensis

59 841 330 886 Archiepiscopus‚
352 851 426 881 nihil
449 853 527 884 aliud
545 858 661 892 petebat
688 869 704 889 a
731 862 793 891 suis
815 865 1033 901 sacerdotibus,
1053 868 1109 897 nisi
1133 876 1164 898 ut
1185 873 1311 908 symboli
1336 875 1578 914 explicationem,

58 894 276 935 orationemque
297 902 489 940 dominicam,
516 909 674 939 secundum
700 919 814 948 patrum
840 915 1071 946 orthodoxorum
1096 921 1253 952 doctrinam
1269 945 1279 959 ‚
1314 931 1391 954 recte
1428 933 1578 963 tenerent,

56 943 252 993 Gregoriique
274 952 375 989 Magni
398 956 554 988 conciones
578 961 729 998 diligenter
752 966 879 1002 legerent
902 969 982 1006 (5).
1024 971 1111 1008 Aha,
1138 982 1210 1009 quae
1239 977 1295 1005 huc
1317 987 1377 1007 non
1406 980 1577 1015 pertinentia

53 999 220 1036 praecepit,
240 1002 390 1036 mittimus.
430 1008 566 1045 Denique
582 1018 609 1040 et
625 1012 795 1045 Ludovicus
813 1017 883 1047 Pius
901 1020 985 1057 (6),
1008 1028 1036 1050 et
1053 1022 1224 1055 Ludovicus
1238 1027 1266 1056 II
1285 1029 1372 1065 (7),
1396 1037 1422 1058 et
1439 1030 1575 1067 Synodus

53 1046 256 1090 Pontionensis
277 1055 369 1092 (8),
388 1060 629 1093 praedicationem
646 1065 790 1100 publicam
815 1070 1013 1101 sacerdotibus
1033 1075 1170 1104 acerrime
1193 1080 1445 1117 commendarunt,
1475 1082 1575 1111 obser·

53 1099 232 1138 vandamque
246 1104 431 1143 injunxerunt
452 1111 469 1148 (
479 1111 532 1148 9).

82 1149 129 1178 Ex
146 1151 231 1182 dictis
251 1157 322 1186 satis
338 1162 521 1197 comprobari
538 1163 681 1203 arbitror,
704 1171 852 1201 ecclesiam
867 1172 1063 1204 Christianam
1077 1177 1133 1205 hoc
1150 1179 1269 1208 omnino
1285 1181 1422 1211 debuisse
1438 1183 1568 1220 Carere,

50 1205 103 1236 ut,
126 1204 346 1238 praedicationis
372 1211 524 1249 publicae,
547 1216 630 1252 cujus
656 1225 722 1246 ante
744 1220 826 1249 illum
851 1225 929 1253 nulla
948 1227 1071 1262 amplius
1098 1238 1165 1258 cura
1183 1230 1360 1268 habebatur,
1382 1241 1484 1270 postea
1504 1244 1572 1265 cura

51 1258 67 1279 a
92 1253 224 1286 conciliis
247 1264 275 1287 et
299 1259 480 1298 principibus
506 1273 664 1301 gereretur.
705 1270 829 1306 Aliquid
855 1273 924 1302 boni
943 1275 1032 1311 igitur
1059 1278 1093 1306 ab
1122 1287 1156 1307 eo
1182 1280 1312 1309 effectum
1339 1289 1395 1312 est.
1437 1284 1476 1312 At
1499 1293 1568 1313 vero

47 1309 231 1341 summopere
259 1312 437 1349 cavendum,
468 1323 504 1344 ne
527 1323 686 1355 putemus,
714 1329 799 1357 eum,
829 1331 889 1352 uno
914 1326 996 1361 quasi
1021 1327 1080 1357 ictu
1113 1329 1252 1367 dissipare
1276 1333 1408 1369 potuisse
1435 1335 1565 1365 tenebras

8 1383 10 1389 ,
47 1352 245 1393 ignorantiae,
275 1368 347 1395 quae
375 1365 582 1403 plerorumque
613 1371 784 1401 clericorum
818 1382 928 1405 mentes
959 1387 1182 1415 occupaverant.
1231 1384 1310 1413 Haec
1346 1385 1434 1422 igitur
1465 1386 1567 1422 utique

46 1402 250 1442 impedimento
268 1419 364 1449 erant,
388 1411 543 1451 quominus
558 1420 739 1457 imperatoris
755 1426 883 1455 mandata
900 1436 959 1457 eam
977 1439 1111 1465 parerent
1130 1434 1264 1464 ecclesiae
1282 1436 1432 1465 utilitatem
1444 1458 1454 1472 ‚
1480 1444 1562 1471 quam

45 1453 109 1491 ipse
131 1458 217 1488 exiis
235 1469 402 1500 perceptum
421 1467 457 1495 iri
474 1471 619 1506 sperabat:
661 1474 727 1509 Ipse
743 1485 813 1506 vero
838 1487 897 1508 non
919 1480 948 1509 id
965 1482 1033 1511 satis
1051 1484 1142 1520 egisse
1163 1486 1297 1523 videtur,
1321 1495 1370 1524 ut,
1397 1495 1465 1522 quas
1480 1487 1565 1524 jube-

45 1513 106 1552 ret,
128 1510 205 1547 ieges
229 1522 281 1549 per
300 1524 413 1546 omnem
434 1519 548 1557 imperii
565 1525 611 1553 sui
633 1526 770 1557 ditionem
793 1529 1035 1567 observarentur,
1059 1536 1168 1572 quique
1193 1546 1238 1566 eas
1256 1545 1303 1565 aut
1323 1544 1559 1575 contemnerent,

43 1557 92 1585 ant
113 1564 398 1604 transgrederentur),
424 1570 517 1607 justas
540 1583 648 1610 poenas
673 1578 784 1608 darent.
826 1581 915 1619 Quod
940 1583 965 1611 si
988 1592 1133 1622 curasset,
1164 1596 1241 1621 non,
1264 1588 1369 1623 credo,
1391 1590 1558 1626 contingere

0 1627 2 1630 .
42 1607 206 1646 potuisset,
228 1619 282 1649 ut,
303 1618 430 1647 secundo
447 1621 504 1657 jam
522 1632 598 1653 anno
617 1634 686 1662 post
708 1628 821 1658 obitum
846 1633 927 1669 ejus,
949 1633 1120 1665 Rhemensis
1149 1638 1426 1676 Archiepiscopatus
1452 1640 1482 1670 in
1508 1642 1561 1671 ho-

41 1656 142 1688 minem
166 1662 371 1705 conferretur,
395 1671 445 1706 qui
469 1677 611 1712 euangelii
633 1679 736 1718 verba,
768 1691 830 1712 non
849 1685 933 1723 dico,
960 1696 1022 1718 non
1048 1691 1209 1728 explicare,
1232 1692 1284 1721 sed
1310 1701 1346 1722 ne
1371 1694 1466 1730 legere
1495 1695 1558 1731 qui·

41 1706 102 1736 dem
119 1720 218 1745 posset
238 1716 254 1754 <
265 1717 339 1755 10).

1470 1798 1501 1834 §-
1525 1806 1554 1836 3·

46 1838 50 1842 ⁴
71 1841 108 1874 (ι
119 1842 138 1877 )
155 1844 208 1877 Ap.
225 1845 337 1875 La-un-oi.
354 1850 373 1876 1.
389 1850 407 1878 Ι.
427 1860 453 1883 c.
468 1860 496 1887 7.
511 1863 539 1888 p.
559 1864 605 1891 14,
627 1867 667 1893 ις.
768 1864 831 1900 (2)
851 1868 985 1897 Schr6ckh
997 1890 1005 1903 ,
1027 1879 1045 1899 t.
1061 1873 1163 1900 XXIII.
1181 1883 1209 1908 p.
1225 1882 1282 1907 123·

2 1916 5 1919 .
69 1886 134 1923 (3)
151 1891 286 1918 Schr6ckh
297 1913 305 1925 ‚
326 1901 345 1922 t.
360 1896 447 1926 XXII.
464 1908 494 1934 p.
508 1904 556 1936 478
575 1912 617 1937 sq.
702 1907 767 1943 (4)
787 1913 923 1943 Schr5ck12
935 1936 944 1949 ‚
963 1920 982 1945 1.
997 1919 1021 1947 l.
1114 1919 1180 1955 (5)
1201 1922 1356 1954 Schrockh‚
1375 1933 1403 1958 p.
1414 1926 1479 1959 480,
1492 1926 1552 1959 481¹,

27 1967 30 1970 Δ
46 1931 48 1936 “
67 1936 130 1970 (6)
151 1939 284 1967 δεὴῑόεῐιὶι
295 1960 303 1973 ,
322 1950 349 1975 p.
364 1946 423 1978 487.
560 1950 624 1987 (7)
644 1955 800 1990 Schrockh,
817 1967 847 1993 p.
863 1964 922 1994 508.
1058 1965 1122 2000 (8)
1141 1966 1298 2000 schrockh,
1317 1971 1336 1996 1.
1351 1972 1370 1997 1.

69 1981 134 2017 (9)
153 1985 287 2013 Schro'ckh
297 2007 307 2020 ‚
325 1998 352 2022 p.
367 1999 429 2023 501.

71 2028 156 2065 (ιο)
175 2033 233 2062 vin.
252 2035 379 2064 sirmondi
399 2042 497 2069 concil.
518 2043 588 2072 Gan.
607 2051 626 2073 t.
642 2047 691 2076 ΙΙΙ.
710 2057 738 2083 p.
752 2058 811 2085 359.
831 2060 875 2087 ep.
891 2055 984 2083 Caroli
1004 2057 1077 2085 Calvi
1094 2058 1125 2084 ad
1142 2058 1233 2087 Nicol-.
1251 2061 1274 2087 Ι.
1292 2061 1325 2088 Ρ.
1342 2069 1377 2090 m.
