1919 2511
318 229 357 258 60
622 224 820 256 PETRI
866 223 1220 254 ABRAHAMI
1265 225 1511 263 JELTES

319 309 471 347 vaporibus
496 309 609 345 fotum,
632 315 660 337 et
688 307 878 345 frequentiori
900 307 1065 336 extensione
1085 306 1201 336 curabat
1226 307 1336 336 humeri
1359 315 1468 338 motum
1490 313 1567 347 (179
1577 307 1602 344 ).
1645 307 1825 344 Sequebatur

316 362 392 390 hunc
420 368 565 390 externum
594 361 781 389 remediorum
803 369 885 388 usum
907 359 998 388 facilis
1022 359 1181 394 repositio,
1203 367 1270 388 mox
1289 368 1356 388 vero
1381 367 1466 395 caput
1489 359 1600 388 humeri
1625 360 1750 394 elapsum
1770 361 1822 388 ite-

314 422 375 441 rum
405 412 557 449 pristinum
582 411 735 440 luxationis
762 412 858 439 locum
891 409 1066 445 occupabat,
1098 407 1193 436 facilis
1227 415 1319 438 tamen
1343 410 1445 438 iterum
1471 410 1643 445 sequebatur
1668 410 1819 445 reducti03

315 470 383 491 tunc
407 469 497 491 autem
528 462 635 497 spicam
658 461 860 490 cordiformem
884 462 985 498 (180)
1014 459 1043 487 in
1066 459 1176 487 axillam
1200 460 1254 488 alte
1281 459 1466 496 immittebat,
1491 462 1600 496 qualem
1620 461 1654 489 ad
1667 459 1819 490 fracturam

314 514 469 542 claviculae
492 513 640 541 curandam
663 513 757 540 laudat
776 510 902 548 Flajani‚
926 517 953 538 et
971 509 1037 539 felix
1062 511 1119 539 fuit
1139 511 1225 548 huJ'us
1245 511 1399 541 luxationis
1424 511 1532 541 exitus·

349 564 501 592 Schneider
527 564 681 593 machinam
702 563 915 591 ,Mennclianam
944 562 1090 590 emendare
1111 561 1220 590 studuit
1241 562 1367 599 (181),
1390 571 1461 599 quae
1483 561 1690 590 emendationes
1710 563 1822 598 praeci·

311 625 366 652 pue
387 615 548 647 consistunt
572 615 600 644 in
622 614 747 651 longiori
772 620 899 643 extremo
928 611 1109 641 instrumenti
1139 613 1288 648 tractorii‚
1318 614 1396 649 quod
1423 613 1505 641 etiarn
1536 612 1646 640 facilius
1674 619 1701 640 et
1727 612 1821 648 aptius

308 667 418 696 cuidam
444 666 523 703 infigi
542 672 642 703 potest
667 671 776 701 puncto
802 664 880 700 fixo,
902 671 987 700 atque
1008 664 1038 693 in
1064 664 1220 694 mutatione
1241 665 1301 694 axis
1329 665 1489 700 versatilis,
1521 665 1577 700 qua
1599 663 1711 693 facilius
1736 662 1820 692 funes

307 721 461 748 tenduntur
481 722 496 754 (
510 719 564 747 182
574 719 601 754 ).

346 772 380 799 In
406 769 572 798 reductione
598 777 630 797 os
653 770 778 797 luxatum
801 769 883 796 talem
909 767 994 796 situm
1022 768 1124 797 habere
1149 769 1252 804 debet,
1279 768 1364 797 sicuti
1392 775 1488 797 monet
1516 767 1664 796 Bernstcin
1686 767 1830 804 (183)‚'

308 822 400 857 qualis
423 821 541 849 maxime
567 822 763 848 musculorum
793 819 959 848 relaxationi
985 820 1139 855 convenit,
1170 825 1197 847 et
1224 819 1352 848 extensio
1382 818 1441 847 fieri
1468 827 1553 854 supra
1580 819 1719 854 condylos
1746 818 1821 846 ossis

307 871 434 907 humeri,
463 871 549 900 simul
577 871 871 900 contra-extensione
895 872 923 899 in
949 873 1092 908 scapulam
1118 877 1145 899 et
1170 871 1336 900 claviculam
1367 871 1462 906 parata
1491 870 1607 907 (184).
1656 868 1751 898 Primo
1778 871 1821 898 lo-

308 929 393 951 cutus
413 922 520 960 (185)
547 922 582 949 de
600 921 707 949 auxilio
732 922 853 950 manuali
875 922 987 958 saepius
1012 922 1040 951 in
1063 923 1171 951 recenti
1193 921 1337 951 laxatione
1355 920 1533 953 sufficiente,
1554 920 1588 949 ad
1605 919 1820 948 instrumentale

307 973 426 1008 transit,
449 972 611 1009 praemissis
637 971 744 1008 regulis
771 981 786 1001 a
809 973 948 1002 Richtero
976 974 1086 1011 (186)
1118 973 1277 1010 propositis
1306 973 1341 1001 ad
1366 971 1556 1000 restitutionis
1589 971 1753 999 methodum
1780 969 1823 999 fa·

305 1025 479 1053 cilitandam.
519 1023 663 1053 Memorat
688 1031 781 1052 autem
806 1025 957 1054 Bernstein
979 1025 1083 1062 (18])
1104 1026 1331 1058 nonnullorum,
1353 1023 1387 1051 de
1405 1022 1510 1058 quibus
1527 1023 1582 1059 jam
1603 1021 1745 1057 vidimus,
1764 1030 1823 1049 me-

305 1076 421 1105 thodos.
463 1075 523 1104 Illis
549 1075 637 1112 igitur
654 1074 790 1110 omissis,
811 1074 893 1103 liceat
913 1076 998 1106 nobis
1021 1078 1118 1114 potius
1141 1078 1191 1106 hic
1215 1085 1358 1114 exponere
1380 1075 1555 1105 reductionis
1578 1076 1713 1112 modum,
1735 1084 1820 1111 quem

305 1127 390 1156 docet
409 1125 666 1164 Brzismighausen,
688 1131 716 1154 et
741 1125 826 1154 tradit
846 1125 997 1156 Bernstein
1018 1128 1138 1164 (188).

343 1177 611 1207 Contra-extensio
635 1176 667 1205 fit
692 1184 745 1212 per
776 1177 919 1211 quoddam
955 1177 1142 1206 retinaculum
1176 1177 1388 1214 clypeiforme,
1417 1176 1531 1205 articuli
1562 1185 1618 1213 ope
1635 1198 1645 1213 ‚
1674 1177 1819 1206 machinae

306 1229 423 1265 corpori
444 1228 575 1257 affixum.
616 1226 728 1254 Praeter
753 1227 837 1261 lora,
869 1235 942 1262 quae
967 1227 1002 1255 ad
1024 1227 1097 1256 illud
1122 1226 1289 1256 firmandum
1315 1227 1344 1255 in
1368 1236 1402 1256 eo
1426 1228 1550 1263 adsunt,
1580 1227 1765 1257 inveniuntur
1790 1228 1820 1257 in

307 1279 449 1316 superiori
473 1284 574 1315 parte,
595 1276 630 1304 ad
651 1275 844 1312 recipiendum
869 1277 1018 1306 humerum
1044 1279 1196 1314 excavatti,
1226 1279 1296 1307 duae
1317 1277 1459 1307 incisurae
1481 1278 1625 1314 minores,
1648 1278 1754 1314 quibus
1772 1287 1819 1307 ca-

305 1337 411 1364 vetur,
432 1337 467 1358 ne
488 1327 618 1357 tendines
638 1336 676 1356 m.
698 1327 852 1363 pectoralis
873 1328 988 1366 majoris
1013 1335 1041 1358 et
1061 1329 1192 1358 latissimi
1216 1329 1296 1359 dorsi
1322 1335 1497 1366 premantur.
1538 1329 1679 1357 Extensio
1707 1328 1818 1358 obtinet

306 1389 359 1417 per
381 1380 537 1409 trochleam
557 1378 619 1407 sine
647 1378 704 1406 fine
724 1378 851 1415 (189),
883 1388 966 1415 quam
983 1382 1157 1418 polyspasto
1179 1381 1382 1419 simpliciorem
1409 1387 1438 1409 et
1465 1380 1610 1409 meliorem
1633 1379 1700 1408 dicit
1723 1380 1816 1409 131ίί11-

307 1433 486 1470 nighausen,
508 1438 536 1461 et
556 1432 726 1470 affigendam
747 1432 865 1470 corpori
884 1433 1041 1464 machinae.

364 1515 395 1550 S.
426 1521 471 1550 15.
511 1513 550 1542 L.
579 1513 778 1543 Liimmerbirt
804 1515 940 1553 (1805).
988 1515 1026 1553 J.
1058 1515 1093 1547 Τ.
1125 1515 1280 1544 Warnecke
1309 1515 1451 1553 (1810).
1501 1512 1600 1542 Motha
1621 1511 1756 1549 (1812).

400 1564 439 1602 J.
470 1564 510 1593 H.
540 1564 661 1602 Freitag
690 1565 835 1601 (1812).
884 1568 916 1596 S.
949 1565 1054 1605 cooper
1085 1567 1224 1605 (1813).
1274 1566 1362 1602 Boyer
1395 1564 1529 1602 (1814).
1576 1563 1623 1592 W.
1658 1562 1718 1598 Hcy

991 1619 1093 1655 (1814
1108 1619 1135 1652 ).

344 1697 434 1727 Nulla
459 1697 492 1726 fit
512 1696 588 1732 apud
611 1696 810 1727 Lcimmcrhirt
832 1698 940 1728 mentio
961 1701 1113 1737 apparatus
1132 1698 1345 1734 machinarum,
1365 1697 1415 1725 sed
1438 1696 1551 1732 quidem
1575 1694 1676 1724 auxilii
1699 1703 1813 1725 manua·

306 1751 364 1787 lis,
395 1749 474 1786 quod
506 1748 662 1778 secundum
699 1749 778 1779 illius
810 1750 980 1780 sententiam
1009 1752 1045 1780 ad
1075 1750 1270 1781 eXtensionem
1302 1755 1330 1778 et
1361 1745 1698 1777 contra-extensionem
1729 1754 1811 1783 prae-

1761 1802 1817 1824 stat
1852 1826 1855 1829 ,

338 1882 438 1918 (179)
465 1883 547 1909 Cous.
570 1883 716 1909 Bernstem.
742 1882 787 1909 iib.
811 1883 937 1910 Verrenk.
955 1890 1008 1911 cet.
1035 1892 1061 1917 p.
1081 1891 1137 1917 144.

336 1930 352 1962 (
366 1928 436 1963 180)
464 1929 519 1954 Tali
539 1929 613 1962 spica
632 1936 685 1954 non
702 1929 797 1961 Flajani
813 1929 857 1954 sed
876 1930 984 1957 Desault
1002 1937 1061 1956 usus
1076 1936 1116 1955 est
1131 1930 1156 1955 in
1174 1928 1292 1955 fractura
1311 1926 1463 1953 claviculae.
1489 1924 1562 1953 conf.
1580 1925 1722 1951 Bernstem.
1749 1925 1768 1952 1.
1784 1930 1810 1951 c.

339 1974 439 2009 (181)
466 1974 575 2001 Loder's
592 1974 681 2009 Journ.
699 1981 753 2002 cet.
780 1982 804 2009 3.
823 1974 872 2002 Bd.
895 1982 920 2008 3.
939 1982 972 2004 st.
999 1984 1026 2009 p.
1043 1976 1102 2010 464.

338 2021 434 2056 (182)
461 2021 478 2047 1.
493 2028 519 2048 c.
541 2029 569 2054 p.
583 2021 633 2053 465
651 2027 708 2053 seq.
926 2020 1021 2055 (183)
1049 2022 1067 2049 l.
1085 2029 1112 2048 c.
1136 2029 1165 2056 p.
1184 2021 1240 2054 136.

337 2066 434 2102 (184)
461 2067 480 2093 l·
499 2074 524 2095 c.
547 2074 574 2099 p.
595 2072 652 2100 137.
855 2083 859 2089 .

337 2112 435 2147 (185)
462 2113 481 2140 1.
499 2119 524 2139 c.
550 2120 578 2145 p.
598 2112 644 2143 136
662 2119 718 2145 seq.
924 2111 1022 2147 (186)
1048 2113 1169 2146 Chirurg.
1194 2111 1319 2139 Biblioth.
1345 2118 1376 2140 10
1390 2110 1441 2138 Bd.
1464 2117 1491 2143 p.
1508 2115 1568 2142 449·

336 2157 435 2193 (187)
463 2160 480 2186 l.
499 2165 525 2185 c.
548 2165 575 2191 p.
595 2157 748 2190 ¹53—161·
932 2159 1032 2193 (188)
1057 2161 1076 2188 Ι.
1094 2168 1121 2188 c.
1147 2167 1175 2193 p.
1194 2160 1254 2187 161.

337 2203 434 2240 (189)
462 2206 480 2232 l.
498 2212 523 2231 c.
550 2213 577 2238 p.
597 2204 654 2231 162.
