1919 2511
267 210 300 245 38
575 205 773 237 PETRI
820 202 1470 242 ABRAHAMIJELTES

268 296 356 326 caput
378 290 450 319 ossis
475 289 607 326 humeri,
629 290 710 326 signa
731 289 842 318 humeri
870 288 958 318 luxati
976 288 1060 317 tradit
1076 290 1117 325 (9
1132 290 1166 323 ),
1192 284 1340 324 sequentia
1359 295 1518 317 memorans
1542 285 1576 315 de
1595 286 1672 316 illius
1695 293 1782 323 repo*

268 342 396 371 sitione:
435 363 453 377 „
479 341 576 377 modi,
601 341 705 376 quibus
733 341 868 369 humerus
895 340 923 369 in
948 342 1018 369 alam
1044 342 1159 369 luxatus
1179 341 1328 376 reponitur
1348 339 1406 368 fere
1429 340 1524 368 decem
1546 339 1580 368 ab
1604 337 1783 375 Hippocrate

269 400 491 427 enumerantur,
514 391 563 427 qui
589 392 646 423 (ut
668 391 755 419 verbo
775 391 841 419 alibi
860 392 915 428 jam
941 388 1130 428 monuimus)
1151 392 1185 420 ad
1208 392 1262 420 tria
1291 399 1392 428 genera
1418 391 1569 420 commodo
1592 390 1689 419 reduci
1716 398 1784 427 pos-

271 451 350 473 sunt.
390 444 507 472 Primus
523 442 617 471 modus
635 442 668 470 fit
683 451 733 478 per
751 444 1049 477 circumrotationom,
1071 443 1131 471 sive
1146 443 1439 477 circumvolutionem,
1461 443 1527 470 dum
1549 443 1595 470 vel
1614 449 1717 478 aeger,
1738 442 1786 469 vel

273 495 401 522 medicus
421 502 533 522 manum
546 514 557 529 ,
579 493 713 522 omnibus
730 493 815 522 nodis
835 493 1019 530 adstrictam,
1036 494 1117 530 ponit
1138 494 1190 522 sub
1207 494 1319 523 axillam
1333 515 1343 529 ‚
1366 501 1398 522 ut
1420 494 1488 522 nodi
1512 493 1596 522 medii
1623 499 1709 529 caput
1731 493 1785 520 hu-

271 544 340 573 meri
367 545 395 573 in
423 545 571 573 cavitatem
597 544 781 580 impellant.”
823 544 880 573 Hic
905 545 1001 573 eadem
1020 552 1118 573 monet
1140 552 1258 578 auctor,
1283 554 1354 580 quae
1379 545 1571 581 Hippocrates
1594 544 1702 580 aliique
1726 552 1788 572 mo-

271 602 397 624 nuerunt
420 596 453 623 de
472 595 605 631 corporis
623 595 742 631 habitu,
768 595 816 631 qui
838 595 1015 632 requiritur,
1036 603 1067 624 ut
1084 597 1153 624 haec
1173 596 1347 625 encheiresis
1360 595 1504 630 sufficiat,
1525 604 1619 631 neque
1636 595 1724 632 igitur
1740 603 1788 624 su-

271 655 323 682 pra
338 646 412 674 dicta
428 653 557 682 repetere
574 655 649 683 opus
671 655 734 675 esse
755 647 882 676 videtur.
913 667 933 682 „
948 646 1089 675 Secundus
1106 647 1200 676 modas
1218 647 1249 676 fit
1265 647 1317 677 via*
1330 646 1660 684 contraridprolapsui;
1681 645 1790 675 humeri

272 705 359 733 caput
384 697 409 725 si
429 699 564 733 luxetur,
595 697 688 734 primo
713 707 727 726 a
753 698 819 726 sinu
838 698 967 733 recedit,
998 704 1026 726 et
1053 698 1094 726 sic
1119 699 1148 727 in
1172 699 1343 727 anteriorem
1366 706 1476 735 partem
1502 704 1660 734 movetur,
1691 696 1792 726 deinde

273 750 408 777 deorsum
440 748 551 784 fertur,
583 749 670 777 tertio
696 749 731 777 ad
754 755 862 785 partem
890 749 1081 785 posteriorem
1108 749 1129 778 i.
1154 759 1180 780 e.
1208 757 1285 779 retro
1307 759 1322 778 a
1347 749 1487 779 musculis
1513 749 1647 778 trahitur·
1687 747 1794 778 Differt

272 800 318 827 hic
341 799 443 827 modus
469 808 484 827 a
505 800 619 835 primo,
643 800 722 835 quod
745 800 775 828 in
799 800 855 828 hoc
884 808 935 836 per
959 799 1243 830 circumrotationem
1269 801 1302 830 fit
1318 808 1412 830 motus
1430 809 1482 836 per
1501 801 1591 829 lineas
1615 808 1740 835 curvas,
1763 800 1793 829 in

271 850 398 879 secundo
424 858 474 886 per
500 857 602 880 rectas.
643 850 677 879 In
701 851 878 880 restituendo
909 859 977 887 ergo
1001 850 1083 879 etiarn
1108 858 1164 880 tres
1192 851 1221 880 hi
1248 858 1344 880 motus
1368 858 1437 880 sunt
1461 851 1622 886 efficiendi,
1650 851 1699 880 via
1727 858 1795 887 pro-

272 901 367 937 lapsui
393 901 557 937 contraria,
579 899 672 937 primo
699 910 713 930 a
742 902 953 938 posterioribus
978 902 1013 931 ad
1043 902 1206 938 anteriora,
1225 903 1352 932 secundo
1378 903 1414 932 ab
1443 902 1637 932 anterioribus
1657 902 1692 931 ad
1709 910 1797 938 supe-

275 953 374 988 riora,
396 953 481 981 tertio
509 952 624 981 retr0.’⁷
665 953 721 981 His
745 953 821 981 addit
839 952 988 982 Fabricius
1008 954 1079 990 (3)
1112 974 1131 990 „
1150 953 1273 990 primum
1291 954 1379 990 igitur
1398 955 1550 991 chirurgus
1568 960 1695 991 apponet
1710 958 1796 990 caput

273 1004 308 1032 ad
331 1012 471 1032 summum
497 1004 646 1031 humerum
676 1003 832 1039 patientis,
853 1003 955 1033 deinde
979 1004 1087 1041 digitos
1113 1005 1167 1033 sub
1193 1006 1264 1033 alam
1289 996 1448 1042 immittet3
1472 1005 1556 1034 tertio
1574 1014 1648 1042 genu
1665 1004 1796 1033 cubitum

276 1062 407 1091 premet,
432 1062 459 1084 et
488 1055 601 1090 hocque
626 1054 688 1083 fieri
713 1055 797 1083 debet
819 1063 903 1091 aegro
930 1055 1057 1085 sedente.
1098 1055 1209 1084 Tertius
1238 1055 1334 1084 modus
1352 1058 1494 1093 generalis
1511 1056 1628 1085 sccundo
1648 1055 1732 1085 addit
1748 1064 1796 1084 ex-

275 1107 445 1140 tensionem,
471 1115 542 1141 quae
569 1107 686 1135 maxime
704 1115 861 1135 necessaria
879 1113 938 1139 est,
961 1107 986 1134 si
1006 1113 1093 1143 caput
1111 1106 1221 1135 humeri
1237 1107 1265 1136 in
1281 1109 1347 1136 loco
1374 1107 1468 1136 alieno
1488 1109 1542 1145 jam
1572 1108 1609 1137 sit
1636 1108 1796 1141 firmatum,

281 1156 385 1185 accidit
413 1156 552 1193 insuper,
585 1159 662 1193 quod
689 1159 813 1186 musculi
837 1166 1091 1197 semper-sursum
1119 1158 1253 1194 trahant,
1281 1159 1356 1187 unde
1383 1159 1474 1187 oritur
1500 1159 1635 1188 indicatio
1664 1159 1798 1187 deorsum

277 1207 407 1236 trahendi
427 1216 478 1244 per
503 1209 709 1237 extensionem.
747 1208 920 1237 Absolvitur
945 1207 991 1236 hic
1017 1208 1120 1237 modus
1151 1210 1198 1238 vel
1225 1209 1287 1238 sine
1311 1209 1509 1239 instrumentis
1529 1211 1576 1239 vel
1600 1218 1665 1238 cum
1692 1209 1798 1239 instru-

277 1256 416 1287 mentis-’'

313 1308 376 1345 Jam
398 1318 466 1338 vero
486 1310 617 1346 pervenit
640 1309 786 1339 Fabricius
807 1310 843 1338 ad
866 1310 971 1340 auxilia
993 1310 1060 1348 (4)
1079 1308 1272 1347 recensenda,
1292 1311 1323 1340 in
1350 1313 1425 1340 ossis
1450 1313 1562 1342 humeri
1586 1312 1732 1342 laxatione
1751 1311 1799 1340 ad·

280 1359 389 1394 hibita,
419 1368 491 1395 quae
520 1369 584 1388 cum
616 1362 710 1389 eadem
744 1361 824 1396 sint,
861 1363 968 1397 quibus
1001 1371 1070 1391 usus
1106 1370 1150 1391 est
1184 1363 1400 1398 Hippocrates,
1427 1365 1544 1393 silentio
1578 1363 1731 1401 praeterire
1765 1361 1800 1390 li·

282 1417 356 1440 ceat.
406 1411 562 1447 Forestus,
592 1412 749 1447 reponendi
778 1412 920 1441 methodis
949 1412 1138 1450 Hippocratis
1165 1421 1192 1442 et
1215 1413 1297 1443 Celsi
1322 1414 1351 1442 in
1374 1414 1518 1443 luxatione
1543 1415 1653 1443 humeri
1675 1412 1799 1443 recensi-

283 1461 322 1490 tis
343 1461 427 1499 (5)‚
451 1471 531 1498 eam,
557 1472 627 1498 quae
649 1463 681 1492 fit
705 1463 839 1493 inferiora
855 1473 975 1500 versus,
999 1464 1128 1500 quinque
1147 1464 1239 1492 modis
1259 1465 1356 1493 reduci
1373 1474 1460 1501 posse
1480 1465 1564 1493 tradit
1586 1465 1668 1502 (6)=
1707 1464 1802 1502 „pri-

287 1521 348 1540 mus
377 1513 409 1541 fit
433 1513 462 1542 in
491 1514 622 1549 lenibuS,
655 1521 682 1543 et
711 1517 873 1545 extenditur
899 1516 1046 1544 brachium
1078 1515 1215 1552 imposito
1248 1524 1367 1552 pugno,
1395 1522 1444 1545 aut
1470 1516 1580 1553 digito,
1612 1522 1660 1545 aut
1683 1504 1802 1543 summi-

285 1569 342 1592 tate
369 1564 479 1592 humeri
508 1564 561 1592 sub
587 1564 691 1594 axilla:
713 1566 814 1594 deinde
835 1566 921 1603 (ait)
943 1566 1082 1594 trahendo
1107 1566 1278 1602 inclinetur,
1301 1575 1331 1595 et
1350 1568 1480 1596 trahatur
1497 1567 1642 1596 brachium
1667 1567 1702 1595 ad
1728 1564 1802 1594 infe·

289 1614 385 1649 riora,
408 1621 440 1643 ut
464 1615 624 1644 reducatur.
669 1616 810 1645 Secundus
835 1619 863 1645 in
884 1617 1122 1652 robustioribus,
1150 1617 1175 1645 si
1202 1625 1327 1653 ponatur
1357 1620 1470 1655 glomus
1492 1619 1546 1646 sub
1572 1618 1674 1651 axilla,
1697 1624 1723 1644 et
1747 1623 1802 1644 tra·

287 1665 372 1693 hatur
390 1666 523 1702 superi-us
550 1666 664 1695 fortiter
683 1676 745 1695 cum
770 1668 900 1704 mantili,
922 1673 972 1697 aut
1001 1658 1212 1704 pede‘fortiter
1243 1669 1417 1705 impingatur
1439 1668 1559 1697 inferius
1579 1669 1726 1697 brachium
1745 1675 1802 1695 tra·

285 1716 403 1754 henan,
432 1724 460 1746 et
486 1718 649 1748 reducetur.
688 1718 801 1747 Tertius
825 1718 941 1755 modus,
965 1718 1063 1756 posito
1090 1721 1219 1756 glomero
1252 1721 1306 1748 sub
1333 1720 1417 1749 axilla
1438 1720 1545 1757 lignum
1573 1727 1735 1748 transverse
1749 1725 1801 1754 po-

286 1775 391 1804 natur,
412 1774 439 1796 et
465 1769 594 1796 elevetur
617 1778 669 1805 per
695 1769 767 1798 duos
789 1770 1010 1806 ministros,.et
1031 1771 1157 1800 trahatur
1185 1770 1300 1800 vfortiter
1316 1771 1462 1800 brachium
1483 1772 1517 1800 ad
1538 1770 1690 1800 inferiora:
1714 1776 1742 1798 et
1759 1777 1803 1796 re-

291 1819 423 1848 ducetur.
464 1818 612 1856 Quartus,
632 1821 754 1858 posito,
773 1822 947 1859 elevatoque
969 1831 1059 1860 aegro
1084 1830 1170 1858 super
1190 1823 1309 1860 sellam,
1331 1825 1461 1860 glomero
1480 1822 1606 1851 immisso
1628 1821 1681 1851 sub
1699 1819 1801 1852 axilla,

1767 1870 1802 1898 ad

323 1957 391 1993 (2)
424 1960 528 1986 Fabric.
552 1960 633 1994 Oper.
654 1961 730 1988 Chir.
748 1969 807 1995 pars
824 1969 852 1990 ι.
869 1971 895 1996 p.
912 1963 971 1996 356.
990 1962 1075 1997 Lrgd.
1089 1964 1147 1990 Bar.
1164 1971 1237 1998 1723.

330 2005 396 2040 (3)
416 2008 432 2033 1.
444 2015 469 2032 c.
487 2015 514 2039 p.
527 2008 584 2038 358.

325 2052 387 2087 (4)
408 2055 425 2080 ¹-
445 2060 469 2080 c·
489 2061 515 2086 p·
530 2061 588 2086 359·

325 2099 364 2135 (5
385 2099 399 2130 ⁸)
417 2101 520 2126 Forett,
545 2102 600 2127 obs.
620 2101 692 2128 Chir.
712 2107 731 2129 t.
747 2100 810 2135 4.'l.
830 2110 857 2137 9.
877 2104 935 2131 ets.
949 2111 974 2137 4-
993 2113 1021 2138 p.
1037 2112 1095 2137 292.
1114 2103 1242 2131 Rothom.
1262 2103 1334 2137 1653.
1355 2104 1403 2131 sol.

325 2145 390 2182 (Ο)
417 2148 434 2175 l.
454 2155 483 2176 c.
