1919 2511
615 152 1022 188 ORATIO.
1516 162 1554 191 13

133 240 196 273 Sed
214 236 300 272 absit
319 235 459 271 Invidia!
483 237 523 269 A.
546 237 586 269 A.
611 239 657 270 H.
674 240 740 271 H.!
772 244 804 271 et
828 248 934 283 quum
959 241 1096 284 quisque
1105 242 1249 283 [suomm
1268 243 1446 277 verborum
1465 246 1555 289 opti-

88 307 164 332 mus
181 296 306 329 censeri
320 298 426 339 potest
440 294 621 336 interpres,
644 305 713 328 non
729 294 908 328 abnuimus
928 295 1196 340 Philosophicam
1216 299 1304 331 Artis
1314 300 1464 332 Medicae
1481 306 1555 333 tra-

87 353 217 386 dendae
241 350 455 383 methodum:
486 350 623 382 minime
645 351 820 383 Gentium!
867 352 931 384 Sed
949 350 1041 385 illam
1067 363 1187 396 pinam
1200 379 1209 395 ,
1233 360 1360 387 castam
1373 380 1382 396 ‚
1408 355 1450 388 ad
1472 356 1555 389 doc-

85 410 207 443 trinam
223 407 426 439 Socraticam
446 406 753 448 accommodatam,
780 407 823 439 ad
847 409 925 442 Divi
945 408 1132 441 Medicinae
1147 411 1300 443 Parentis
1318 416 1436 455 typum
1454 411 1556 445 effor-

85 469 211 497 matam
221 487 230 504 ,
254 473 356 506 quam
372 461 447 494 inde
466 473 485 494 a
496 461 690 495 Boerhaevii
708 468 813 495 aetate
829 464 967 514 professi
982 470 1061 497 sunt
1071 490 1080 506 ,
1102 471 1262 509 quotquot
1277 468 1439 510 praeclari
1455 466 1555 511 hujus

85 519 237 562 Magistri
260 518 328 551 veri
353 517 535 560 Discipuli,
558 518 621 551 hac
643 519 677 551 in
699 519 875 552 Academia
897 521 1024 553 Praxin
1051 521 1217 554 Medicam
1240 522 1445 566 docuerunt,
1470 530 1501 557 et
1521 525 1557 558 in

85 574 285 609 Nosocomio
299 573 520 616 Academico,
543 585 612 607 non
626 580 758 608 tantum
778 575 935 617 auribuS,
958 577 1017 609 sed
1035 583 1066 610 et
1084 578 1186 611 oculis
1206 580 1389 621 Pironum,
1413 586 1450 613 ut
1469 583 1557 624 opti-

84 641 197 672 mam,
220 631 313 663 omni
332 630 459 662 ratione
486 629 786 663 commendabilem
800 655 810 672 ,
834 637 866 663 et
893 632 928 664 in
948 632 1056 666 futura
1077 634 1171 677 praxi
1190 635 1295 678 largos
1313 636 1440 670 fructus
1457 637 1559 670 datu-

83 698 178 728 ram,
201 685 433 718 mathematica
448 686 534 720 velut
550 686 743 720 certitudine
761 686 1053 731 demonstrarunt,
1077 696 1108 722 et
1117 690 1206 723 Artis
1217 691 1402 725 Historiam
1415 717 1425 735 ,
1443 693 1559 727 Philo-

82 742 221 786 sophiae
242 742 368 774 lumine
396 742 593 776 illustratam
624 753 703 775 cum
724 742 991 777 Institutionibus
1023 745 1163 779 Medicis
1188 747 1376 781 felicissimo
1400 759 1558 783 successu

84 800 337 841 conjunxerunt.
370 799 504 830 Horum
520 799 631 842 itaque
641 799 836 831 Antistitum
857 800 997 843 vestigiis
1017 800 1155 835 fideliter
1169 803 1360 846 inhaerere,
1377 810 1410 837 et
1423 807 1558 840 univer-

84 865 163 888 sum
180 854 368 887 Medicinae
391 859 589 897 apparatum
603 865 645 887 ex
660 854 748 887 Artis
764 854 992 898 progressibus
1007 858 1202 901 emendare,
1224 860 1404 903 prudenter
1418 873 1555 906 augere,

85 916 118 944 et
135 911 246 954 quavis
261 911 358 952 opera
375 910 532 952 perficere
542 934 553 951 ,
573 911 658 943 inter
675 912 785 953 prima
805 911 876 951 (me
893 911 1020 955 judice)
1037 915 1185 946 muneris
1203 915 1311 949 officia
1328 919 1557 960 reponendum

83 976 156 999 esse
177 965 219 998 ab
245 976 284 998 eo
303 990 313 1007 ,
337 966 391 998 cui
410 966 595 998 Medicinae
614 967 785 999 Practicae
808 967 844 999 in
862 967 1058 1011 quacunque
1078 970 1255 1004 Academia
1278 972 1458 1006 tradendae
1471 985 1554 1017 pro-

81 1022 190 1057 vincia
208 1026 257 1053 est
278 1021 477 1054 demandata
489 1046 499 1063 ,
522 1031 581 1057 vos
601 1022 642 1054 A.
662 1022 702 1055 A.
724 1024 770 1054 H.
788 1024 833 1055 H.
844 1047 854 1064 ,
878 1028 1038 1066 quotquot
1061 1024 1118 1058 hic
1140 1025 1284 1069 adestis,
1308 1030 1413 1061 sacris
1431 1031 1555 1064 nostris

81 1078 295 1122 quantumvis
313 1088 382 1111 non
408 1078 547 1118 initiati,
569 1078 682 1120 palam
704 1078 912 1121 professuros
937 1090 1028 1122 esse,
1053 1092 1121 1114 non
1135 1083 1290 1126 estquod
1307 1083 1508 1120 dubitemus.

74 1160 76 1163 ,
124 1137 326 1177 Perpetuam
354 1135 462 1175 enim,
495 1138 527 1166 et
553 1144 624 1167 non
653 1134 876 1177 interruptam
907 1136 1133 1180 cujuscunque
1162 1138 1354 1182 disciplinae
1375 1142 1554 1176 Academi-

81 1200 140 1224 cae
167 1190 349 1223 Historiam
368 1191 534 1231 criticam,
556 1190 642 1222 inter
662 1191 841 1234 praecipua
864 1192 1007 1234 cujusvis
1031 1193 1187 1227 scientiae
1208 1196 1259 1229 vel
1283 1196 1452 1231 docendae
1469 1223 1479 1240 ‚
1502 1201 1554 1234 vel

80 1245 299 1280 addiscendae
325 1245 473 1279 subsidia
499 1246 617 1278 merito
645 1252 871 1279 annumerant
897 1257 1014 1280 omnes
1038 1250 1124 1282 Boni
1145 1274 1156 1291 ,
1186 1253 1244 1295 qui
1273 1261 1387 1287 veram
1416 1257 1553 1289 Doctri-

79 1313 179 1343 nam,
201 1303 402 1344 proavorum
426 1301 681 1343 haereditatem,
704 1303 845 1346 posteris
872 1302 915 1336 ad
936 1309 1062 1338 sartam
1083 1311 1269 1351 tectamque
1289 1311 1551 1344 conservandam

77 1359 244 1399 relictam,
267 1359 387 1390 acriter
408 1358 513 1399 tueri,
544 1363 577 1391 et
602 1363 717 1391 contra
734 1359 922 1391 malesanos
943 1361 1209 1404 compendiariae
1226 1364 1365 1399 docendi
1384 1365 1552 1400 discendi-

79 1425 144 1458 que
157 1413 304 1446 methodi
316 1413 460 1446 fautores
475 1419 607 1447 strenue
621 1414 795 1447 defendere
812 1415 848 1447 in
869 1416 982 1448 animo
997 1415 1133 1450 habent.

122 1471 157 1502 Si
178 1470 287 1512 itaque
309 1468 532 1502 indubitatum
550 1474 622 1510 est,
645 1470 830 1502 Hist01iam
853 1472 997 1513 cujusvis
1019 1473 1110 1506 Artis
1134 1475 1184 1508 vel
1212 1475 1390 1519 scientiae,
1413 1478 1550 1514 fideliter

77 1531 112 1559 et
133 1526 244 1559 critice
267 1530 456 1558 enarratam
485 1524 518 1557 in
551 1523 759 1558 Institutione
781 1526 978 1560 Academica
1008 1539 1143 1571 omnes,
1176 1541 1259 1574 quas
1288 1533 1402 1567 dicunt
1427 1537 1551 1569 Facul-

75 1587 158 1614 tates
182 1586 333 1624 tangere,
365 1590 428 1612 suo
449 1582 541 1622 jure,
577 1591 681 1624 eoque
704 1581 943 1624 perfecussimo
961 1607 971 1626 ,
1002 1585 1092 1617 Artis
1118 1587 1303 1621 Historiam
1333 1588 1395 1623 hac
1421 1593 1550 1626 ratione

75 1636 286 1670 tractandam
308 1636 474 1669 Medicina
499 1635 562 1669 sibi
585 1636 747 1677 vindicat3
770 1647 876 1681 quae,
907 1645 941 1673 ut
966 1640 1086 1684 ingenii
1113 1644 1265 1677 Humani
1288 1644 1414 1688 foetus,
1437 1648 1549 1684 incre<

76 1698 190 1726 menta
207 1692 361 1725 sumendi
374 1702 503 1735 capax,
526 1701 606 1725 suos
624 1693 775 1735 periodos
795 1693 918 1736 habet,
942 1705 1004 1729 sua
1021 1696 1130 1730 stadia
1154 1706 1329 1742 numerat,
1355 1707 1386 1734 et
1409 1712 1471 1736 sua
1494 1704 1547 1737 fa-

78 1754 130 1790 ta,
153 1758 216 1781 sua
238 1748 338 1781 etiam
361 1747 571 1780 decrementa
597 1749 744 1791 patitur,
767 1749 872 1793 spinis
899 1757 932 1784 et
956 1751 1099 1786 dumetis
1123 1754 1290 1814 interdum
1312 1756 1484 1801 foedatur,
1515 1766 1548 1794 et

76 1815 97 1838 a
109 1803 211 1837 nobili
227 1802 455 1846 simplicitate,
470 1808 501 1836 et
517 1805 654 1847 genuina
670 1807 868 1848 praestantia
882 1807 1016 1841 recedit.

121 1861 198 1893 Non
215 1859 374 1902 puerilem
389 1859 479 1892 illam
501 1860 655 1894 volumus
673 1862 877 1905 Historiam,
900 1874 986 1907 quae
1008 1863 1108 1897 medii
1130 1867 1201 1900 aevi
1225 1866 1381 1902 chronica
1404 1870 1542 1913 redolet,

77 1915 136 1956 sed
158 1913 445 1956 Philosophicam,
467 1917 726 1959 pragmaticam,
750 1928 834 1961 quae
855 1920 976 1963 ingenii
997 1921 1149 1954 Humani
1163 1932 1356 1966 progressus
1368 1950 1377 1966 ,
1400 1927 1543 1960 inclina-

77 1961 183 2003 tiones
197 1994 206 2011 ,
239 1968 461 2004 aberrationes
476 1995 487 2013 ,
515 1972 584 2005 imo
608 1972 805 2006 luxuriantis
828 1975 1070 2018 imaginationis
1097 1977 1333 2020 phantasmata
1358 1981 1443 2015 fideli
1470 1983 1544 2016 stilo

77 2030 189 2066 notat,
220 2025 306 2066 justa
326 2024 452 2060 bilance
475 2028 608 2070 pendit,
640 2034 674 2061 et
702 2039 780 2062 cum
802 2028 964 2074 diligenti,
988 2037 1020 2064 et
1041 2043 1109 2066 non
1132 2037 1373 2079 praeaccupata
1395 2039 1542 2071 Naturae

76 2080 305 2116 observatione
333 2088 530 2127 comparat,
560 2095 603 2118 ex
630 2084 786 2119 omnibus
811 2086 985 2121 veritatem
1002 2112 1013 2131 ,
1044 2099 1150 2125 imum
1177 2091 1286 2126 omnis
1309 2091 1539 2137 Philosophiae

817 2143 845 2174 B
869 2144 890 2180 5
1463 2158 1541 2182 sco-
