1919 2511
298 215 334 237 22
631 205 808 237 ANTONII
830 205 1006 236 HENRICI
1029 213 1093 235 νΛΝ
1114 214 1180 235 DER
1201 205 1316 236 BOON
1331 205 1477 236 MESCH

300 291 392 320 tentia
416 297 443 320 ct
468 289 676 327 alentia(1)‚
710 298 800 326 quae,
829 295 861 319 ut
881 289 937 326 jam
961 288 1105 325 diximus,
1137 288 1254 317 humum
1277 288 1382 318 acidam
1406 288 1576 326 continent;
1605 290 1711 327 quibus
1730 301 1814 330 arguo

301 343 404 373 mentis
424 342 517 372 omnis
538 341 655 370 omnino
674 347 773 369 nostra
792 339 978 368 confirmatur
997 339 1136 368 sententia
1157 339 1239 378 (2).

337 394 428 423 Porro
452 392 728 422 animadvertendum
748 397 813 426 est,
835 390 977 428 ejusmodi
997 391 1114 420 humum
1134 391 1240 420 acidam
1263 400 1321 421 non
1340 400 1453 429 semper
1472 391 1592 422 inveniti
1614 394 1659 423 vel
1683 393 1713 424 in
1738 395 1810 424 locis

299 445 443 481 depressis
470 445 517 474 vel
545 443 691 478 humidis,
719 444 767 471 vel
793 450 867 477 aqua
893 441 965 470 adeo
995 441 1100 478 tectis,
1133 451 1230 471 verum
1259 443 1342 471 etiam
1367 443 1518 478 aliquando
1545 444 1620 472 illam
1651 445 1811 480 producere

300 498 413 533 plantas
438 495 571 530 quasdam
597 494 626 522 in
650 492 800 522 altioribus
832 492 917 522 locis.
967 491 1112 520 Nimirum
1140 491 1226 520 Erica
1252 492 1396 529 vulgaris,
1429 502 1444 521 a
1475 494 1531 528 qua
1558 493 1678 523 formata
1708 495 1812 525 humus

295 547 411 576 eandem
435 545 495 574 fere
520 550 659 573 monstrat
684 543 808 573 indolem
834 551 862 572 et
887 543 1010 580 partium
1033 542 1267 579 copulationem,
1301 552 1383 579 quam
1401 543 1520 573 humum
1539 544 1644 573 acidam
1663 546 1813 575 ostendere

298 598 446 632 vidimus,
473 603 559 632 atque
588 595 690 623 merito
715 596 751 624 ad
769 594 864 624 acidae
887 594 968 623 humi
989 601 1079 627 genus
1101 601 1117 621 a
1137 593 1284 629 Thaerio‚
1305 593 1444 623 Einhofio
1475 601 1503 623 et
1529 595 1649 624 Cromio
1675 595 1811 627 refertur.

300 650 380 678 Haec
400 649 472 677 enim
495 647 576 676 etiam
602 646 696 676 omnia
715 647 786 675 acidi
806 652 945 675 monstrat
963 643 1085 678 indicia,
1113 650 1142 672 et
1170 644 1205 672 ab
1226 646 1301 680 aqua
1319 644 1379 674 fere
1410 653 1469 674 non
1493 645 1672 682 suscipitur,
1693 647 1813 677 maxima

298 708 392 729 tamen
417 700 477 736 ejus
502 706 568 734 pars
594 697 731 728 alcalibus
757 698 892 726 solvitur.
940 698 1145 726 Verumtamen
1179 701 1210 724 ut
1238 696 1302 725 aliis
1330 696 1407 725 notis
1434 705 1499 725 cum
1523 697 1611 725 humo
1635 697 1712 727 acida
1741 706 1811 727 con-

297 753 394 787 venit,
415 752 458 781 sic
480 751 544 780 aliis
564 750 599 779 ab
621 751 654 778 ea
677 750 783 779 differt.
825 750 992 778 Admixtum
1017 748 1090 777 enim
1116 747 1142 776 ei
1169 753 1212 775 est
1230 746 1424 783 principium,
1445 748 1525 783 quod
1542 749 1631 784 vulgo
1648 750 1807 777 corlarium

295 803 417 838 dicunt,
445 808 475 830 et
501 811 560 838 quo
588 801 694 830 scimus
720 801 809 838 ipsam
837 801 950 830 Ericam
977 801 1123 837 vulgarem
1141 799 1296 828 abundare.
1345 798 1414 827 Hoc
1442 798 1615 835 principiiun
1646 799 1811 836 Thaerius,

295 854 452 884 Einhofius
487 860 515 882 et
548 853 684 883 Cromius
716 852 746 882 in
777 853 811 882 ea
845 853 1018 882 invenerunt
1046 851 1134 888 (3),
1164 855 1193 878 et
1226 857 1279 886 ego
1313 849 1423 879 inveni.
1472 851 1580 880 Verum
1619 857 1684 878 cum
1723 850 1810 879 ratio·

300 914 388 940 nem,
424 912 481 940 qua
518 903 589 932 illud
621 903 795 940 principium
824 902 1006 939 invenerim,
1044 911 1103 933 non
1139 901 1299 931 indicarunt
1317 921 1328 937 ,
1363 909 1418 931 nos
1455 907 1580 931 nostram
1611 900 1704 930 secuti
1736 901 1811 930 illud

297 956 474 993 ichtyocolla
504 955 676 991 detegimus.
726 955 869 984 Nimirum
901 963 965 983 cum
992 953 1075 990 aquis
1101 952 1214 990 saepius
1248 952 1416 982 decoximus
1440 952 1557 981 humum
1589 960 1605 980 e
1631 951 1731 987 locis,
1759 952 1810 981 ubi

296 1007 383 1038 Erica
408 1005 535 1043 vulgaris
561 1006 727 1041 crescebat,
759 1012 789 1034 et
819 1005 1045 1040 comparavimus
1079 1005 1227 1033 humorem
1256 1003 1334 1033 fusci
1363 1004 1493 1040 coloris,
1520 1005 1603 1042 cujus
1633 1012 1721 1041 sapor
1750 1005 1808 1042 jam

295 1057 483 1093 aliquomodo
515 1055 696 1092 adstringens
722 1055 778 1084 dici
801 1062 924 1091 poterat.
977 1055 1052 1084 Huic
1075 1055 1189 1083 humori
1220 1054 1376 1084 addidimus
1403 1055 1536 1091 spiritum
1563 1055 1643 1088 vini,
1673 1064 1732 1091 quo
1761 1056 1812 1084 de-

296 1108 460 1146 ponebatur
484 1107 614 1135 materies
643 1106 719 1135 fusci
746 1106 854 1136 coloris
871 1127 881 1140 ,
912 1115 984 1143 quae
1008 1105 1142 1141 deinceps
1169 1107 1315 1142 explorata
1348 1115 1448 1136 omnes
1484 1106 1602 1136 omnino
1640 1108 1810 1138 ostendebat

299 1158 436 1198 principii
460 1158 572 1187 coriarii
597 1158 801 1195 proprIetates.
857 1158 923 1187 Hoc
947 1158 1035 1195 igitur
1056 1157 1200 1194 principio
1224 1163 1252 1186 et
1275 1157 1364 1194 magis
1396 1157 1480 1193 nigro
1510 1159 1609 1186 colore
1640 1157 1724 1187 facile
1751 1158 1811 1189 dis-

1753 1218 1810 1240 tm-

333 1291 401 1327 (1)
421 1291 481 1317 Vid.
501 1289 588 1317 Thaer
602 1291 620 1317 1.
636 1290 654 1316 l.
673 1297 732 1322 pag.
746 1290 795 1323 605
818 1296 845 1315 et
866 1290 1028 1324 607—614.
1049 1296 1075 1316 et
1095 1290 1195 1318 Annali.
1217 1290 1262 1316 der
1281 1290 1392 1323 Physiq.
1411 1298 1464 1317 von
1486 1291 1589 1318 Gilbert
1607 1292 1638 1317 B.
1655 1292 1725 1320 LlV.
1748 1301 1810 1327 pag.

295 1341 339 1367 66.
373 1339 428 1365 Ubi
451 1338 629 1363 inveniuntur:
654 1337 765 1369 Einigen
784 1337 979 1370 Physicalische
995 1338 1189 1370 Bemerkungen
1205 1337 1267 1362 uber
1281 1337 1324 1362 die
1345 1338 1447 1362 wusten
1463 1337 1515 1362 und
1534 1338 1700 1370 ungesunden
1717 1339 1808 1372 Gegen

294 1386 346 1411 den
360 1385 404 1410 des
429 1384 530 1410 mittlen
552 1383 664 1410 [saliens.
699 1384 721 1408 E
743 1383 873 1409 veteribus
895 1383 948 1410 vid.
962 1385 1029 1410 Cato
1050 1391 1108 1416 cap.
1121 1384 1168 1410 vl.
1202 1382 1330 1409 Palladius
1346 1390 1406 1416 cap.
1422 1382 1447 1409 Ι.
1468 1384 1510 1409 tit.
1524 1383 1549 1409 6.
1583 1383 1728 1410 Columella
1745 1385 1808 1412 Lib.

297 1431 346 1458 lv.
364 1437 420 1463 cap.
435 1436 477 1463 32.
494 1435 521 1455 et
548 1429 646 1454 Plinius
673 1429 743 1455 Hist.
763 1429 824 1456 Nat.
842 1428 902 1456 Lib.
914 1430 1000 1456 XVII.
1018 1437 1110 1464 cap-9.

332 1475 397 1510 (2)
415 1475 570 1504 Rationem,
596 1481 644 1507 qua
662 1473 750 1506 glebae
774 1476 799 1500 in
820 1476 888 1507 agris
913 1482 1038 1507 uruntur,
1060 1477 1126 1502 urii
1150 1476 1288 1502 fertiliores
1307 1475 1384 1506 fiant,
1407 1475 1565 1508 antiquiores
1588 1476 1678 1508 populi
1696 1476 1720 1501 in
1747 1476 1810 1501 cali-

294 1523 334 1548 dis
357 1521 510 1554 regionibus
531 1520 676 1546 habitantes
695 1521 744 1552 jam
766 1520 950 1553 adhibuerunt,
975 1529 1024 1554 qua
1047 1523 1071 1547 in
1094 1530 1121 1548 te
1145 1529 1258 1548 naturam
1279 1522 1357 1553 ipsam
1377 1527 1497 1554 tanquam
1520 1522 1640 1554 optimam
1665 1521 1757 1547 ducem
1781 1528 1810 1547 et

295 1569 438 1600 magistram
465 1566 552 1593 secuti
574 1566 655 1592 fuisse
677 1565 737 1591 mihi
758 1566 895 1598 videntum,
914 1574 987 1593 certa
1009 1569 1076 1594 enim
1093 1575 1152 1595 sunt
1170 1570 1245 1600 loca,
1263 1568 1308 1593 ubi
1327 1573 1413 1593 natura
1436 1574 1481 1593 sua
1498 1574 1595 1599 sponte
1618 1568 1729 1593 eamdem
1755 1568 1810 1593 fere

295 1615 392 1647 peragit
416 1613 611 1646 operationem.
643 1612 686 1638 Sic
710 1612 735 1636 in
757 1612 845 1639 Africa
865 1615 960 1640 multae
986 1621 1043 1640 sunt
1060 1616 1148 1648 plagae
1165 1621 1303 1644 emensae,
1322 1614 1453 1645 incultae,
1471 1613 1639 1645 inhabitatae,
1658 1614 1722 1639 sitae
1739 1615 1809 1640 inter

296 1667 400 1692 magnos
419 1665 514 1685 tractus
533 1659 677 1689 montium,
695 1658 869 1692 dicunturque
893 1660 923 1685 ab
943 1661 1036 1686 incolis
1058 1661 1165 1688 Kar-roo.
1204 1662 1258 1687 Hae
1275 1661 1365 1693 plagae
1386 1660 1490 1685 omnino
1510 1658 1585 1685 radiis
1607 1660 1668 1685 solis
1687 1666 1807 1692 uruntur,

293 1707 432 1738 omniaque
454 1705 478 1729 in
499 1705 532 1729 iis
557 1705 643 1730 calore
673 1705 777 1730 omnino
809 1706 992 1737 destruuntur;
1017 1714 1107 1732 verum
1139 1713 1276 1739 postquam
1304 1705 1391 1737 pluvia
1418 1705 1528 1736 cecidit,
1557 1711 1681 1731 mutantur
1703 1706 1760 1731 illae
1782 1707 1808 1731 in

294 1752 449 1777 laetissimos
468 1756 493 1774 et
514 1750 696 1776 floridissimos
720 1758 844 1783 campos,
870 1753 895 1776 in
916 1752 1013 1784 quibus
1032 1759 1152 1785 pastores
1170 1759 1260 1783 greges
1281 1749 1461 1776 conducuntur
1487 1758 1516 1777 ac
1538 1758 1682 1783 pascuntur.
1717 1751 1807 1777 Immer

293 1798 436 1827 einsamer,
455 1796 537 1827 inquit
550 1796 782 1827 Lichtensteinius,
800 1797 864 1823 wird
880 1798 922 1822 die
940 1799 1044 1823 Karroo
1060 1797 1112 1823 und
1123 1804 1205 1829 gegen
1221 1795 1294 1822 Ende
1309 1796 1473 1828 septembers
1489 1798 1523 1822 ist
1539 1798 1578 1822 sie
1596 1797 1677 1827 vollig
1687 1797 1807 1823 vei-fidet.

296 1844 370 1868 Ganz
382 1841 591 1867 verschwunden
606 1843 638 1868 ist
662 1842 704 1867 das
721 1844 808 1868 Griin:
825 1843 867 1868 die
883 1844 983 1869 Bliitter
1002 1843 1048 1869 der
1062 1843 1244 1869 ausdauernden
1262 1843 1384 1869 Pflanzen
1403 1843 1538 1873 gewiunen
1563 1843 1639 1868 einen
1659 1843 1807 1874 grauliclien

295 1887 454 1919 Ueberzug,
470 1887 523 1912 und
541 1887 582 1912 die
602 1888 733 1914 diklichen
750 1890 849 1915 Bliitter
870 1889 913 1914 der
931 1890 1058 1915 kleineren
1076 1890 1271 1922 Saftgewiichse
1293 1889 1392 1915 decken
1413 1888 1469 1913 sich
1494 1888 1540 1913 mit
1564 1889 1647 1913 einem
1669 1888 1806 1914 illmlichen

296 1934 373 1960 Duft.
409 1934 459 1959 Ein
476 1933 676 1959 schwarzlicher
691 1934 786 1966 stauis,
805 1934 847 1960 die
864 1936 951 1961 Asehe
968 1935 1014 1961 der
1029 1934 1352 1967 verdorretenJPflanzen,
1365 1933 1481 1960 bedecht
1495 1933 1544 1959 den
1562 1933 1652 1959 hatten
1663 1934 1808 1964 rothlichen

295 1980 398 2006 Boden.
432 1980 514 2005 Unter
535 1980 586 2004 ihm
600 1981 632 2005 ist
651 1980 693 2005 der
710 1981 814 2006 Saamen
837 1983 912 2007 einer
931 1982 1065 2014 kiinftigen
1082 1982 1358 2014 Pflanzengeneration
1380 1981 1518 2012 bewahrt‚
1543 1980 1596 2006 und
1623 1980 1709 2006 dieser
1729 1980 1806 2006 Staub

295 2026 360 2051 wird
383 2027 403 2051 si
425 2025 548 2057 eitingen,
577 2032 649 2052 wenn
667 2027 731 2052 siber
753 2028 774 2053 s'
792 2028 852 2063 Jahr
866 2029 912 2055 der
932 2027 1025 2061 Regen
1047 2028 1090 2054 dle
1113 2028 1185 2054 Erde
1206 2028 1305 2054 wieder
1324 2027 1453 2053 erweicht
1475 2026 1528 2053 und
1548 2027 1597 2053 den
1618 2026 1722 2052 Saamen
1750 2033 1808 2052 zum

298 2073 405 2098 Keimen
424 2072 517 2104 brmgt.
552 2072 611 2099 Vid.
628 2073 816 2101 Lichtenstein.
834 2076 852 2100 l.
870 2075 890 2102 l.
907 2075 984 2102 Tom.
999 2077 1021 2102 Ι.
1042 2083 1100 2109 pag.
1115 2083 1174 2103 200.

330 2118 399 2152 (3)
417 2117 476 2144 Vid.
501 2117 594 2145 Thaer.
621 2119 683 2145 Rat.
707 2120 819 2148 Landw.
843 2123 877 2147 Β.
893 2122 928 2148 Il.
954 2131 981 2156 p.
997 2130 1062 2155 115,
1083 2123 1131 2150 116
1149 2129 1174 2147 et
1194 2128 1250 2155 ¹40·
1286 2119 1390 2146 Einhof
1408 2119 1433 2145 in
1456 2118 1588 2148 Hermbst.
1616 2119 1728 2146 Arcth.
1752 2119 1771 2145 l.
1789 2119 1807 2144 l.

299 2165 332 2190 B.
352 2163 387 2191 ll.
404 2172 431 2197 p.
448 2170 504 2196 353.
525 2165 549 2189 iu
575 2165 685 2199 Journal
704 2174 756 2192 von
775 2168 878 2193 Gehlen
896 2169 913 2195 l.
929 2169 947 2195 1.
966 2176 993 2202 p.
1008 2177 1067 2204 379.
1103 2171 1201 2197 Crome
1218 2169 1236 2196 l.
1253 2169 1271 2196 l.
1289 2176 1316 2201 p.
1330 2173 1390 2200 372·
