1919 2511
309 191 347 227 56
619 188 814 219 PETRI
862 187 1501 227 AnRAHAMIJELTEs

349 271 460 305 ll'ln‘le,
489 271 537 300 ubi
562 271 627 307 vis,
653 281 734 307 quam
761 273 870 300 efficere
894 278 989 307 potest
1015 272 1165 308 chirurgus
1191 283 1242 310 per
1267 274 1381 303 mantile
1410 273 1517 310 (qu'us
1538 281 1621 302 usum
1651 281 1733 309 saepe
1753 273 1810 311 jam

307 322 512 358 notavimus),
534 332 591 351 non
614 323 740 357 sufficit,
760 323 894 351 trochleis
918 322 1024 356 utitur,
1045 331 1092 359 et,
1116 326 1234 353 caeteris
1256 325 1362 354 frustra
1378 324 1534 360 adhibitis,
1556 323 1669 360 saepius
1694 323 1810 352 felicem

308 380 461 408 eventum,
484 374 583 402 cubito
610 375 683 402 flexo
699 393 708 409 ‚
728 375 821 402 levem
849 380 957 402 motum
982 374 1148 403 rotatorium
1175 383 1303 404 secutum
1328 375 1438 409 fuisse,
1459 381 1557 404 monet
1577 374 1693 411 (141)·
1735 374 1811 402 Tres

307 424 390 453 etiam
415 425 564 453 admittens
589 414 696 452 humeri
719 424 896 452 luxationum
923 423 1053 459 species,
1076 433 1156 454 notat
1179 427 1290 455 Auctor
1315 424 1464 461 sequentia
1489 425 1523 453 ad
1546 424 1735 454 reducendum
1759 424 1816 453 hu-

309 475 379 504 meri
406 482 511 511 caput,
541 476 595 504 sub
625 475 757 503 musculo
783 474 921 510 pectorali
951 475 1089 503 haerens:
1118 482 1148 503 ut
1171 477 1310 505 relaxetur
1337 476 1384 504 hic
1404 477 1578 510 musculus,
1604 483 1725 503 necesse
1751 481 1814 509 est,

308 533 341 554 ut
364 526 500 554 humerus
522 532 683 554 antrorsum
714 525 889 560 adducatur,
911 531 978 553 tunc
1005 526 1080 554 ossis
1103 533 1188 562 caput
1213 527 1247 554 ad
1275 527 1384 555 axillam
1409 532 1487 554 retro
1513 526 1676 561 pellendum
1703 532 1767 560 est,
1788 532 1815 554 et

310 577 448 614 ejusmodi
473 576 670 605 relaxationem
696 582 724 604 et
747 577 892 612 repulsum
915 575 1125 605 observandum
1144 585 1206 606 csse
1228 577 1328 606 asserit
1348 578 1481 613 Auctor,
1503 576 1553 605 ubi
1578 583 1664 613 caput
1682 576 1736 604 sub
1755 583 1817 605 sca-

309 629 376 664 pula
397 628 551 657 iuvenitur.

349 679 510 707 Resensitis
536 678 679 708 variorum
708 684 857 707 auctorum
885 679 970 707 variis
998 679 1167 708 restituendi
1200 679 1291 708 modis
1322 688 1405 708 suum
1433 679 1572 716 proponit
1596 679 1688 709 Evcrs
1710 678 1819 708 instru-

309 737 456 765 mentum,
480 730 558 765 quod
580 731 704 767 (auctor
726 729 995 767 prudenter-addit
1036 750 1055 765 ‚‚
1075 730 1099 758 si
1122 737 1196 758 recte
1219 730 1455 767 judicaverim”)
1476 729 1637 766 operationi
1659 730 1725 758 huic
1753 739 1819 767 per·

309 782 383 810 fecte
407 788 503 817 aptum
529 786 591 814 est,
614 787 642 808 et
664 780 732 808 satis
759 780 915 816 respondet
945 778 1063 817 (142).
1106 781 1229 809 Constat
1251 782 1307 810 hoc
1331 780 1550 809 instrumentum
1571 779 1680 817 (143)
1701 790 1716 810 e
1734 781 1815 818 tigno

310 832 482 867 arrectario,
502 830 652 859 duodecim
674 831 708 858 ad
733 830 948 866 quatuordecim
969 831 1055 865 pedes
1071 832 1149 866 alto,
1171 832 1256 868 cujus
1275 831 1416 867 superiori
1432 830 1504 866 parti
1527 829 1633 858 infixus
1653 837 1695 859 est
1718 833 1816 860 clavus

306 883 436 915 ferreus,
455 891 471 910 a
496 890 554 918 quo
580 881 684 917 pendet
707 882 823 909 cochlea
841 889 905 909 cum
927 883 1027 910 ‘rotula
1053 881 1196 917 volubili,
1218 883 1300 919 cujus
1324 890 1379 918 ope
1399 888 1532 909 movetur
1548 880 1630 910 funis
1651 881 1817 917 ductarius,

305 941 372 963 octo
397 934 511 963 cubitos
537 934 660 968 longus,
690 940 776 968 supra
803 933 917 960 alteram
946 932 1094 960 cochleam
1122 941 1186 961 cum
1217 933 1312 961 rotula
1344 938 1508 969 porrectus.
1555 931 1693 961 Foramen
1722 940 1816 961 autem

305 985 385 1013 adest
401 984 430 1013 in
451 982 581 1012 inferiori
600 983 734 1015 cochlea,
754 991 806 1020 per
826 983 904 1018 quod
920 982 1018 1018 funis,
1036 984 1109 1011 duos
1127 984 1244 1013 cubitos
1262 985 1389 1020 longus,
1404 982 1603 1020 ‘transjicitur‚
1623 983 1816 1012 annectendus

306 1035 410 1064 fasciae
435 1044 449 1063 e
472 1035 536 1063 lana
555 1041 668 1068 textae,
698 1035 753 1068 qua
783 1033 928 1061 brachium
956 1033 1109 1070 superius,
1139 1035 1217 1070 quod
1242 1034 1328 1062 debet
1353 1033 1486 1067 extendi,
1510 1032 1686 1065 obvolvitur,
1723 1028 1816 1062 Porro

304 1086 380 1117 infra
406 1086 509 1115 infixus
533 1092 576 1114 est
604 1085 685 1121 tigno
709 1092 801 1113 uncus
826 1083 958 1120 ferreus,
980 1093 1031 1121 per
1056 1093 1139 1120 quem
1163 1084 1340 1122 transjicitur
1366 1083 1514 1120 cingulum
1542 1092 1557 1111 e
1581 1083 1663 1111 corio
1687 1090 1816 1120 paratum

304 1138 453 1173 fibulaque
478 1136 731 1172 adstringendum,
760 1144 819 1171 quo
845 1135 956 1163 humeri
981 1135 1071 1171 laesi,
1099 1135 1214 1172 splenio
1238 1135 1329 1164 denso
1353 1133 1441 1169 tecti,
1471 1133 1504 1162 fit
1532 1134 1813 1163 contra-extensio.

305 1188 426 1225 Saepius
449 1196 550 1224 magno
578 1195 643 1216 cum
673 1187 866 1215 emolumento
892 1186 948 1215 hoc
971 1185 1163 1215 instrumento
1185 1194 1269 1215 usum
1294 1184 1385 1214 fuisse
1407 1190 1528 1213 testatur
1549 1184 1661 1213 Auctor
1690 1187 1815 1224 (144).

345 1274 375 1307 ς.
398 1278 444 1306 13.
488 1269 524 1298 Β.
545 1267 609 1297 Bell
625 1268 762 1307 (1788).
798 1267 835 1306 J.
856 1267 893 1299 F.
914 1267 1048 1301 Bb'ttcher
1067 1270 1168 1308 (1789
1178 1269 1209 1304 ὓ.
1250 1267 1289 1305 J.
1310 1267 1417 1297 Aitken
1437 1267 1539 1303 (1790
1549 1268 1577 1304 ).
1612 1266 1649 1296 B.
1672 1266 1774 1298 Goocb.

985 1322 1007 1358 ι(
1021 1327 1094 1357 1790
1104 1322 1129 1356 >.

345 1403 439 1434 Variis
454 1402 596 1432 methodis
611 1401 754 1432 variorum
769 1407 916 1430 auctorum
933 1402 967 1431 ad
985 1401 1195 1431 restitutionem
1206 1400 1286 1429 vossis
1304 1401 1414 1430 humeri
1433 1400 1526 1429 luxati
1541 1400 1701 1430 memoratis
1713 1422 1721 1434 ‚
1742 1400 1818 1430 sicut

305 1463 357 1492 per
380 1456 484 1483 calcem
505 1461 518 1491 (
536 1457 632 1491 145),
654 1452 793 1490 pistillum
815 1451 921 1489 (146)
948 1459 1006 1481 cet.
1046 1453 1110 1481 Bell
1133 1452 1229 1485 addit,
1257 1451 1320 1480 sine
1346 1451 1539 1480 machinarum
1562 1450 1670 1480 auxilio
1695 1451 1817 1480 luxatio-

302 1515 376 1541 nes,
396 1506 421 1534 si
447 1512 573 1533 recenter
598 1511 754 1540 curentur,
776 1503 888 1532 restitui
911 1512 1022 1540 posse,
1044 1503 1199 1540 ipsumque
1224 1504 1340 1538 solum,
1362 1503 1419 1531 una
1444 1510 1528 1531 manu
1550 1501 1743 1530 extensionem
1766 1510 1816 1538 pa-

302 1563 399 1592 rante,
421 1556 509 1584 altera
531 1557 676 1591 scapulam
700 1556 833 1584 deorsum
861 1561 1026 1591 premente,
1055 1556 1217 1583 relaxentur
1238 1553 1347 1588 modo,
1370 1558 1505 1589 quantum
1532 1552 1593 1581 fieri
1615 1558 1732 1589 potest,
1754 1561 1817 1582 mu·

301 1608 392 1644 sculi,
414 1608 497 1635 talem
520 1605 692 1634 luxatIOnem
717 1605 877 1634 restituisse
899 1612 1019 1634 testatur
1038 1604 1163 1641 (147).
1204 1605 1304 1642 Quum
1328 1612 1396 1633 vero
1419 1604 1467 1632 tali
1488 1603 1517 1632 in
1541 1612 1609 1632 casu
1631 1612 1690 1632 non
1715 1612 1814 1632 succe-

303 1660 351 1688 dat
375 1656 527 1695 operatio,
548 1656 673 1693 plurium
701 1665 834 1685 manuum
858 1655 993 1684 auxilium
1021 1655 1056 1684 ad
1081 1655 1274 1685 extensionem
1302 1654 1437 1690 imploret
1462 1653 1638 1690 chirurgus,
1659 1660 1686 1682 et
1712 1663 1815 1691 scapu-

303 1711 357 1738 lam
380 1709 416 1737 ab
442 1707 497 1736 alio
520 1707 659 1743 figendam
684 1713 786 1742 curet,
808 1713 840 1735 ut
862 1706 924 1742 ipse
948 1707 1029 1744 justo
1051 1713 1180 1742 tempore
1207 1714 1240 1734 os
1268 1704 1378 1734 humeri
1402 1704 1432 1733 in
1450 1704 1603 1740 pristinum
1629 1705 1726 1733 locum
1744 1713 1815 1741 pos-

307 1768 352 1790 set
375 1759 496 1796 dirigere
522 1755 602 1795 (¹43
614 1758 641 1791 >0
688 1758 723 1787 In
751 1757 803 1786 tali
831 1756 981 1787 luxatione
1009 1756 1140 1794 inprimis
1169 1756 1205 1786 ad
1233 1756 1378 1793 scapulam
1406 1755 1605 1785 attendendum
1629 1763 1690 1784 esse
1714 1755 1814 1784 scribit

1739 1806 1817 1839 Aucs

339 1897 437 1932 (141)
463 1899 501 1927 R.
518 1900 605 1925 White
629 1900 674 1926 the
699 1906 803 1933 present
824 1905 908 1932 praet.
927 1898 961 1925 of
981 1899 1092 1932 Surgery
1117 1905 1144 1931 p.
1164 1904 1210 1932 159
1228 1904 1283 1930 seq.
1310 1896 1383 1930 Bury
1408 1894 1447 1924 St.
1466 1892 1599 1921 Edmunds
1625 1895 1696 1928 1768.

339 1945 435 1980 (¹42)
462 1946 550 1973 Evers.
578 1947 636 1972 obs.
656 1947 697 1973 16.
718 1946 751 1972 de
772 1947 851 1972 luxat.
869 1946 940 1972 hum.
957 1946 982 1971 in
999 1946 1036 1972 N.
1054 1947 1116 1971 Aet.
1134 1943 1210 1971 Med.
1227 1944 1322 1977 philos.
1340 1949 1420 1970 natur.
1438 1942 1536 1968 curios.
1562 1947 1581 1967 t.
1600 1942 1624 1968 8.
1647 1948 1673 1973 p.
1691 1941 1734 1974 67.

341 1991 439 2025 (143)
466 1992 525 2018 Vid.
553 1993 570 2019 l.
590 1999 615 2020 c.
644 1993 695 2019 tab.
714 1998 739 2025 3.

342 2037 437 2073 (144)
463 2038 573 2064 Confer.
592 2045 665 2064 casus
685 2039 715 2064 ab
734 2039 853 2065 Auctore
871 2045 1024 2065 memoratos
1050 2039 1069 2065 l.
1086 2045 1112 2065 c.
1136 2045 1163 2071 p.
1180 2036 1304 2070 68—73.

341 2083 437 2118 (145)
465 2086 498 2111 Β.
517 2085 584 2111 Bell.
601 2092 614 2109 a
632 2092 696 2116 syst.
714 2085 747 2111 of
762 2086 876 2118 Surgery
903 2092 921 2113 t.
938 2085 965 2112 6.
990 2091 1015 2111 e.
1031 2091 1073 2117 40.
1100 2085 1169 2110 Sect.
1187 2091 1214 2116 9.
1237 2090 1264 2115 p.
1281 2089 1332 2114 219
1350 2088 1408 2113 seq·
1431 2079 1527 2108 Edinb.
1546 2079 1616 2113 1788.

344 2131 359 2165 (
375 2133 438 2163 ¹46)
465 2132 483 2158 l.
502 2138 526 2157 c.
551 2138 577 2162 p.
596 2137 644 2156 222
663 2138 718 2164 seq.
993 2127 1094 2165 (147)
1118 2130 1135 2156 l.
1153 2137 1178 2156 c.
1202 2137 1229 2162 p.
1246 2134 1292 2161 23¹
1311 2134 1366 2160 seq.

340 2177 437 2212 (148)
465 2178 483 2204 l.
502 2184 526 2204 c.
553 2184 580 2209 p.
596 2184 653 2210 233.
