1919 2511
652 442 1438 485 ADNOTATIO.

344 767 414 805 Pag.
435 776 465 805 7.
495 782 533 791 —
552 767 631 797 iilius
650 767 763 805 imperii
781 765 903 795 absolute
926 768 1060 805 regnati,
1118 766 1284 805 palmisque
1303 769 1394 797 nostri
1419 768 1502 806 regni
1522 768 1629 806 Belgica·
1654 784 1688 791 -—
1708 768 1780 798 Non

306 829 424 857 possum
439 841 449 856 ,
472 820 543 857 quin
558 821 604 848 hic
620 820 735 855 addam,
758 829 829 855 quae
848 819 917 855 mihi
931 821 987 848 hoc
1005 822 1070 848 loco
1086 818 1275 849 versabantur
1289 819 1327 847 ob
1343 821 1465 856 oculos,
1486 820 1516 849 in
1538 828 1609 856 quae
1626 821 1712 856 paulo
1729 828 1778 848 an-

305 878 333 900 te
347 871 422 900 forte
439 872 591 901 incideram
601 892 612 907 2
633 872 696 900 loca
707 870 864 906 Scriptoris
881 870 988 900 vetusti
1007 870 1116 907 Angli,
1134 879 1148 908 J
1161 879 1192 898 0.
1215 878 1232 898 r
1242 878 1260 898 o
1272 878 1293 898 R
1303 878 1352 899 TE
1361 879 1375 898 s
1384 879 1402 899 c
1415 879 1461 899 uz
1474 891 1484 904 ‚
1502 870 1671 899 Cancellarii
1689 870 1778 907 Regis
1796 910 1802 919 ¹

306 923 394 959 Angl.
416 931 575 952 minare
587 931 598 951 1
618 922 682 957 VI,
705 930 738 949 ex
757 923 819 959 ejus
834 921 910 950 libro
931 920 965 950 de
983 921 1132 950 Laudibus
1149 920 1258 958 Legum
1273 920 1419 958 Angliae;
1441 930 1513 957 quae
1528 921 1613 950 simul
1631 921 1776 956 indicant,

309 982 393 1008 quam
418 974 534 1010 antiqua
551 973 589 1002 sit
611 973 641 1002 in
665 972 826 1008 Anglorum
851 972 972 1007 animis,
993 972 1023 1001 in
1047 971 1285 1008 principibusque
1302 971 1430 1008 ipsorum
1449 971 1539 1005 viris,
1561 978 1589 1000 et
1612 981 1674 1000 cara
1698 979 1779 1001 sanc-

307 1030 393 1059 taque
405 1025 518 1063 politici
541 1025 603 1054 sive
628 1023 754 1053 liberalis
772 1022 883 1059 imperii
906 1022 988 1052 notio
1008 1022 1206 1057 studiumque.
1256 1021 1380 1058 Scripsit
1401 1029 1494 1051 autem
1525 1031 1777 1052 FORTESCUB

306 1074 381 1103 circa
397 1084 444 1104 an.
464 1077 550 1111 1460.
573 1090 609 1096 -
629 1074 749 1111 Paginas
771 1073 855 1102 citavi
871 1073 1005 1103 editionis
1032 1081 1104 1109 quae
1119 1072 1189 1101 mihi
1209 1081 1286 1102 nunc
1311 1075 1371 1102 sola
1394 1074 1429 1102 ad
1449 1083 1562 1103 manum
1584 1073 1660 1110 fuit,
1685 1072 1775 1103 Lond.

308 1131 383 1162 1737
404 1125 519 1162 (priori
546 1126 633 1155 titulo
659 1125 784 1164 ejusdem
803 1124 969 1154 Voluminis
994 1123 1161 1153 inscribitur
1179 1125 1211 1152 in
1232 1124 1280 1153 the
1297 1124 1407 1161 Savoy,
1431 1125 1530 1162 1741)
1551 1124 1607 1154 fol.

860 1177 955 1206 CAP.
984 1175 1037 1204 IX.
1077 1174 1156 1212 Pag.
1185 1183 1215 1213 7.

347 1246 372 1261 „
393 1225 465 1256 Non
487 1233 584 1263 potest
600 1226 663 1256 Rex
683 1226 805 1264 Angliae
823 1227 857 1255 ad
871 1226 982 1256 libitum
1002 1235 1086 1255 suum
1104 1228 1180 1262 leges
1197 1231 1304 1254 mutare
1316 1225 1411 1263 Regni
1428 1226 1494 1263 sui3
1516 1226 1681 1264 principatu
1698 1236 1777 1257 nam-

311 1285 368 1312 que
391 1278 495 1306 nedum
523 1277 646 1315 Regali,
675 1279 726 1307 sed
754 1285 783 1307 et
806 1278 944 1312 Politico,
972 1277 1034 1314 ipse
1058 1285 1112 1306 suo
1138 1278 1249 1312 populo
1274 1277 1448 1308 dominatur.
1497 1278 1529 1306 Si
1551 1278 1638 1315 regali
1667 1285 1776 1308 tantum

309 1327 372 1364 ipse
397 1329 541 1364 praeesset
564 1329 625 1364 eis,
646 1329 740 1366 Leges
764 1329 859 1366 Regni
887 1330 933 1358 sui
957 1335 1065 1356 mutare
1086 1327 1133 1356 ille
1159 1334 1279 1364 posset,
1308 1328 1442 1366 Tallagia
1472 1337 1589 1365 quoque
1615 1336 1643 1358 et
1668 1336 1777 1358 caetera

305 1387 391 1407 onera
419 1379 460 1408 eis
486 1379 635 1416 imponere
660 1380 732 1417 ipsis
757 1380 951 1417 inconsultis,
981 1379 1064 1415 quale
1088 1378 1256 1408 Dominium
1278 1379 1414 1408 denotant
1433 1378 1528 1416 Leges
1554 1379 1688 1416 Civiles,
1709 1388 1774 1409 cum

304 1429 419 1466 dicant,

599 1489 619 1505 ‚‚
641 1468 724 1506 Quod
742 1469 876 1507 Principi
889 1470 1023 1508 placuit,
1044 1470 1131 1508 Legis
1151 1469 1233 1498 habet
1253 1469 1420 1506 ‘vigorem-'⁹

343 1530 400 1559 Sed
426 1532 512 1568 longe
530 1531 610 1559 aliter
629 1538 726 1568 potest
747 1532 812 1561 Rex
833 1533 952 1569 politice
972 1533 1113 1570 imperans
1129 1533 1218 1563 Genti
1239 1542 1327 1570 suae,
1351 1534 1416 1570 quia
1440 1542 1492 1563 nec
1509 1534 1603 1571 Leges
1627 1533 1689 1570 ipse
1712 1533 1774 1563 sine

305 1581 487 1611 subditorum
512 1590 631 1610 assensu
654 1590 762 1611 mutare
788 1584 912 1620 poterit,
933 1592 985 1613 nec
1007 1585 1169 1621 subjectum
1188 1586 1328 1620 populum
1353 1585 1521 1613 renitentem
1544 1593 1661 1613 onerare
1681 1585 1775 1621 impo-

307 1632 460 1661 sitionibus
486 1633 669 1670 peregrini53
701 1643 786 1669 quare
812 1635 940 1671 populus
967 1636 1029 1672 ejus
1055 1635 1143 1664 libere
1168 1635 1387 1664 frueturbonis
1407 1635 1488 1671 suis,
1518 1635 1670 1671 Legibus,
1702 1644 1771 1672 quas

303 1684 385 1720 cupit
408 1686 571 1721 regulatus,
600 1694 651 1714 nec
674 1694 725 1721 per
743 1685 851 1722 Regem
872 1695 977 1722 suum,
999 1692 1048 1715 aut
1071 1687 1201 1722 quemvis
1224 1686 1312 1714 alium
1333 1686 1493 1722 depilatur:
1516 1685 1709 1715 consimiliter
1734 1693 1775 1715 ta-

306 1742 371 1763 men
394 1736 504 1770 plaudit
529 1735 681 1772 Populus,
702 1737 757 1765 sub
784 1737 865 1773 Rege
888 1738 1019 1774 regaliter
1041 1744 1149 1767 tantum
1171 1738 1373 1775 principante,
1394 1727 1549 1766 dummodo
1577 1737 1641 1773 ipse
1662 1737 1691 1766 in
1710 1737 1773 1775 Ty-

305 1785 451 1813 rannidem
476 1794 535 1815 non
565 1787 688 1816 labat-ur.
728 1788 774 1817 De
800 1789 877 1824 quali
894 1789 974 1826 Rege
1000 1790 1070 1819 dicit
1094 1789 1311 1826 Philosophus,
1341 1789 1395 1817 ΙΙΙ.
1412 1788 1622 1821 Politicorum,
1655 1808 1673 1823 ‚‚
1696 1789 1774 1824 quod

307 1855 327 1871 ‚‚
348 1836 446 1864 melius
468 1843 508 1864 est
532 1838 677 1866 civitatem
705 1840 767 1876 regi
787 1840 849 1868 viro
875 1841 996 1878 optimo,
1024 1848 1109 1877 quam
1129 1840 1188 1877 lege
1207 1841 1324 1878 optima.
1339 1837 1359 1852 ”
1408 1838 1464 1867 Sed
1490 1838 1555 1875 quia
1579 1847 1638 1867 non
1663 1847 1776 1876 semper

305 1887 448 1924 contingit
469 1889 674 1924 praesidentem
693 1892 804 1926 populo
825 1890 989 1928 hujusmodi
1011 1899 1073 1920 esse
1089 1890 1204 1924 vitum,
1224 1890 1346 1918 Sanctus
1366 1898 1527 1918 THOMAS
1549 1889 1578 1918 in
1596 1890 1670 1918 libro
1689 1899 1773 1926 quem

305 1937 380 1974 Regi
403 1938 496 1974 Cypri
517 1939 653 1976 scripsit,
683 1940 718 1968 de
743 1941 893 1979 Regimine
916 1941 1105 1980 Principum,
1133 1948 1234 1977 optare
1258 1948 1412 1976 censetur,
1432 1949 1550 1977 regnum
1573 1940 1616 1969 sic
1639 1941 1774 1978 institui,

306 1995 339 2016 ut
356 1988 419 2017 Rex
441 1998 500 2019 non
523 1990 612 2018 libere
635 1992 725 2020 valeat
741 1992 886 2028 Populum
899 1991 1065 2029 Tyrannide
1085 1992 1265 2029 gubernare,
1288 1992 1366 2027 quod
1391 1993 1483 2020 solum
1506 1991 1537 2020 fit
1559 1992 1626 2020 dum
1644 1998 1771 2028 potestas

307 2038 384 2074 regia
410 2040 470 2075 lege
496 2040 616 2068 Pontica
633 2042 806 2071 cohibetur:
834 2042 938 2072 Gaude
960 2044 1069 2080 igitur,
1093 2044 1228 2083 Princeps
1248 2045 1366 2082 optime,
1389 2044 1471 2071 talem
1487 2051 1550 2071 esse
1570 2045 1660 2079 legem
1680 2042 1775 2079 Regni

301 2090 330 2117 in
351 2097 408 2123 quo
435 2089 485 2118 Tu
507 2099 694 2120 successurus
717 2102 769 2128 es,
794 2093 859 2129 quia
879 2101 908 2123 et
933 2095 1020 2131 Tibi,
1043 2102 1071 2123 et
1096 2094 1228 2132 popum,
1251 2094 1312 2130 ipsa
1333 2093 1514 2122 securitatem
1536 2094 1694 2130 praestabit
1714 2102 1774 2123 non

301 2138 443 2169 minimam
479 2148 507 2168 et
540 2142 678 2172 solamen.
727 2143 793 2173 Tali
819 2145 900 2182 lege,
929 2152 962 2175 ut
990 2146 1061 2175 dicit
1086 2146 1160 2176 idem
1188 2146 1333 2182 Sanctus,
1362 2145 1520 2181 regulatum
1547 2144 1652 2174 fuisset
1682 2150 1775 2173 totum

1723 2203 1773 2232 ge·
