<?xml version="1.0" encoding="UTF-8"?>
<!DOCTYPE html PUBLIC "-//W3C//DTD XHTML 1.0 Transitional//EN"
    "http://www.w3.org/TR/xhtml1/DTD/xhtml1-transitional.dtd">
<html xmlns="http://www.w3.org/1999/xhtml" xml:lang="en" lang="en">
 <head>
  <title>
</title>
<meta http-equiv="Content-Type" content="text/html;charset=utf-8" />
  <meta name='ocr-system' content='tesseract 3.04.00' />
  <meta name='ocr-capabilities' content='ocr_page ocr_carea ocr_par ocr_line ocrx_word'/>
</head>
<body>
  <div class='ocr_page' id='page_1' title='image "annalesacademiae24rijk_0069.png"; bbox 0 0 1919 2511; ppageno 0'>
   <div class='ocr_carea' id='block_1_1' title="bbox 662 117 1602 167">
    <p class='ocr_par' dir='ltr' id='par_1_1' title="bbox 662 117 1602 167">
     <span class='ocr_line' id='line_1_1' title="bbox 662 117 1602 167; baseline -0.02 -1"><span class='ocrx_word' id='word_1_1' title='bbox 662 124 1070 167; x_wconf 45' lang='lat' dir='ltr'>ORATIO,</span> <span class='ocrx_word' id='word_1_2' title='bbox 1208 140 1211 143; x_wconf 92' lang='lat'>-</span> <span class='ocrx_word' id='word_1_3' title='bbox 1556 117 1602 148; x_wconf 71' lang='lat'>&#39;25</span> 
     </span>
    </p>
   </div>
   <div class='ocr_carea' id='block_1_2' title="bbox 119 208 1621 1912">
    <p class='ocr_par' dir='ltr' id='par_1_2' title="bbox 119 208 1594 336">
     <span class='ocr_line' id='line_1_2' title="bbox 121 208 1594 279; baseline -0.02 -9"><span class='ocrx_word' id='word_1_4' title='bbox 121 235 239 279; x_wconf 77' lang='lat' dir='ltr'>dignus</span> <span class='ocrx_word' id='word_1_5' title='bbox 260 232 323 276; x_wconf 77' lang='lat' dir='ltr'>sit,</span> <span class='ocrx_word' id='word_1_6' title='bbox 345 231 412 266; x_wconf 89' lang='lat' dir='ltr'>hoc</span> <span class='ocrx_word' id='word_1_7' title='bbox 431 237 569 263; x_wconf 87' lang='lat' dir='ltr'>munere</span> <span class='ocrx_word' id='word_1_8' title='bbox 592 227 627 260; x_wconf 91' lang='lat' dir='ltr'>in</span> <span class='ocrx_word' id='word_1_9' title='bbox 651 224 734 258; x_wconf 85' lang='lat' dir='ltr'>urbe</span> <span class='ocrx_word' id='word_1_10' title='bbox 750 221 853 257; x_wconf 88' lang='lat' dir='ltr'>natali</span> <span class='ocrx_word' id='word_1_11' title='bbox 870 220 1005 254; x_wconf 88' lang='lat' dir='ltr'>functus</span> <span class='ocrx_word' id='word_1_12' title='bbox 1029 223 1079 252; x_wconf 83' lang='lat' dir='ltr'>est</span> <span class='ocrx_word' id='word_1_13' title='bbox 1106 226 1184 250; x_wconf 86' lang='lat' dir='ltr'>cum</span> <span class='ocrx_word' id='word_1_14' title='bbox 1210 213 1266 248; x_wconf 86' lang='lat' dir='ltr'>tali</span> <span class='ocrx_word' id='word_1_15' title='bbox 1288 211 1441 247; x_wconf 86' lang='lat' dir='ltr'>omnium</span> <span class='ocrx_word' id='word_1_16' title='bbox 1458 208 1594 254; x_wconf 79' lang='lat' dir='ltr'>applau-</span> 
     </span>
     <span class='ocr_line' id='line_1_3' title="bbox 119 281 779 336; baseline -0.021 -9"><span class='ocrx_word' id='word_1_17' title='bbox 119 303 184 336; x_wconf 81' lang='lat' dir='ltr'>su,</span> <span class='ocrx_word' id='word_1_18' title='bbox 206 291 265 336; x_wconf 75' lang='lat' dir='ltr'>vqui</span> <span class='ocrx_word' id='word_1_19' title='bbox 285 300 353 324; x_wconf 93' lang='lat' dir='ltr'>non</span> <span class='ocrx_word' id='word_1_20' title='bbox 384 287 450 321; x_wconf 84' lang='lat' dir='ltr'>nisi</span> <span class='ocrx_word' id='word_1_21' title='bbox 463 283 585 330; x_wconf 78' lang='lat' dir='ltr'>&#39;paucis</span> <span class='ocrx_word' id='word_1_22' title='bbox 612 281 779 325; x_wconf 84' lang='lat' dir='ltr'>contingit.</span> 
     </span>
    </p>

    <p class='ocr_par' dir='ltr' id='par_1_3' title="bbox 122 321 1602 562">
     <span class='ocr_line' id='line_1_4' title="bbox 187 321 1598 385; baseline -0.021 -4"><span class='ocrx_word' id='word_1_23' title='bbox 187 346 360 382; x_wconf 83' lang='lat' dir='ltr'>Eximium</span> <span class='ocrx_word' id='word_1_24' title='bbox 381 354 459 379; x_wconf 88' lang='lat' dir='ltr'>vero</span> <span class='ocrx_word' id='word_1_25' title='bbox 489 341 594 385; x_wconf 85' lang='lat' dir='ltr'>ipsius</span> <span class='ocrx_word' id='word_1_26' title='bbox 616 339 786 383; x_wconf 73' lang='lat' dir='ltr'>ingenium</span> <span class='ocrx_word' id='word_1_27' title='bbox 811 337 883 371; x_wconf 83' lang='lat' dir='ltr'>aliis</span> <span class='ocrx_word' id='word_1_28' title='bbox 908 335 1012 378; x_wconf 83' lang='lat' dir='ltr'>iisque</span> <span class='ocrx_word' id='word_1_29' title='bbox 1040 342 1108 366; x_wconf 90' lang='lat' dir='ltr'>non</span> <span class='ocrx_word' id='word_1_30' title='bbox 1147 327 1287 362; x_wconf 82' lang='lat' dir='ltr'>minoris</span> <span class='ocrx_word' id='word_1_31' title='bbox 1316 323 1477 359; x_wconf 83' lang='lat' dir='ltr'>momenti</span> <span class='ocrx_word' id='word_1_32' title='bbox 1498 321 1598 354; x_wconf 85' lang='lat' dir='ltr'>rebus</span> 
     </span>
     <span class='ocr_line' id='line_1_5' title="bbox 122 378 1599 444; baseline -0.021 -5"><span class='ocrx_word' id='word_1_33' title='bbox 122 407 194 439; x_wconf 77' lang='lat' dir='ltr'>erat</span> <span class='ocrx_word' id='word_1_34' title='bbox 217 404 439 441; x_wconf 83' lang='lat' dir='ltr'>destinatum3</span> <span class='ocrx_word' id='word_1_35' title='bbox 463 404 494 432; x_wconf 90' lang='lat' dir='ltr'>et</span> <span class='ocrx_word' id='word_1_36' title='bbox 516 396 580 430; x_wconf 86' lang='lat' dir='ltr'>sibi</span> <span class='ocrx_word' id='word_1_37' title='bbox 610 398 679 444; x_wconf 81' lang='lat' dir='ltr'>jam</span> <span class='ocrx_word' id='word_1_38' title='bbox 705 400 836 428; x_wconf 79' lang='lat' dir='ltr'><strong>tantam</strong></span> <span class='ocrx_word' id='word_1_39' title='bbox 860 394 1036 437; x_wconf 87' lang='lat' dir='ltr'>paraverat</span> <span class='ocrx_word' id='word_1_40' title='bbox 1065 388 1214 426; x_wconf 78' lang='lat' dir='ltr'>famam,</span> <span class='ocrx_word' id='word_1_41' title='bbox 1246 390 1282 416; x_wconf 88' lang='lat' dir='ltr'>ut</span> <span class='ocrx_word' id='word_1_42' title='bbox 1307 392 1396 415; x_wconf 82' lang='lat' dir='ltr'>anno</span> <span class='ocrx_word' id='word_1_43' title='bbox 1422 379 1537 412; x_wconf 83' lang='lat' dir='ltr'>aetatis</span> <span class='ocrx_word' id='word_1_44' title='bbox 1552 378 1599 411; x_wconf 88' lang='lat' dir='ltr'>vi-</span> 
     </span>
     <span class='ocr_line' id='line_1_6' title="bbox 124 435 1602 506; baseline -0.02 -11"><span class='ocrx_word' id='word_1_45' title='bbox 124 462 248 506; x_wconf 82' lang='lat' dir='ltr'>gesimo</span> <span class='ocrx_word' id='word_1_46' title='bbox 275 458 425 492; x_wconf 77' lang='lat' dir='ltr'>‘secundo</span> <span class='ocrx_word' id='word_1_47' title='bbox 452 458 487 490; x_wconf 90' lang='lat' dir='ltr'>in</span> <span class='ocrx_word' id='word_1_48' title='bbox 517 453 733 488; x_wconf 64' lang='lat' dir='ltr'>Academiam</span> <span class='ocrx_word' id='word_1_49' title='bbox 752 449 1058 484; x_wconf 85' lang='lat' dir='ltr'>Harderovicenam</span> <span class='ocrx_word' id='word_1_50' title='bbox 1087 446 1300 482; x_wconf 78' lang='lat' dir='ltr'>evocaretur,</span> <span class='ocrx_word' id='word_1_51' title='bbox 1321 435 1602 481; x_wconf 81' lang='lat' dir='ltr'>Jurisprudentiae</span> 
     </span>
     <span class='ocr_line' id='line_1_7' title="bbox 127 513 524 562; baseline -0.02 -10"><span class='ocrx_word' id='word_1_52' title='bbox 127 517 308 552; x_wconf 80' lang='lat' dir='ltr'>tradendae</span> <span class='ocrx_word' id='word_1_53' title='bbox 326 520 427 548; x_wconf 84' lang='lat' dir='ltr'>causa</span> <span class='ocrx_word' id='word_1_54' title='bbox 452 513 524 562; x_wconf 85' lang='lat'>(0).</span> 
     </span>
    </p>

    <p class='ocr_par' dir='ltr' id='par_1_4' title="bbox 125 550 1600 669">
     <span class='ocr_line' id='line_1_8' title="bbox 190 550 1600 610; baseline -0.022 0"><span class='ocrx_word' id='word_1_55' title='bbox 190 575 258 609; x_wconf 91' lang='lat' dir='ltr'>Hic</span> <span class='ocrx_word' id='word_1_56' title='bbox 276 574 319 608; x_wconf 88' lang='lat' dir='ltr'>ab</span> <span class='ocrx_word' id='word_1_57' title='bbox 338 573 431 607; x_wconf 88' lang='lat' dir='ltr'>omni</span> <span class='ocrx_word' id='word_1_58' title='bbox 450 581 534 604; x_wconf 83' lang='lat' dir='ltr'>cura</span> <span class='ocrx_word' id='word_1_59' title='bbox 551 568 653 610; x_wconf 87' lang='lat' dir='ltr'>liber,</span> <span class='ocrx_word' id='word_1_60' title='bbox 676 572 764 601; x_wconf 87' lang='lat' dir='ltr'>totus</span> <span class='ocrx_word' id='word_1_61' title='bbox 791 575 827 598; x_wconf 89' lang='lat' dir='ltr'>se</span> <span class='ocrx_word' id='word_1_62' title='bbox 854 561 955 598; x_wconf 86' lang='lat' dir='ltr'>literis</span> <span class='ocrx_word' id='word_1_63' title='bbox 981 558 1070 593; x_wconf 80' lang='lat' dir='ltr'>dedit</span> <span class='ocrx_word' id='word_1_64' title='bbox 1082 583 1091 600; x_wconf 94' lang='lat'>‚</span> <span class='ocrx_word' id='word_1_65' title='bbox 1111 563 1209 601; x_wconf 86' lang='lat' dir='ltr'>atque</span> <span class='ocrx_word' id='word_1_66' title='bbox 1238 550 1442 588; x_wconf 85' lang='lat' dir='ltr'>Professoris</span> <span class='ocrx_word' id='word_1_67' title='bbox 1473 555 1600 582; x_wconf 86' lang='lat' dir='ltr'>munus</span> 
     </span>
     <span class='ocr_line' id='line_1_9' title="bbox 125 612 1425 669; baseline -0.019 -3"><span class='ocrx_word' id='word_1_68' title='bbox 125 642 262 666; x_wconf 86' lang='lat' dir='ltr'>summo</span> <span class='ocrx_word' id='word_1_69' title='bbox 284 641 361 664; x_wconf 88' lang='lat' dir='ltr'>cum</span> <span class='ocrx_word' id='word_1_70' title='bbox 384 629 532 669; x_wconf 84' lang='lat' dir='ltr'>honore,</span> <span class='ocrx_word' id='word_1_71' title='bbox 556 635 689 659; x_wconf 87' lang='lat' dir='ltr'>summa</span> <span class='ocrx_word' id='word_1_72' title='bbox 712 634 791 657; x_wconf 89' lang='lat' dir='ltr'>oum</span> <span class='ocrx_word' id='word_1_73' title='bbox 813 620 911 655; x_wconf 89' lang='lat' dir='ltr'>laude</span> <span class='ocrx_word' id='word_1_74' title='bbox 924 643 934 661; x_wconf 93' lang='lat'>‚</span> <span class='ocrx_word' id='word_1_75' title='bbox 960 628 1021 662; x_wconf 90' lang='lat' dir='ltr'>per</span> <span class='ocrx_word' id='word_1_76' title='bbox 1043 621 1117 649; x_wconf 86' lang='lat' dir='ltr'>octo</span> <span class='ocrx_word' id='word_1_77' title='bbox 1136 622 1243 647; x_wconf 89' lang='lat' dir='ltr'>annos</span> <span class='ocrx_word' id='word_1_78' title='bbox 1259 612 1425 645; x_wconf 74' lang='lat' dir='ltr'>sustinuit.</span> 
     </span>
    </p>

    <p class='ocr_par' dir='ltr' id='par_1_5' title="bbox 127 663 1607 900">
     <span class='ocr_line' id='line_1_10' title="bbox 186 663 1603 730; baseline -0.02 -9"><span class='ocrx_word' id='word_1_79' title='bbox 186 681 286 730; x_wconf 79' lang='lat' dir='ltr'>Quid</span> <span class='ocrx_word' id='word_1_80' title='bbox 304 688 415 730; x_wconf 86' lang='lat' dir='ltr'>itaque</span> <span class='ocrx_word' id='word_1_81' title='bbox 432 685 575 725; x_wconf 90' lang='lat' dir='ltr'>mirum,</span> <span class='ocrx_word' id='word_1_82' title='bbox 597 683 625 714; x_wconf 92' lang='lat' dir='ltr'>si</span> <span class='ocrx_word' id='word_1_83' title='bbox 648 679 735 714; x_wconf 86' lang='lat' dir='ltr'>illius</span> <span class='ocrx_word' id='word_1_84' title='bbox 755 674 958 714; x_wconf 82' lang='lat' dir='ltr'>Academiae</span> <span class='ocrx_word' id='word_1_85' title='bbox 983 672 1212 706; x_wconf 87' lang='lat' dir='ltr'>Moderatores</span> <span class='ocrx_word' id='word_1_86' title='bbox 1240 669 1378 702; x_wconf 88' lang='lat' dir='ltr'>minime</span> <span class='ocrx_word' id='word_1_87' title='bbox 1408 663 1603 698; x_wconf 82' lang='lat' dir='ltr'>dubitarunt</span> 
     </span>
     <span class='ocr_line' id='line_1_11' title="bbox 127 721 1607 791; baseline -0.02 -12"><span class='ocrx_word' id='word_1_88' title='bbox 127 745 232 791; x_wconf 83' lang='lat' dir='ltr'>ipsius</span> <span class='ocrx_word' id='word_1_89' title='bbox 245 745 364 777; x_wconf 85' lang='lat' dir='ltr'>merita</span> <span class='ocrx_word' id='word_1_90' title='bbox 381 742 492 785; x_wconf 79' lang='lat' dir='ltr'>palam</span> <span class='ocrx_word' id='word_1_91' title='bbox 513 748 709 783; x_wconf 82' lang='lat' dir='ltr'>agnoscere,</span> <span class='ocrx_word' id='word_1_92' title='bbox 733 736 871 780; x_wconf 86' lang='lat' dir='ltr'>quippe,</span> <span class='ocrx_word' id='word_1_93' title='bbox 893 741 972 765; x_wconf 90' lang='lat' dir='ltr'>cum</span> <span class='ocrx_word' id='word_1_94' title='bbox 991 738 1116 764; x_wconf 88' lang='lat' dir='ltr'>vacans</span> <span class='ocrx_word' id='word_1_95' title='bbox 1134 725 1292 760; x_wconf 76' lang='lat' dir='ltr'>cathedra</span> <span class='ocrx_word' id='word_1_96' title='bbox 1314 725 1348 757; x_wconf 89' lang='lat' dir='ltr'>in</span> <span class='ocrx_word' id='word_1_97' title='bbox 1366 721 1536 755; x_wconf 86' lang='lat' dir='ltr'>Facultate</span> <span class='ocrx_word' id='word_1_98' title='bbox 1550 722 1607 750; x_wconf 79' lang='lat' dir='ltr'>Ju-</span> 
     </span>
     <span class='ocr_line' id='line_1_12' title="bbox 129 782 1606 838; baseline -0.021 -1"><span class='ocrx_word' id='word_1_99' title='bbox 129 802 231 836; x_wconf 78' lang='lat' dir='ltr'>ridica</span> <span class='ocrx_word' id='word_1_100' title='bbox 250 793 451 834; x_wconf 74' lang='lat' dir='ltr'>Academiae</span> <span class='ocrx_word' id='word_1_101' title='bbox 471 796 707 838; x_wconf 83' lang='lat' dir='ltr'>Groninganae</span> <span class='ocrx_word' id='word_1_102' title='bbox 729 799 912 823; x_wconf 69' lang='lat' dir='ltr'>Kssmrssno</span> <span class='ocrx_word' id='word_1_103' title='bbox 934 784 1135 820; x_wconf 78' lang='lat' dir='ltr'>offerebatur</span> <span class='ocrx_word' id='word_1_104' title='bbox 1146 807 1156 825; x_wconf 92' lang='lat'>,</span> <span class='ocrx_word' id='word_1_105' title='bbox 1181 792 1318 814; x_wconf 83' lang='lat' dir='ltr'>omnem</span> <span class='ocrx_word' id='word_1_106' title='bbox 1337 782 1499 812; x_wconf 58' lang='lat' dir='ltr'>nav-antes</span> <span class='ocrx_word' id='word_1_107' title='bbox 1521 784 1606 817; x_wconf 81' lang='lat' dir='ltr'>ope-</span> 
     </span>
     <span class='ocr_line' id='line_1_13' title="bbox 131 834 1423 900; baseline -0.019 -8"><span class='ocrx_word' id='word_1_108' title='bbox 131 869 205 892; x_wconf 86' lang='lat' dir='ltr'>ram</span> <span class='ocrx_word' id='word_1_109' title='bbox 219 883 228 900; x_wconf 88' lang='lat'>,</span> <span class='ocrx_word' id='word_1_110' title='bbox 252 863 289 890; x_wconf 91' lang='lat' dir='ltr'>ut</span> <span class='ocrx_word' id='word_1_111' title='bbox 308 855 388 888; x_wconf 87' lang='lat' dir='ltr'>huic</span> <span class='ocrx_word' id='word_1_112' title='bbox 406 849 591 887; x_wconf 80' lang='lat' dir='ltr'>evocationj</span> <span class='ocrx_word' id='word_1_113' title='bbox 614 847 844 887; x_wconf 88' lang='lat' dir='ltr'>renunciaret;</span> <span class='ocrx_word' id='word_1_114' title='bbox 869 844 923 879; x_wconf 87' lang='lat' dir='ltr'>cui</span> <span class='ocrx_word' id='word_1_115' title='bbox 940 848 1017 878; x_wconf 85' lang='lat' dir='ltr'>voto</span> <span class='ocrx_word' id='word_1_116' title='bbox 1035 841 1137 874; x_wconf 86' lang='lat' dir='ltr'>etiam</span> <span class='ocrx_word' id='word_1_117' title='bbox 1153 842 1231 872; x_wconf 80' lang='lat' dir='ltr'>&#39;tum</span> <span class='ocrx_word' id='word_1_118' title='bbox 1255 834 1423 870; x_wconf 79' lang='lat' dir='ltr'>satiSfecit.</span> 
     </span>
    </p>

    <p class='ocr_par' dir='ltr' id='par_1_6' title="bbox 132 891 1613 1245">
     <span class='ocr_line' id='line_1_14' title="bbox 195 891 1606 950; baseline -0.022 -1"><span class='ocrx_word' id='word_1_119' title='bbox 195 916 332 950; x_wconf 86' lang='lat' dir='ltr'>Interim</span> <span class='ocrx_word' id='word_1_120' title='bbox 359 908 630 945; x_wconf 80' lang='lat' dir='ltr'>desideratissimi</span> <span class='ocrx_word' id='word_1_121' title='bbox 653 908 689 939; x_wconf 84' lang='lat' dir='ltr'>in</span> <span class='ocrx_word' id='word_1_122' title='bbox 713 904 883 938; x_wconf 83' lang='lat' dir='ltr'>Athenaeo</span> <span class='ocrx_word' id='word_1_123' title='bbox 903 896 1205 934; x_wconf 86' lang='lat' dir='ltr'>Amstelodamensi</span> <span class='ocrx_word' id='word_1_124' title='bbox 1221 891 1443 937; x_wconf 86' lang='lat' dir='ltr'>praeceptoris</span> <span class='ocrx_word' id='word_1_125' title='bbox 1469 898 1606 921; x_wconf 61' lang='lat' dir='ltr'>cniss1</span> 
     </span>
     <span class='ocr_line' id='line_1_15' title="bbox 133 942 1607 1014; baseline -0.023 -6"><span class='ocrx_word' id='word_1_126' title='bbox 133 972 240 1014; x_wconf 56' lang='grc' dir='ltr'>τ’τῐΐθε,</span> <span class='ocrx_word' id='word_1_127' title='bbox 263 970 305 1004; x_wconf 83' lang='grc'>01)</span> <span class='ocrx_word' id='word_1_128' title='bbox 337 958 625 1012; x_wconf 79' lang='lat' dir='ltr'>ingravescentem</span> <span class='ocrx_word' id='word_1_129' title='bbox 653 966 796 995; x_wconf 86' lang='lat' dir='ltr'>aetatem</span> <span class='ocrx_word' id='word_1_130' title='bbox 822 959 934 991; x_wconf 86' lang='lat' dir='ltr'>minus</span> <span class='ocrx_word' id='word_1_131' title='bbox 962 965 1065 999; x_wconf 88' lang='lat' dir='ltr'>quam</span> <span class='ocrx_word' id='word_1_132' title='bbox 1092 957 1190 985; x_wconf 88' lang='lat' dir='ltr'>antea</span> <span class='ocrx_word' id='word_1_133' title='bbox 1218 959 1316 994; x_wconf 86' lang='lat' dir='ltr'>pares</span> <span class='ocrx_word' id='word_1_134' title='bbox 1339 945 1537 982; x_wconf 84' lang='lat' dir='ltr'>videbantur</span> <span class='ocrx_word' id='word_1_135' title='bbox 1564 942 1607 975; x_wconf 80' lang='lat' dir='ltr'>ad</span> 
     </span>
     <span class='ocr_line' id='line_1_16' title="bbox 133 1003 1533 1066; baseline -0.021 -3"><span class='ocrx_word' id='word_1_136' title='bbox 133 1025 363 1063; x_wconf 81' lang='lat' dir='ltr'>sustinendam</span> <span class='ocrx_word' id='word_1_137' title='bbox 379 1023 553 1066; x_wconf 78' lang='lat' dir='ltr'>debitoque</span> <span class='ocrx_word' id='word_1_138' title='bbox 577 1018 677 1053; x_wconf 88' lang='lat' dir='ltr'>modo</span> <span class='ocrx_word' id='word_1_139' title='bbox 705 1013 954 1060; x_wconf 80' lang='lat' dir='ltr'>exsequendam</span> <span class='ocrx_word' id='word_1_140' title='bbox 970 1011 1033 1055; x_wconf 78' lang='lat' dir='ltr'>ipsi</span> <span class='ocrx_word' id='word_1_141' title='bbox 1057 1007 1296 1042; x_wconf 81' lang='lat' dir='ltr'>demandatam</span> <span class='ocrx_word' id='word_1_142' title='bbox 1315 1003 1533 1048; x_wconf 85' lang='lat' dir='ltr'>provinciam.</span> 
     </span>
     <span class='ocr_line' id='line_1_17' title="bbox 144 1058 1608 1126; baseline -0.021 -6"><span class='ocrx_word' id='word_1_143' title='bbox 144 1079 147 1081; x_wconf 35' lang='lat'>¹</span> <span class='ocrx_word' id='word_1_144' title='bbox 198 1086 281 1119; x_wconf 83' lang='lat' dir='ltr'>Viro</span> <span class='ocrx_word' id='word_1_145' title='bbox 312 1085 422 1126; x_wconf 84' lang='lat' dir='ltr'>itaque</span> <span class='ocrx_word' id='word_1_146' title='bbox 455 1077 668 1112; x_wconf 79' lang='lat' dir='ltr'>celeberrimo</span> <span class='ocrx_word' id='word_1_147' title='bbox 699 1064 782 1108; x_wconf 84' lang='lat' dir='ltr'>nihil</span> <span class='ocrx_word' id='word_1_148' title='bbox 813 1071 935 1115; x_wconf 87' lang='lat' dir='ltr'>gratius</span> <span class='ocrx_word' id='word_1_149' title='bbox 950 1093 960 1110; x_wconf 91' lang='lat'>‚</span> <span class='ocrx_word' id='word_1_150' title='bbox 1000 1067 1082 1100; x_wconf 88' lang='lat' dir='ltr'>nihil</span> <span class='ocrx_word' id='word_1_151' title='bbox 1107 1064 1285 1109; x_wconf 80' lang='lat' dir='ltr'>optabilius</span> <span class='ocrx_word' id='word_1_152' title='bbox 1321 1060 1452 1095; x_wconf 88' lang='lat' dir='ltr'>evenire</span> <span class='ocrx_word' id='word_1_153' title='bbox 1481 1058 1608 1102; x_wconf 84' lang='lat' dir='ltr'>potuit,</span> 
     </span>
     <span class='ocr_line' id='line_1_18' title="bbox 132 1120 1613 1189; baseline -0.023 -10"><span class='ocrx_word' id='word_1_154' title='bbox 132 1154 235 1189; x_wconf 84' lang='lat' dir='ltr'>quam</span> <span class='ocrx_word' id='word_1_155' title='bbox 245 1142 294 1175; x_wconf 78' lang='lat' dir='ltr'>·&#39;1·1t</span> <span class='ocrx_word' id='word_1_156' title='bbox 309 1140 374 1185; x_wconf 91' lang='lat' dir='ltr'>ipsi</span> <span class='ocrx_word' id='word_1_157' title='bbox 394 1137 627 1181; x_wconf 80' lang='lat' dir='ltr'>adjungeretur</span> <span class='ocrx_word' id='word_1_158' title='bbox 642 1130 759 1176; x_wconf 84' lang='lat' dir='ltr'>aliquis</span> <span class='ocrx_word' id='word_1_159' title='bbox 770 1156 780 1174; x_wconf 91' lang='lat'>,</span> <span class='ocrx_word' id='word_1_160' title='bbox 803 1128 860 1172; x_wconf 84' lang='lat' dir='ltr'>qui</span> <span class='ocrx_word' id='word_1_161' title='bbox 876 1123 1105 1160; x_wconf 75' lang='lat' dir='ltr'>deficientibus</span> <span class='ocrx_word' id='word_1_162' title='bbox 1126 1120 1252 1157; x_wconf 85' lang='lat' dir='ltr'>viribus</span> <span class='ocrx_word' id='word_1_163' title='bbox 1271 1120 1499 1158; x_wconf 81' lang='lat' dir='ltr'>succurreret,</span> <span class='ocrx_word' id='word_1_164' title='bbox 1516 1123 1613 1147; x_wconf 84' lang='lat' dir='ltr'>eum-</span> 
     </span>
     <span class='ocr_line' id='line_1_19' title="bbox 135 1198 418 1245; baseline -0.021 -11"><span class='ocrx_word' id='word_1_165' title='bbox 135 1202 200 1245; x_wconf 72' lang='lat' dir='ltr'>que</span> <span class='ocrx_word' id='word_1_166' title='bbox 221 1198 418 1232; x_wconf 81' lang='lat' dir='ltr'>sublevaret.</span> 
     </span>
    </p>

    <p class='ocr_par' dir='ltr' id='par_1_7' title="bbox 137 1228 1613 1583">
     <span class='ocr_line' id='line_1_20' title="bbox 200 1228 1611 1294; baseline -0.021 -5"><span class='ocrx_word' id='word_1_167' title='bbox 200 1255 389 1291; x_wconf 43' lang='lat' dir='ltr'>Neminem*</span> <span class='ocrx_word' id='word_1_168' title='bbox 404 1262 483 1287; x_wconf 85' lang='lat' dir='ltr'>vero</span> <span class='ocrx_word' id='word_1_169' title='bbox 504 1249 570 1294; x_wconf 90' lang='lat' dir='ltr'>ipsi</span> <span class='ocrx_word' id='word_1_170' title='bbox 591 1248 693 1282; x_wconf 84' lang='lat' dir='ltr'>fuisse</span> <span class='ocrx_word' id='word_1_171' title='bbox 716 1245 879 1280; x_wconf 89' lang='lat' dir='ltr'>cariorem</span> <span class='ocrx_word' id='word_1_172' title='bbox 898 1251 1092 1277; x_wconf 77' lang='lat' dir='ltr'>KEMPERO</span> <span class='ocrx_word' id='word_1_173' title='bbox 1116 1248 1178 1271; x_wconf 87' lang='lat' dir='ltr'>suo</span> <span class='ocrx_word' id='word_1_174' title='bbox 1195 1261 1205 1279; x_wconf 91' lang='lat'>‚</span> <span class='ocrx_word' id='word_1_175' title='bbox 1228 1236 1301 1279; x_wconf 81' lang='lat' dir='ltr'>quis</span> <span class='ocrx_word' id='word_1_176' title='bbox 1320 1233 1469 1267; x_wconf 76' lang='lat' dir='ltr'>dubitet?</span> <span class='ocrx_word' id='word_1_177' title='bbox 1491 1230 1527 1264; x_wconf 85' lang='lat' dir='ltr'>in</span> <span class='ocrx_word' id='word_1_178' title='bbox 1545 1228 1611 1261; x_wconf 90' lang='lat' dir='ltr'>hoc</span> 
     </span>
     <span class='ocr_line' id='line_1_21' title="bbox 138 1284 1612 1355; baseline -0.021 -6"><span class='ocrx_word' id='word_1_179' title='bbox 138 1317 199 1349; x_wconf 76' lang='lat' dir='ltr'>suo</span> <span class='ocrx_word' id='word_1_180' title='bbox 235 1310 415 1355; x_wconf 84' lang='lat' dir='ltr'>discipulo,</span> <span class='ocrx_word' id='word_1_181' title='bbox 447 1318 547 1352; x_wconf 90' lang='lat' dir='ltr'>quem</span> <span class='ocrx_word' id='word_1_182' title='bbox 571 1311 711 1350; x_wconf 79' lang='lat' dir='ltr'>paterno</span> <span class='ocrx_word' id='word_1_183' title='bbox 741 1313 855 1336; x_wconf 86' lang='lat' dir='ltr'>amore</span> <span class='ocrx_word' id='word_1_184' title='bbox 886 1298 1169 1345; x_wconf 87' lang='lat' dir='ltr'>prosequebatur,</span> <span class='ocrx_word' id='word_1_185' title='bbox 1202 1293 1314 1338; x_wconf 63' lang='lat' dir='ltr'>quasiA</span> <span class='ocrx_word' id='word_1_186' title='bbox 1328 1290 1522 1326; x_wconf 79' lang='lat' dir='ltr'>reviviscere</span> <span class='ocrx_word' id='word_1_187' title='bbox 1549 1284 1612 1319; x_wconf 92' lang='lat' dir='ltr'>sibi</span> 
     </span>
     <span class='ocr_line' id='line_1_22' title="bbox 137 1369 319 1407; baseline -0.038 0"><span class='ocrx_word' id='word_1_188' title='bbox 137 1369 319 1407; x_wconf 87' lang='lat' dir='ltr'>videbatur.</span> 
     </span>
     <span class='ocr_line' id='line_1_23' title="bbox 147 1400 1613 1458; baseline -0.018 1"><span class='ocrx_word' id='word_1_189' title='bbox 147 1421 149 1423; x_wconf 39' lang='lat'><strong><em>¹</em></strong></span> <span class='ocrx_word' id='word_1_190' title='bbox 204 1423 367 1458; x_wconf 81' lang='lat' dir='ltr'>Athenaei</span> <span class='ocrx_word' id='word_1_191' title='bbox 391 1417 708 1455; x_wconf 83' lang='lat' dir='ltr'>Amstelodamensis</span> <span class='ocrx_word' id='word_1_192' title='bbox 738 1420 914 1450; x_wconf 78' lang='lat' dir='ltr'>Curatores</span> <span class='ocrx_word' id='word_1_193' title='bbox 939 1414 1046 1457; x_wconf 73' lang='lat' dir='ltr'>justae</span> <span class='ocrx_word' id='word_1_194' title='bbox 1072 1407 1221 1453; x_wconf 88' lang='lat' dir='ltr'>petitioni</span> <span class='ocrx_word' id='word_1_195' title='bbox 1244 1401 1426 1437; x_wconf 87' lang='lat' dir='ltr'>Clarissimi</span> <span class='ocrx_word' id='word_1_196' title='bbox 1458 1401 1530 1434; x_wconf 88' lang='lat' dir='ltr'>Viri</span> <span class='ocrx_word' id='word_1_197' title='bbox 1557 1400 1613 1433; x_wconf 89' lang='lat' dir='ltr'>lu-</span> 
     </span>
     <span class='ocr_line' id='line_1_24' title="bbox 139 1459 1608 1519; baseline -0.02 -2"><span class='ocrx_word' id='word_1_198' title='bbox 139 1483 258 1519; x_wconf 85' lang='lat' dir='ltr'>benter</span> <span class='ocrx_word' id='word_1_199' title='bbox 283 1477 521 1513; x_wconf 86' lang='lat' dir='ltr'>satisfacientes</span> <span class='ocrx_word' id='word_1_200' title='bbox 542 1501 552 1518; x_wconf 89' lang='lat'>‚</span> <span class='ocrx_word' id='word_1_201' title='bbox 585 1484 797 1506; x_wconf 80' lang='lat' dir='ltr'><strong>KEMPERUM</strong></span> <span class='ocrx_word' id='word_1_202' title='bbox 829 1470 1070 1513; x_wconf 85' lang='lat' dir='ltr'>designarunt,</span> <span class='ocrx_word' id='word_1_203' title='bbox 1104 1464 1161 1507; x_wconf 89' lang='lat' dir='ltr'>qui</span> <span class='ocrx_word' id='word_1_204' title='bbox 1188 1459 1409 1494; x_wconf 79' lang='lat' dir='ltr'>celeberrimo</span> <span class='ocrx_word' id='word_1_205' title='bbox 1446 1467 1608 1489; x_wconf 74' lang='lat' dir='ltr'>anssm</span> 
     </span>
     <span class='ocr_line' id='line_1_25' title="bbox 141 1526 995 1583; baseline -0.019 -10"><span class='ocrx_word' id='word_1_206' title='bbox 141 1539 373 1583; x_wconf 76' lang='lat' dir='ltr'>adjungeretur</span> <span class='ocrx_word' id='word_1_207' title='bbox 385 1559 394 1576; x_wconf 93' lang='lat'>‚</span> <span class='ocrx_word' id='word_1_208' title='bbox 418 1533 513 1577; x_wconf 88' lang='lat' dir='ltr'>eique</span> <span class='ocrx_word' id='word_1_209' title='bbox 534 1532 690 1574; x_wconf 87' lang='lat' dir='ltr'>deinceps</span> <span class='ocrx_word' id='word_1_210' title='bbox 705 1527 897 1562; x_wconf 84' lang='lat' dir='ltr'>succederet</span> <span class='ocrx_word' id='word_1_211' title='bbox 916 1526 995 1569; x_wconf 80' lang='lat' dir='ltr'>(p).</span> 
     </span>
    </p>

    <p class='ocr_par' dir='ltr' id='par_1_8' title="bbox 143 1569 1621 1912">
     <span class='ocr_line' id='line_1_26' title="bbox 211 1569 1619 1628; baseline -0.018 -1"><span class='ocrx_word' id='word_1_212' title='bbox 211 1597 286 1628; x_wconf 88' lang='lat' dir='ltr'>Hac</span> <span class='ocrx_word' id='word_1_213' title='bbox 305 1591 495 1626; x_wconf 82' lang='lat' dir='ltr'>evocatione</span> <span class='ocrx_word' id='word_1_214' title='bbox 512 1588 622 1621; x_wconf 87' lang='lat' dir='ltr'>denuo</span> <span class='ocrx_word' id='word_1_215' title='bbox 637 1586 672 1619; x_wconf 90' lang='lat' dir='ltr'>in</span> <span class='ocrx_word' id='word_1_216' title='bbox 693 1584 934 1619; x_wconf 84' lang='lat' dir='ltr'>dubitationem</span> <span class='ocrx_word' id='word_1_217' title='bbox 948 1580 1112 1615; x_wconf 88' lang='lat' dir='ltr'>adductus</span> <span class='ocrx_word' id='word_1_218' title='bbox 1129 1584 1196 1619; x_wconf 74' lang='lat' dir='ltr'>est3</span> <span class='ocrx_word' id='word_1_219' title='bbox 1220 1575 1261 1610; x_wconf 89' lang='lat' dir='ltr'>ab</span> <span class='ocrx_word' id='word_1_220' title='bbox 1289 1585 1357 1608; x_wconf 88' lang='lat' dir='ltr'>una</span> <span class='ocrx_word' id='word_1_221' title='bbox 1374 1574 1468 1617; x_wconf 85' lang='lat' dir='ltr'>parte</span> <span class='ocrx_word' id='word_1_222' title='bbox 1484 1570 1519 1603; x_wconf 90' lang='lat' dir='ltr'>in</span> <span class='ocrx_word' id='word_1_223' title='bbox 1533 1569 1619 1603; x_wconf 84' lang='lat' dir='ltr'>Aca-</span> 
     </span>
     <span class='ocr_line' id='line_1_27' title="bbox 146 1627 1619 1686; baseline -0.018 -1"><span class='ocrx_word' id='word_1_224' title='bbox 146 1652 256 1686; x_wconf 78' lang='lat' dir='ltr'>demia</span> <span class='ocrx_word' id='word_1_225' title='bbox 278 1647 548 1682; x_wconf 82' lang='lat' dir='ltr'>Harderovicena</span> <span class='ocrx_word' id='word_1_226' title='bbox 567 1654 587 1676; x_wconf 90' lang='lat' dir='ltr'>a</span> <span class='ocrx_word' id='word_1_227' title='bbox 607 1642 754 1676; x_wconf 84' lang='lat' dir='ltr'>studiosa</span> <span class='ocrx_word' id='word_1_228' title='bbox 770 1643 938 1684; x_wconf 85' lang='lat' dir='ltr'>juventute</span> <span class='ocrx_word' id='word_1_229' title='bbox 962 1647 1097 1670; x_wconf 87' lang='lat' dir='ltr'>summo</span> <span class='ocrx_word' id='word_1_230' title='bbox 1116 1637 1151 1668; x_wconf 85' lang='lat' dir='ltr'>in</span> <span class='ocrx_word' id='word_1_231' title='bbox 1171 1635 1298 1667; x_wconf 85' lang='lat' dir='ltr'>honore</span> <span class='ocrx_word' id='word_1_232' title='bbox 1318 1629 1505 1664; x_wconf 83' lang='lat' dir='ltr'>habebatur</span> <span class='ocrx_word' id='word_1_233' title='bbox 1511 1640 1521 1668; x_wconf 85' lang='lat'><em>3</em></span> <span class='ocrx_word' id='word_1_234' title='bbox 1544 1627 1619 1659; x_wconf 87' lang='lat' dir='ltr'>Col-</span> 
     </span>
     <span class='ocr_line' id='line_1_28' title="bbox 143 1685 1620 1754; baseline -0.02 -11"><span class='ocrx_word' id='word_1_235' title='bbox 143 1708 222 1754; x_wconf 83' lang='lat' dir='ltr'>legis</span> <span class='ocrx_word' id='word_1_236' title='bbox 237 1732 247 1750; x_wconf 93' lang='lat'>,</span> <span class='ocrx_word' id='word_1_237' title='bbox 268 1706 360 1741; x_wconf 88' lang='lat' dir='ltr'>Viris</span> <span class='ocrx_word' id='word_1_238' title='bbox 383 1701 600 1742; x_wconf 80' lang='lat' dir='ltr'>Clarissimi5‚</span> <span class='ocrx_word' id='word_1_239' title='bbox 627 1700 763 1733; x_wconf 85' lang='lat' dir='ltr'>intimae</span> <span class='ocrx_word' id='word_1_240' title='bbox 787 1695 951 1730; x_wconf 83' lang='lat' dir='ltr'>amicitiae</span> <span class='ocrx_word' id='word_1_241' title='bbox 973 1691 1116 1729; x_wconf 75' lang='lat' dir='ltr'>vinculis</span> <span class='ocrx_word' id='word_1_242' title='bbox 1140 1696 1212 1724; x_wconf 89' lang='lat' dir='ltr'>erat</span> <span class='ocrx_word' id='word_1_243' title='bbox 1239 1690 1453 1731; x_wconf 79' lang='lat' dir='ltr'>conjunctus5</span> <span class='ocrx_word' id='word_1_244' title='bbox 1476 1689 1508 1716; x_wconf 91' lang='lat' dir='ltr'>et</span> <span class='ocrx_word' id='word_1_245' title='bbox 1530 1685 1620 1716; x_wconf 90' lang='lat' dir='ltr'>Aca—</span> 
     </span>
     <span class='ocr_line' id='line_1_29' title="bbox 147 1745 1620 1801; baseline -0.017 -4"><span class='ocrx_word' id='word_1_246' title='bbox 147 1763 277 1799; x_wconf 87' lang='lat' dir='ltr'>demiae</span> <span class='ocrx_word' id='word_1_247' title='bbox 296 1764 474 1795; x_wconf 77' lang='lat' dir='ltr'>Curatores</span> <span class='ocrx_word' id='word_1_248' title='bbox 496 1758 598 1801; x_wconf 87' lang='lat' dir='ltr'>ipsius</span> <span class='ocrx_word' id='word_1_249' title='bbox 616 1757 738 1788; x_wconf 85' lang='lat' dir='ltr'>merita</span> <span class='ocrx_word' id='word_1_250' title='bbox 755 1756 841 1797; x_wconf 87' lang='lat' dir='ltr'>justo</span> <span class='ocrx_word' id='word_1_251' title='bbox 859 1751 1080 1787; x_wconf 82' lang='lat' dir='ltr'>aestimabant</span> <span class='ocrx_word' id='word_1_252' title='bbox 1096 1749 1212 1793; x_wconf 85' lang='lat' dir='ltr'>pretio.</span> <span class='ocrx_word' id='word_1_253' title='bbox 1243 1745 1295 1779; x_wconf 89' lang='lat' dir='ltr'>Ab</span> <span class='ocrx_word' id='word_1_254' title='bbox 1313 1745 1433 1784; x_wconf 84' lang='lat' dir='ltr'>altera,</span> <span class='ocrx_word' id='word_1_255' title='bbox 1455 1746 1620 1774; x_wconf 88' lang='lat' dir='ltr'>aestuma-</span> 
     </span>
     <span class='ocr_line' id='line_1_30' title="bbox 150 1796 1615 1862; baseline -0.019 -7"><span class='ocrx_word' id='word_1_256' title='bbox 150 1821 269 1856; x_wconf 79' lang='lat' dir='ltr'>tissimi</span> <span class='ocrx_word' id='word_1_257' title='bbox 297 1815 518 1862; x_wconf 80' lang='lat' dir='ltr'>praeceptoris</span> <span class='ocrx_word' id='word_1_258' title='bbox 547 1814 619 1855; x_wconf 85' lang='lat' dir='ltr'>sui,</span> <span class='ocrx_word' id='word_1_259' title='bbox 646 1813 700 1846; x_wconf 86' lang='lat' dir='ltr'>cui</span> <span class='ocrx_word' id='word_1_260' title='bbox 721 1811 834 1844; x_wconf 90' lang='lat' dir='ltr'>omnia</span> <span class='ocrx_word' id='word_1_261' title='bbox 851 1808 1014 1849; x_wconf 80' lang='lat' dir='ltr'>debebat,</span> <span class='ocrx_word' id='word_1_262' title='bbox 1037 1804 1200 1839; x_wconf 85' lang='lat' dir='ltr'>desiderio</span> <span class='ocrx_word' id='word_1_263' title='bbox 1222 1813 1292 1836; x_wconf 87' lang='lat' dir='ltr'>non</span> <span class='ocrx_word' id='word_1_264' title='bbox 1316 1799 1527 1839; x_wconf 84' lang='lat' dir='ltr'>satisfacere,</span> <span class='ocrx_word' id='word_1_265' title='bbox 1551 1796 1615 1840; x_wconf 87' lang='lat' dir='ltr'>ipsi</span> 
     </span>
     <span class='ocr_line' id='line_1_31' title="bbox 150 1851 1621 1912; baseline -0.02 0"><span class='ocrx_word' id='word_1_266' title='bbox 150 1877 244 1912; x_wconf 89' lang='lat' dir='ltr'>nefas</span> <span class='ocrx_word' id='word_1_267' title='bbox 269 1874 455 1910; x_wconf 80' lang='lat' dir='ltr'>videbatur.</span> <span class='ocrx_word' id='word_1_268' title='bbox 501 1869 629 1903; x_wconf 87' lang='lat' dir='ltr'>Annuit</span> <span class='ocrx_word' id='word_1_269' title='bbox 651 1870 762 1912; x_wconf 84' lang='lat' dir='ltr'>itaque</span> <span class='ocrx_word' id='word_1_270' title='bbox 779 1866 885 1907; x_wconf 81' lang='lat' dir='ltr'>votis,</span> <span class='ocrx_word' id='word_1_271' title='bbox 915 1864 1091 1906; x_wconf 72' lang='lat' dir='ltr'>relictaque</span> <span class='ocrx_word' id='word_1_272' title='bbox 1119 1858 1301 1894; x_wconf 68' lang='lat' dir='ltr'>Academia</span> <span class='ocrx_word' id='word_1_273' title='bbox 1327 1855 1477 1895; x_wconf 72' lang='lat' dir='ltr'>Gelrica,</span> <span class='ocrx_word' id='word_1_274' title='bbox 1499 1851 1621 1896; x_wconf 87' lang='lat' dir='ltr'>migra-</span> 
     </span>
    </p>
   </div>
   <div class='ocr_carea' id='block_1_3' title="bbox 130 1911 1609 2000">
    <p class='ocr_par' dir='ltr' id='par_1_9' title="bbox 130 1911 1609 2000">
     <span class='ocr_line' id='line_1_32' title="bbox 130 1911 1564 1977; baseline -0.02 -8"><span class='ocrx_word' id='word_1_275' title='bbox 130 1933 199 1977; x_wconf 55' lang='lat' dir='ltr'>„vit</span> <span class='ocrx_word' id='word_1_276' title='bbox 219 1941 338 1967; x_wconf 75' lang='lat' dir='ltr'>rursus</span> <span class='ocrx_word' id='word_1_277' title='bbox 364 1930 399 1963; x_wconf 85' lang='lat' dir='ltr'>in</span> <span class='ocrx_word' id='word_1_278' title='bbox 422 1926 541 1962; x_wconf 87' lang='lat' dir='ltr'>urbem</span> <span class='ocrx_word' id='word_1_279' title='bbox 566 1926 730 1967; x_wconf 87' lang='lat' dir='ltr'>natalem,</span> <span class='ocrx_word' id='word_1_280' title='bbox 761 1923 888 1967; x_wconf 87' lang='lat' dir='ltr'>sibique</span> <span class='ocrx_word' id='word_1_281' title='bbox 913 1919 1151 1954; x_wconf 87' lang='lat' dir='ltr'>demandatam</span> <span class='ocrx_word' id='word_1_282' title='bbox 1177 1914 1381 1960; x_wconf 87' lang='lat' dir='ltr'>provinciam</span> <span class='ocrx_word' id='word_1_283' title='bbox 1408 1911 1564 1954; x_wconf 88' lang='lat' dir='ltr'>suscepit.</span> 
     </span>
     <span class='ocr_line' id='line_1_33' title="bbox 1500 1968 1609 2000; baseline -0.018 -2"><span class='ocrx_word' id='word_1_284' title='bbox 1500 1968 1609 2000; x_wconf 73' lang='lat' dir='ltr'>Prae-j</span> 
     </span>
    </p>
   </div>
   <div class='ocr_carea' id='block_1_4' title="bbox 195 2069 1612 2160">
    <p class='ocr_par' dir='ltr' id='par_1_10' title="bbox 195 2069 1612 2160">
     <span class='ocr_line' id='line_1_34' title="bbox 195 2069 1255 2113; baseline -0.017 -6"><span class='ocrx_word' id='word_1_285' title='bbox 195 2085 242 2113; x_wconf 74' lang='lat'>(⁴0)</span> <span class='ocrx_word' id='word_1_286' title='bbox 259 2084 287 2106; x_wconf 92' lang='lat' dir='ltr'>D.</span> <span class='ocrx_word' id='word_1_287' title='bbox 308 2082 335 2105; x_wconf 67' lang='lat'>28</span> <span class='ocrx_word' id='word_1_288' title='bbox 349 2081 404 2104; x_wconf 79' lang='lat' dir='ltr'>Julii</span> <span class='ocrx_word' id='word_1_289' title='bbox 424 2082 492 2110; x_wconf 67' lang='lat'>1793·</span> <span class='ocrx_word' id='word_1_290' title='bbox 510 2079 651 2103; x_wconf 65' lang='lat' dir='ltr'>constitutus</span> <span class='ocrx_word' id='word_1_291' title='bbox 666 2082 702 2100; x_wconf 81' lang='lat' dir='ltr'>est</span> <span class='ocrx_word' id='word_1_292' title='bbox 719 2075 840 2100; x_wconf 57' lang='lat' dir='ltr'>Professor</span> <span class='ocrx_word' id='word_1_293' title='bbox 857 2073 915 2098; x_wconf 75' lang='lat' dir='ltr'>ord.</span> <span class='ocrx_word' id='word_1_294' title='bbox 931 2072 994 2097; x_wconf 77' lang='lat' dir='ltr'>Jun&#39;s</span> <span class='ocrx_word' id='word_1_295' title='bbox 1011 2070 1090 2094; x_wconf 66' lang='lat' dir='ltr'>Civili-s</span> <span class='ocrx_word' id='word_1_296' title='bbox 1107 2074 1130 2091; x_wconf 81' lang='lat' dir='ltr'>et</span> <span class='ocrx_word' id='word_1_297' title='bbox 1146 2069 1255 2090; x_wconf 71' lang='lat' dir='ltr'>Naturae.</span> 
     </span>
     <span class='ocr_line' id='line_1_35' title="bbox 196 2101 1612 2160; baseline -0.019 -9"><span class='ocrx_word' id='word_1_298' title='bbox 196 2129 244 2160; x_wconf 80' lang='lat' dir='ltr'>(p)</span> <span class='ocrx_word' id='word_1_299' title='bbox 259 2127 289 2150; x_wconf 86' lang='lat' dir='ltr'>Iu</span> <span class='ocrx_word' id='word_1_300' title='bbox 305 2125 394 2149; x_wconf 75' lang='lat' dir='ltr'>illustre</span> <span class='ocrx_word' id='word_1_301' title='bbox 409 2124 557 2147; x_wconf 70' lang='lat' dir='ltr'>Athenaeum</span> <span class='ocrx_word' id='word_1_302' title='bbox 569 2121 785 2145; x_wconf 72' lang='lat' dir='ltr'>Amstelodamense</span> <span class='ocrx_word' id='word_1_303' title='bbox 800 2123 911 2142; x_wconf 81' lang='lat' dir='ltr'>evocatus</span> <span class='ocrx_word' id='word_1_304' title='bbox 921 2122 955 2139; x_wconf 80' lang='lat' dir='ltr'>est</span> <span class='ocrx_word' id='word_1_305' title='bbox 978 2116 1017 2139; x_wconf 84' lang='lat' dir='ltr'>die</span> <span class='ocrx_word' id='word_1_306' title='bbox 1038 2123 1047 2140; x_wconf 87' lang='lat'>1</span> <span class='ocrx_word' id='word_1_307' title='bbox 1065 2113 1119 2144; x_wconf 81' lang='lat' dir='ltr'>Mnji</span> <span class='ocrx_word' id='word_1_308' title='bbox 1133 2110 1286 2140; x_wconf 82' lang='lat' dir='ltr'>1806‚titulo</span> <span class='ocrx_word' id='word_1_309' title='bbox 1293 2105 1433 2132; x_wconf 75' lang='lat' dir='ltr'>Professoris</span> <span class='ocrx_word' id='word_1_310' title='bbox 1442 2103 1505 2127; x_wconf 83' lang='lat' dir='ltr'>Juris</span> <span class='ocrx_word' id='word_1_311' title='bbox 1525 2101 1612 2126; x_wconf 72' lang='lat' dir='ltr'>Civilis-</span> 
     </span>
    </p>
   </div>
   <div class='ocr_carea' id='block_1_5' title="bbox 897 2163 950 2193">
    <p class='ocr_par' dir='ltr' id='par_1_11' title="bbox 897 2163 950 2193">
     <span class='ocr_line' id='line_1_36' title="bbox 897 2163 950 2193; baseline -0.019 0"><span class='ocrx_word' id='word_1_312' title='bbox 897 2163 931 2193; x_wconf 85' lang='lat' dir='ltr'>D</span> <span class='ocrx_word' id='word_1_313' title='bbox 947 2190 950 2192; x_wconf 88' lang='lat'>.</span> 
     </span>
    </p>
   </div>
  </div>
 </body>
</html>
